{"gold_per_floor":[113,113,129,142,153,153,183,183,254,254],"floor_reached":10,"playtime":312,"items_purged":[],"score":129,"play_id":"536c4198-a31f-4735-871a-aca434883968","local_time":"20190814180858","is_ascension_mode":true,"campfire_choices":[{"data":"Inflame","floor":6,"key":"SMITH"},{"data":"True Grit","floor":8,"key":"SMITH"}],"neow_cost":"NONE","seed_source_timestamp":47425116803800,"circlet_count":0,"master_deck":["AscendersBane","Strike_R","Strike_R","Strike_R","Strike_R","Strike_R","Defend_R","Defend_R","Defend_R","Defend_R","Bash+1","Iron Wave","Inflame","Inflame+1","Clothesline","True Grit+1"],"relics":["Burning Blood","Ice Cream","Paper Frog"],"potions_floor_usage":[5],"damage_taken":[{"damage":6,"enemies":"Cultist","floor":1,"turns":3},{"damage":4,"enemies":"2 Louse","floor":3,"turns":3},{"damage":4,"enemies":"Small Slimes","floor":4,"turns":3},{"damage":13,"enemies":"Exordium Thugs","floor":5,"turns":5},{"damage":60,"enemies":"3 Sentries","floor":7,"turns":12},{"damage":22,"enemies":"Gremlin Nob","floor":10,"turns":3}],"seed_played":"9109243676260287449","potions_obtained":[{"floor":4,"key":"Explosive Potion"},{"floor":7,"key":"Ancient Potion"}],"is_trial":false,"path_per_floor":["M","?","M","M","M","R","E","R","T","E"],"character_chosen":"IRONCLAD","items_purchased":[],"campfire_rested":0,"item_purchase_floors":[],"current_hp_per_floor":[75,75,77,79,72,72,18,18,18,0],"gold":254,"neow_bonus":"TEN_PERCENT_HP_BONUS","is_prod":false,"is_daily":false,"chose_seed":false,"campfire_upgraded":2,"win_rate":0,"timestamp":1565798938,"path_taken":["M","?","M","M","M","R","E","R","T","E"],"build_version":"2019-07-17","purchased_purges":0,"victory":false,"max_hp_per_floor":[82,82,82,82,82,82,82,82,82,82],"card_choices":[{"not_picked":["Perfected Strike","Corruption"],"picked":"Iron Wave","floor":1},{"not_picked":["Headbutt","Seeing Red"],"picked":"Inflame","floor":3},{"not_picked":["Cleave","Rage"],"picked":"Inflame","floor":4},{"not_picked":["Sword Boomerang","Bloodletting"],"picked":"Clothesline","floor":5},{"not_picked":["Rupture","Dual Wield"],"picked":"True Grit","floor":7}],"player_experience":1887305,"relics_obtained":[{"floor":7,"key":"Ice Cream"},{"floor":9,"key":"Paper Frog"}],"event_choices":[{"damage_healed":0,"gold_gain":0,"player_choice":"Forge","damage_taken":0,"max_hp_gain":0,"max_hp_loss":0,"event_name":"Accursed Blacksmith","floor":2,"gold_loss":0,"cards_upgraded":["Bash"]}],"is_beta":false,"boss_relics":[],"items_purged_floors":[],"is_endless":false,"potions_floor_spawned":[4,7],"killed_by":"Gremlin Nob","ascension_level":18}