{"gold_per_floor":[112,112,77,77,101,135,135,135,135,171,185,201,215,231,231,324,324,337,361,361],"floor_reached":20,"playtime":685,"items_purged":[],"score":411,"play_id":"a09c7e05-0ef6-4fac-bf09-d3efa680d5bc","local_time":"20190823142904","is_ascension_mode":true,"campfire_choices":[{"data":"Armaments","floor":7,"key":"SMITH"},{"data":"Whirlwind","floor":15,"key":"SMITH"}],"neow_cost":"NONE","seed_source_timestamp":811477252575000,"circlet_count":0,"master_deck":["AscendersBane","Strike_R","Strike_R","Strike_R","Strike_R","Strike_R","Defend_R","Defend_R+1","Defend_R+1","Defend_R","Bash","Armaments+1","Perfected Strike","Headbutt","Shockwave","Whirlwind+1","Shrug It Off","Flex","Spot Weakness","Double Tap","Metallicize","Iron Wave"],"relics":["Burning Blood","NeowsBlessing","Golden Idol","Anchor","Pocketwatch","Strawberry","Runic Pyramid"],"potions_floor_usage":[13,14,16],"damage_taken":[{"damage":0,"enemies":"Jaw Worm","floor":1,"turns":1},{"damage":0,"enemies":"Small Slimes","floor":5,"turns":1},{"damage":0,"enemies":"3 Sentries","floor":6,"turns":2},{"damage":27,"enemies":"Lagavulin","floor":10,"turns":6},{"damage":0,"enemies":"Cultist","floor":11,"turns":2},{"damage":0,"enemies":"Blue Slaver","floor":12,"turns":3},{"damage":0,"enemies":"Exordium Wildlife","floor":13,"turns":2},{"damage":0,"enemies":"3 Louse","floor":14,"turns":2},{"damage":45,"enemies":"The Guardian","floor":16,"turns":12},{"damage":25,"enemies":"Spheric Guardian","floor":18,"turns":7},{"damage":0,"enemies":"3 Byrds","floor":19,"turns":4},{"damage":71,"enemies":"Shelled Parasite and Fungi","floor":20,"turns":6}],"seed_played":"-5841297925678173542","potions_obtained":[{"floor":6,"key":"Fire Potion"},{"floor":11,"key":"Swift Potion"},{"floor":13,"key":"PowerPotion"},{"floor":14,"key":"Fruit Juice"}],"is_trial":false,"path_per_floor":["M","?","?","$","M","E","R","?","T","E","M","M","M","M","R","B",null,"M","M","M"],"character_chosen":"IRONCLAD","items_purchased":[],"campfire_rested":0,"item_purchase_floors":[],"current_hp_per_floor":[74,48,66,66,72,75,75,52,52,38,44,50,56,67,67,28,72,53,59,0],"gold":361,"neow_bonus":"THREE_ENEMY_KILL","is_prod":false,"is_daily":false,"chose_seed":false,"campfire_upgraded":2,"win_rate":0,"timestamp":1566563344,"path_taken":["M","?","?","$","M","E","R","?","T","E","M","?","M","M","R","BOSS","M","M","M"],"build_version":"2019-07-17","purchased_purges":0,"victory":false,"max_hp_per_floor":[75,75,75,75,75,75,75,75,75,82,82,82,82,87,87,87,87,87,87,87],"card_choices":[{"not_picked":["Corruption","Cleave"],"picked":"Armaments","floor":1},{"not_picked":["Reckless Charge","Sword Boomerang"],"picked":"Perfected Strike","floor":5},{"not_picked":["Shrug It Off","Twin Strike"],"picked":"Headbutt","floor":6},{"not_picked":["Body Slam","Anger"],"picked":"Shockwave","floor":10},{"not_picked":["Dual Wield","Headbutt"],"picked":"Whirlwind","floor":11},{"not_picked":["Heavy Blade","Rupture"],"picked":"Shrug It Off","floor":12},{"not_picked":["Battle Trance","Thunderclap"],"picked":"Flex","floor":13},{"not_picked":["Impervious","Twin Strike"],"picked":"Spot Weakness","floor":14},{"not_picked":["Immolate","Berserk"],"picked":"Double Tap","floor":16},{"not_picked":["Twin Strike","Armaments"],"picked":"Metallicize","floor":18},{"not_picked":["Wild Strike","Rupture"],"picked":"Iron Wave","floor":19}],"player_experience":1961518,"relics_obtained":[{"floor":6,"key":"Anchor"},{"floor":9,"key":"Pocketwatch"},{"floor":10,"key":"Strawberry"}],"event_choices":[{"damage_healed":0,"gold_gain":0,"player_choice":"Take Damage","damage_taken":26,"relics_obtained":["Golden Idol"],"max_hp_gain":0,"max_hp_loss":0,"event_name":"Golden Idol","floor":2,"gold_loss":0},{"damage_healed":18,"gold_gain":0,"player_choice":"Healed","damage_taken":0,"max_hp_gain":0,"max_hp_loss":0,"event_name":"The Cleric","floor":3,"gold_loss":35},{"damage_healed":0,"gold_gain":0,"player_choice":"Entered Light","damage_taken":23,"max_hp_gain":0,"max_hp_loss":0,"event_name":"Shining Light","floor":8,"gold_loss":0,"cards_upgraded":["Defend_R","Defend_R"]}],"is_beta":false,"boss_relics":[{"not_picked":["Black Star","Ectoplasm"],"picked":"Runic Pyramid"}],"items_purged_floors":[],"is_endless":false,"potions_floor_spawned":[6,11,13,14],"killed_by":"Shelled Parasite and Fungi","ascension_level":19}