{"gold_per_floor":[111,121,136,155,170,170,205,205,205,218,277,292,305,318,318,421,421,440,241,256,256,268,268,281,281,281,55,109,128,128,165,165,287,287,329,371,412,432,75,75,120,120,146,146,182,206,216,34,34,59],"floor_reached":51,"playtime":3067,"items_purged":["Strike_R","Strike_R","Defend_R","Berserk+1"],"score":671,"play_id":"0e2c5ec8-97f2-42fd-969e-2fca3e976a57","local_time":"20190916160545","is_ascension_mode":false,"campfire_choices":[{"data":"Immolate","floor":6.0,"key":"SMITH"},{"data":"Corruption","floor":15,"key":"SMITH"},{"data":"Shockwave","floor":23,"key":"SMITH"},{"data":"HandOfGreed","floor":30,"key":"SMITH"},{"data":"Battle Trance","floor":32,"key":"SMITH"},{"data":"True Grit","floor":40,"key":"SMITH"},{"data":"Flame Barrier","floor":42,"key":"SMITH"},{"data":"Body Slam","floor":49,"key":"SMITH"}],"neow_cost":"NONE","seed_source_timestamp":452880102341732,"circlet_count":0,"master_deck":["Defend_R","Defend_R","Bash+1","Shockwave+1","Shrug It Off","Corruption+1","Immolate+1","Inflame","Feel No Pain","Headbutt","Shrug It Off","Bludgeon","Battle Trance+1","HandOfGreed+1","Feel No Pain","Metallicize","Armaments+1","Reaper","Corruption+1","Brutality+1","Disarm+1","Evolve+1","Flame Barrier+1","True Grit+1","Battle Trance+1","Body Slam+1","Feel No Pain","Clothesline"],"special_seed":0,"relics":["Burning Blood","Smiling Mask","Blue Candle","Ornamental Fan","Tiny Chest","Snecko Eye","Vajra","Dream Catcher","Lizard Tail","Astrolabe","Mummified Hand","Toy Ornithopter","Happy Flower"],"potions_floor_usage":[14,27,33,50],"damage_taken":[{"damage":6.0,"enemies":"Cultist","floor":1.0,"turns":3.0},{"damage":1.0,"enemies":"2 Louse","floor":2.0,"turns":3.0},{"damage":6.0,"enemies":"Jaw Worm","floor":3.0,"turns":5.0},{"damage":6.0,"enemies":"2 Fungi Beasts","floor":4.0,"turns":5.0},{"damage":16.0,"enemies":"Gremlin Gang","floor":5.0,"turns":8.0},{"damage":0.0,"enemies":"3 Sentries","floor":7.0,"turns":1.0},{"damage":4.0,"enemies":"Red Slaver","floor":10.0,"turns":5.0},{"damage":4.0,"enemies":"Gremlin Nob","floor":11.0,"turns":3.0},{"damage":12.0,"enemies":"Exordium Thugs","floor":12.0,"turns":3.0},{"damage":19.0,"enemies":"Blue Slaver","floor":13.0,"turns":3.0},{"damage":9,"enemies":"Exordium Wildlife","floor":14,"turns":3},{"damage":27,"enemies":"Slime Boss","floor":16,"turns":11},{"damage":0,"enemies":"Spheric Guardian","floor":18,"turns":3},{"damage":0,"enemies":"Chosen","floor":20,"turns":3},{"damage":0,"enemies":"3 Cultists","floor":22,"turns":3},{"damage":15,"enemies":"Chosen and Byrds","floor":24,"turns":4},{"damage":8,"enemies":"Cultist and Chosen","floor":28,"turns":5},{"damage":0,"enemies":"Shelled Parasite and Fungi","floor":29,"turns":1},{"damage":0,"enemies":"Sentry and Sphere","floor":31,"turns":3},{"damage":46,"enemies":"Champ","floor":33,"turns":13},{"damage":15,"enemies":"Orb Walker","floor":35,"turns":3},{"damage":12,"enemies":"3 Darklings","floor":36,"turns":6},{"damage":26,"enemies":"4 Shapes","floor":37,"turns":3},{"damage":24,"enemies":"Writhing Mass","floor":38,"turns":4},{"damage":11,"enemies":"Spire Growth","floor":41,"turns":4},{"damage":10,"enemies":"Maw","floor":45,"turns":8},{"damage":0,"enemies":"Transient","floor":47,"turns":5},{"damage":23,"enemies":"Donu and Deca","floor":50,"turns":10}],"seed_played":"5302526853088825933","potions_obtained":[{"floor":1.0,"key":"DuplicationPotion"},{"floor":4.0,"key":"Swift Potion"},{"floor":5.0,"key":"GamblersBrew"},{"floor":10.0,"key":"EssenceOfSteel"},{"floor":13.0,"key":"SkillPotion"},{"floor":16,"key":"Energy Potion"},{"floor":25,"key":"Fruit Juice"},{"floor":29,"key":"EssenceOfSteel"},{"floor":36,"key":"BloodPotion"}],"is_trial":false,"path_per_floor":["M","M","M","M","M","R","E","?","T","M","E","M","M","M","R","B",null,"M","$","M","?","M","R","M","?","T","$","M","M","R","M","R","B",null,"M","M","M","M","$","R","M","R","T","?","M","T","M","$","R","B",null],"character_chosen":"IRONCLAD","items_purchased":["Vajra","HandOfGreed","Mummified Hand","True Grit","Feel No Pain","Clothesline"],"campfire_rested":0,"item_purchase_floors":[19,27,39,39,48,48],"current_hp_per_floor":[80,80,80,80,70,70,76,69,69,71,73,67,54,51,51,30,80,80,80,80,80,80,80,71,71,71,76,74,80,80,85,85,45,85,76,85,65,54,54,54,62,62,62,62,65,65,81,81,81,84],"gold":59,"neow_bonus":"UPGRADE_CARD","is_prod":false,"is_daily":false,"chose_seed":false,"campfire_upgraded":8,"win_rate":0,"timestamp":1568664345,"path_taken":["M","M","M","?","M","R","E","?","T","M","E","M","M","M","R","BOSS","M","$","M","?","M","R","M","?","T","$","M","M","R","M","R","BOSS","M","M","?","M","$","R","M","R","T","?","?","?","M","$","R","BOSS"],"build_version":"2019-09-12","purchased_purges":4,"victory":true,"max_hp_per_floor":[80,80,80,80,80,80,80,80,80,80,80,80,80,80,80,80,80,80,80,80,80,80,80,80,80,80,85,85,85,85,85,85,85,85,85,85,85,85,85,85,85,85,85,85,85,85,85,85,85,85],"card_choices":[{"not_picked":["Clothesline","Havoc"],"picked":"Shockwave","floor":1.0},{"not_picked":["Perfected Strike","Armaments"],"picked":"Shrug It Off","floor":3.0},{"not_picked":["Dual Wield","Thunderclap"],"picked":"Corruption","floor":4.0},{"not_picked":["Fire Breathing","Havoc"],"picked":"Immolate","floor":5.0},{"not_picked":["Flex","Perfected Strike","Anger"],"picked":"SKIP","floor":7.0},{"not_picked":["Entrench","Intimidate"],"picked":"Inflame","floor":10.0},{"not_picked":["Second Wind","Dual Wield"],"picked":"Feel No Pain","floor":11.0},{"not_picked":["Clash","Flex"],"picked":"Headbutt","floor":12.0},{"not_picked":["Headbutt","Armaments"],"picked":"Shrug It Off","floor":14},{"not_picked":["Berserk","Brutality"],"picked":"Bludgeon","floor":16},{"not_picked":["Clash+1","Power Through","Iron Wave"],"picked":"SKIP","floor":18},{"not_picked":["Clash","Twin Strike"],"picked":"Battle Trance","floor":20},{"not_picked":["Heavy Blade","Flex","Ghostly Armor"],"picked":"SKIP","floor":22},{"not_picked":["Anger","Wild Strike","Cleave"],"picked":"SKIP","floor":24},{"not_picked":["Corruption","Rage"],"picked":"Feel No Pain","floor":28},{"not_picked":["Power Through","Perfected Strike"],"picked":"Metallicize","floor":29},{"not_picked":["Corruption+1","Wild Strike+1"],"picked":"Armaments+1","floor":31},{"not_picked":["Dark Embrace","Fiend Fire"],"picked":"Reaper","floor":33},{"not_picked":["Shrug It Off+1","Fire Breathing+1"],"picked":"Disarm+1","floor":35},{"not_picked":["Twin Strike","Clash+1"],"picked":"Evolve+1","floor":36},{"not_picked":["Pummel+1","Sword Boomerang","Warcry"],"picked":"SKIP","floor":37},{"not_picked":["Body Slam+1","Pummel+1"],"picked":"Flame Barrier","floor":38},{"not_picked":["Pommel Strike","True Grit"],"picked":"Battle Trance+1","floor":41},{"not_picked":["Sword Boomerang+1","Searing Blow+1","Pommel Strike"],"picked":"SKIP","floor":45},{"not_picked":["Power Through","Wild Strike+1"],"picked":"Body Slam","floor":47}],"player_experience":395482,"relics_obtained":[{"floor":7.0,"key":"Smiling Mask"},{"floor":9.0,"key":"Ornamental Fan"},{"floor":11.0,"key":"Tiny Chest"},{"floor":26,"key":"Lizard Tail"},{"floor":43,"key":"Toy Ornithopter"},{"floor":46,"key":"Happy Flower"}],"event_choices":[{"damage_healed":0.0,"max_hp_gain":0.0,"max_hp_loss":0.0,"gold_gain":0.0,"event_name":"Scrap Ooze","player_choice":"Success","floor":8.0,"gold_loss":0.0,"damage_taken":7.0,"relics_obtained":["Blue Candle"]},{"damage_healed":0,"gold_gain":0,"player_choice":"Opened","damage_taken":0,"relics_obtained":["Dream Catcher"],"max_hp_gain":0,"max_hp_loss":0,"event_name":"The Mausoleum","floor":21,"gold_loss":0},{"damage_healed":0,"gold_gain":0,"player_choice":"Got Potions","damage_taken":0,"max_hp_gain":0,"max_hp_loss":0,"event_name":"Lab","floor":25,"gold_loss":0},{"cards_removed":["Defend_R"],"damage_healed":0,"gold_gain":0,"player_choice":"Purged","damage_taken":0,"max_hp_gain":0,"max_hp_loss":0,"event_name":"Purifier","floor":44,"gold_loss":0}],"is_beta":true,"boss_relics":[{"not_picked":["SlaversCollar","Philosopher\u0027s Stone"],"picked":"Snecko Eye"},{"not_picked":["Tiny House","Runic Cube"],"picked":"Astrolabe"}],"items_purged_floors":[19,27,39,48],"is_endless":false,"potions_floor_spawned":[1,4,5,10,13,16,20,24,29,31,36,37],"ascension_level":0}