{"gold_per_floor":[117,135,150,150,150,184,197,197,197,197,227,244,308,325,325,399,399,419,142,192,242,259,259,292,31,79,79,129,143,157,219,219,219],"floor_reached":33,"playtime":943,"items_purged":["Pain","Regret"],"score":583,"play_id":"818f50cb-fe69-47cc-ba98-50941a10c193","local_time":"20190203020705","is_ascension_mode":true,"campfire_choices":[{"data":"Carnage","floor":8.0,"key":"SMITH"},{"data":"Bash","floor":10.0,"key":"SMITH"},{"floor":15.0,"key":"REST"},{"data":"Flame Barrier","floor":23.0,"key":"SMITH"},{"floor":27.0,"key":"REST"},{"floor":32.0,"key":"REST"}],"neow_cost":"NONE","seed_source_timestamp":0,"circlet_count":0,"master_deck":["AscendersBane","Strike_R","Strike_R","Strike_R","Defend_R","Defend_R","Defend_R","Defend_R","Bash+1","Carnage+1","Clothesline","Headbutt","Regret","Shockwave","Metallicize","Cleave+1","Cleave+1","Feel No Pain","Pommel Strike+1","Feed+1","Parasite","Pommel Strike+1","Blood for Blood+1","Flame Barrier+1","Uppercut+1","Metallicize","Juggernaut+1","Carnage+1","Impervious","Wild Strike+1"],"special_seed":0,"relics":["Burning Blood","NeowsBlessing","Champion Belt","SsserpentHead","Mercury Hourglass","Blue Candle","Molten Egg 2","Calling Bell","Red Skull","Letter Opener","Mango","Blood Vial","Ginger"],"potions_floor_usage":[33,33],"damage_taken":[{"damage":0.0,"enemies":"Jaw Worm","floor":1.0,"turns":1.0},{"damage":0.0,"enemies":"Cultist","floor":2.0,"turns":1.0},{"damage":0.0,"enemies":"2 Louse","floor":3.0,"turns":1.0},{"damage":29.0,"enemies":"3 Sentries","floor":6.0,"turns":8.0},{"damage":16.0,"enemies":"Exordium Wildlife","floor":7.0,"turns":3.0},{"damage":24.0,"enemies":"Gremlin Nob","floor":11.0,"turns":4.0},{"damage":4.0,"enemies":"Blue Slaver","floor":12.0,"turns":3.0},{"damage":7.0,"enemies":"Exordium Thugs","floor":13.0,"turns":2.0},{"damage":0.0,"enemies":"Lots of Slimes","floor":14.0,"turns":1.0},{"damage":43.0,"enemies":"The Guardian","floor":16.0,"turns":9.0},{"damage":13.0,"enemies":"Spheric Guardian","floor":18.0,"turns":3.0},{"damage":13.0,"enemies":"3 Byrds","floor":22.0,"turns":4.0},{"damage":54.0,"enemies":"Slavers","floor":24.0,"turns":4.0},{"damage":32.0,"enemies":"Cultist and Chosen","floor":29.0,"turns":5.0},{"damage":1.0,"enemies":"Centurion and Healer","floor":30.0,"turns":5.0},{"damage":9.0,"enemies":"Snecko","floor":31.0,"turns":4.0},{"damage":83,"enemies":"Collector","floor":33,"turns":7}],"seed_played":"-1364032755109514873","potions_obtained":[{"floor":1.0,"key":"Fire Potion"},{"floor":3.0,"key":"BloodPotion"},{"floor":12.0,"key":"Fire Potion"},{"floor":13.0,"key":"Energy Potion"},{"floor":18.0,"key":"SteroidPotion"},{"floor":30.0,"key":"Ancient Potion"},{"floor":31.0,"key":"Dexterity Potion"}],"is_trial":false,"path_per_floor":["M","M","M","?","?","E","M","R","T","R","E","M","M","M","R","B",null,"M","$","?","?","M","R","E","$","T","R","?","M","M","M","R","B"],"character_chosen":"IRONCLAD","items_purchased":["Blood Vial","Blood for Blood+1","Juggernaut","Carnage+1"],"campfire_rested":3,"item_purchase_floors":[19,19,25,25],"current_hp_per_floor":[74,75,75,75,75,52,42,42,42,42,24,26,25,31,53,16,74,67,67,67,67,66,66,29,29,29,56,56,36,43,42,71,0],"gold":219,"neow_bonus":"THREE_ENEMY_KILL","is_prod":false,"is_daily":false,"chose_seed":false,"campfire_upgraded":3,"win_rate":0,"timestamp":1549156025,"path_taken":["M","M","M","?","?","E","M","R","T","R","E","M","?","M","R","BOSS","M","$","?","?","M","R","E","$","T","R","?","M","M","?","R","BOSS"],"build_version":"2019-01-23","purchased_purges":2,"victory":false,"max_hp_per_floor":[75,75,75,75,75,75,75,75,75,75,75,75,75,75,75,75,89,89,89,89,89,93,93,93,93,93,93,93,97,97,97,97,97],"card_choices":[{"not_picked":["Dual Wield","Pummel"],"picked":"Carnage","floor":1.0},{"not_picked":["Pummel","Havoc"],"picked":"Clothesline","floor":2.0},{"not_picked":["Intimidate","Sword Boomerang"],"picked":"Headbutt","floor":3.0},{"not_picked":["Burning Pact","Battle Trance"],"picked":"Shockwave","floor":6.0},{"not_picked":["Rage","Clash"],"picked":"Metallicize","floor":7.0},{"not_picked":["True Grit","Warcry"],"picked":"Cleave","floor":11.0},{"not_picked":["Infernal Blade","Armaments"],"picked":"Cleave+1","floor":12.0},{"not_picked":["Cleave+1","Seeing Red"],"picked":"Feel No Pain","floor":13.0},{"not_picked":["Bloodletting","Rupture"],"picked":"Pommel Strike+1","floor":14.0},{"not_picked":["Offering","Brutality"],"picked":"Feed+1","floor":16.0},{"not_picked":["Fire Breathing","Twin Strike+1"],"picked":"Pommel Strike+1","floor":18.0},{"not_picked":["Flex","Thunderclap+1"],"picked":"Metallicize","floor":22.0},{"not_picked":["Warcry","Sentinel","Sword Boomerang+1"],"picked":"SKIP","floor":24.0},{"not_picked":["Flex","Warcry","Armaments"],"picked":"SKIP","floor":29.0},{"not_picked":["Body Slam+1","Rage"],"picked":"Impervious","floor":30.0},{"not_picked":["Clash+1","Perfected Strike+1"],"picked":"Wild Strike+1","floor":31.0}],"player_experience":630848,"relics_obtained":[{"floor":6.0,"key":"Mercury Hourglass"},{"floor":9.0,"key":"Blue Candle"},{"floor":11.0,"key":"Molten Egg 2"},{"floor":17.0,"key":"Red Skull"},{"floor":17.0,"key":"Letter Opener"},{"floor":17.0,"key":"Mango"},{"floor":24.0,"key":"Ginger"}],"event_choices":[{"damage_healed":0.0,"max_hp_gain":0.0,"max_hp_loss":0.0,"gold_gain":0.0,"event_name":"Big Fish","player_choice":"Box","floor":4.0,"gold_loss":0.0,"damage_taken":0.0,"relics_obtained":["Champion Belt"],"cards_obtained":["Regret"]},{"damage_healed":0.0,"max_hp_gain":0.0,"max_hp_loss":0.0,"gold_gain":0.0,"event_name":"FaceTrader","player_choice":"Trade","floor":5.0,"gold_loss":0.0,"damage_taken":0.0,"relics_obtained":["SsserpentHead"]},{"damage_healed":0.0,"max_hp_gain":0.0,"max_hp_loss":0.0,"gold_gain":0.0,"cards_transformed":["Strike_R","Strike_R"],"event_name":"Drug Dealer","player_choice":"Became Test Subject","floor":20.0,"gold_loss":0.0,"damage_taken":0.0,"cards_obtained":["Flame Barrier","Uppercut"]},{"damage_healed":0.0,"max_hp_gain":0.0,"max_hp_loss":0.0,"gold_gain":0.0,"event_name":"Ghosts","player_choice":"Ignored","floor":21.0,"gold_loss":0.0,"damage_taken":0.0},{"damage_healed":0.0,"max_hp_gain":0.0,"max_hp_loss":0.0,"gold_gain":0.0,"event_name":"Upgrade Shrine","player_choice":"Upgraded","floor":28.0,"gold_loss":0.0,"damage_taken":0.0,"cards_upgraded":["Juggernaut"]}],"is_beta":false,"boss_relics":[{"not_picked":["Empty Cage","White Beast Statue"],"picked":"Calling Bell"}],"items_purged_floors":[19,25],"is_endless":false,"potions_floor_spawned":[1,3,12,13,16,18,30,31],"killed_by":"Collector","ascension_level":20}