{"gold_per_floor":[116,126,126,141,155,155,186,186,186,186,186,186],"floor_reached":12,"playtime":226,"items_purged":[],"score":148,"play_id":"0f3cbde2-ffb9-4416-b752-17f990f830f2","local_time":"20190725211215","is_ascension_mode":true,"campfire_choices":[{"data":"Neutralize","floor":6,"key":"SMITH"},{"data":"Skewer","floor":8,"key":"SMITH"},{"data":"Caltrops","floor":10,"key":"SMITH"}],"neow_cost":"NONE","seed_source_timestamp":81700841707700,"circlet_count":0,"master_deck":["AscendersBane","Strike_G","Strike_G","Strike_G","Strike_G","Defend_G","Defend_G","Defend_G","Defend_G","Defend_G","Survivor","Neutralize+1","Skewer+1","Backflip","Caltrops+1","Well Laid Plans","Caltrops"],"relics":["Ring of the Snake","NeowsBlessing","Meat on the Bone","Kunai"],"potions_floor_usage":[5,7,7],"damage_taken":[{"damage":0,"enemies":"Cultist","floor":1,"turns":1},{"damage":0,"enemies":"Small Slimes","floor":2,"turns":1},{"damage":0,"enemies":"2 Louse","floor":4,"turns":1},{"damage":3,"enemies":"2 Fungi Beasts","floor":5,"turns":3},{"damage":30,"enemies":"Gremlin Nob","floor":7,"turns":5},{"damage":30,"enemies":"Lagavulin Event","floor":12,"turns":5}],"seed_played":"-816455209862561475","potions_obtained":[{"floor":1,"key":"Block Potion"},{"floor":4,"key":"Explosive Potion"},{"floor":5,"key":"Poison Potion"}],"is_trial":false,"path_per_floor":["M","M","$","M","M","R","E","R","T","R","?","?"],"character_chosen":"THE_SILENT","items_purchased":[],"campfire_rested":0,"item_purchase_floors":[],"current_hp_per_floor":[59,59,59,59,56,56,26,26,26,26,19,0],"gold":186,"neow_bonus":"THREE_ENEMY_KILL","is_prod":false,"is_daily":false,"chose_seed":false,"campfire_upgraded":3,"win_rate":0,"timestamp":1564081935,"path_taken":["M","?","$","M","M","R","E","R","T","R","?","?"],"build_version":"2019-07-17","purchased_purges":0,"victory":false,"max_hp_per_floor":[66,66,66,66,66,66,66,66,66,66,66,66],"card_choices":[{"not_picked":["Cloak And Dagger","Quick Slash"],"picked":"Skewer","floor":1},{"not_picked":["Escape Plan","Quick Slash"],"picked":"Backflip","floor":2},{"not_picked":["Poisoned Stab","Bane"],"picked":"Caltrops","floor":4},{"not_picked":["Slice","Sucker Punch"],"picked":"Well Laid Plans","floor":5},{"not_picked":["Grand Finale","Masterful Stab"],"picked":"Caltrops","floor":7}],"player_experience":1754378,"relics_obtained":[{"floor":7,"key":"Meat on the Bone"},{"floor":9,"key":"Kunai"}],"event_choices":[{"cards_removed":["Strike_G"],"damage_healed":0,"gold_gain":0,"player_choice":"Card Removal","damage_taken":7,"max_hp_gain":0,"max_hp_loss":0,"event_name":"Golden Wing","floor":11,"gold_loss":0},{"damage_healed":0,"gold_gain":0,"player_choice":"Searched \u00271\u0027 times","damage_taken":0,"max_hp_gain":0,"max_hp_loss":0,"event_name":"Dead Adventurer","floor":12,"gold_loss":0}],"is_beta":false,"boss_relics":[],"items_purged_floors":[],"is_endless":false,"potions_floor_spawned":[1,4,5],"killed_by":"Lagavulin Event","ascension_level":18}