{"gold_per_floor":[111,124,134,134,150,150,164,164,164,176,176,13,13,47,47,121,121,137,137,137,147,162,162,1,1,27,49,61,73,85,97,109,121],"floor_reached":33,"playtime":1811,"items_purged":["Strike_G"],"score":441,"play_id":"33bb5828-ac33-4d34-a542-20ad477be7cd","local_time":"20190622202104","is_ascension_mode":true,"campfire_choices":[{"data":"Neutralize","floor":6,"key":"SMITH"},{"data":"The Bomb","floor":11,"key":"SMITH"},{"floor":13,"key":"REST"},{"data":"Transmutation","floor":15,"key":"SMITH"},{"data":"After Image","floor":23,"key":"SMITH"},{"data":"Footwork","floor":25,"key":"SMITH"},{"floor":29,"key":"REST"},{"floor":32,"key":"REST"}],"neow_cost":"PERCENT_DAMAGE","seed_source_timestamp":416950773655800,"circlet_count":0,"master_deck":["AscendersBane","Survivor","Neutralize+1","The Bomb+1","Transmutation+1","Flying Knee","Acrobatics","Dodge and Roll","After Image+1","Deflect+1","Caltrops","Backflip+1","Glass Knife","Accuracy","Phantasmal Killer+1","Accuracy","Tactician+1","Well Laid Plans","Deadly Poison+1","Cloak And Dagger+1","Prepared+1","After Image","Blur+1","Ghostly+1","Ghostly+1","Ghostly+1","Masterful Stab+1","Blade Dance+1","Footwork+1","Deflect+1","Outmaneuver+1","Shame"],"relics":["Ring of the Snake","Gremlin Horn","Toxic Egg 2","Matryoshka","Pandora\u0027s Box","Nilry\u0027s Codex","MawBank","Potion Belt","Art of War"],"potions_floor_usage":[10,14],"damage_taken":[{"damage":0,"enemies":"Cultist","floor":1,"turns":3},{"damage":5,"enemies":"Small Slimes","floor":2,"turns":5},{"damage":0,"enemies":"2 Louse","floor":3,"turns":2},{"damage":13,"enemies":"Exordium Thugs","floor":5,"turns":4},{"damage":0,"enemies":"Red Slaver","floor":7,"turns":4},{"damage":1,"enemies":"Blue Slaver","floor":10,"turns":3},{"damage":15,"enemies":"Lagavulin","floor":14,"turns":8},{"damage":30,"enemies":"The Guardian","floor":16,"turns":15},{"damage":5,"enemies":"2 Thieves","floor":18,"turns":4},{"damage":2,"enemies":"Spheric Guardian","floor":21,"turns":5},{"damage":0,"enemies":"Shelled Parasite and Fungi","floor":22,"turns":6},{"damage":0,"enemies":"Sentry and Sphere","floor":27,"turns":6},{"damage":55,"enemies":"Automaton","floor":33,"turns":6}],"seed_played":"-6257950741437118572","potions_obtained":[{"floor":5,"key":"EssenceOfSteel"},{"floor":10,"key":"SkillPotion"},{"floor":14,"key":"FearPotion"},{"floor":21,"key":"Poison Potion"}],"is_trial":false,"path_per_floor":["M","M","M","?","M","R","M","?","T","M","R","$","R","E","R","B",null,"M","?","?","M","M","R","$","R","T","M","$","R","?","$","R","B"],"character_chosen":"THE_SILENT","items_purchased":["Caltrops","Footwork","SteroidPotion","Deflect+1"],"campfire_rested":3,"item_purchase_floors":[12,24,24,24],"current_hp_per_floor":[44,39,39,39,26,26,26,31,31,30,30,30,51,36,36,6,55,50,35,14,12,12,12,12,12,12,12,12,22,22,22,32,0],"gold":121,"neow_bonus":"RANDOM_COLORLESS_2","is_prod":false,"is_daily":false,"chose_seed":false,"campfire_upgraded":5,"win_rate":0,"timestamp":1561227664,"path_taken":["M","?","M","?","?","R","M","?","T","M","R","$","R","E","R","BOSS","M","?","?","?","M","R","?","R","T","M","$","R","?","?","R","BOSS"],"build_version":"2019-01-23","purchased_purges":1,"victory":false,"max_hp_per_floor":[66,66,66,66,66,66,66,71,71,71,71,71,71,71,71,71,71,71,35,35,35,35,35,35,35,35,35,35,35,35,35,35,35],"card_choices":[{"not_picked":["PiercingWail","Heel Hook"],"picked":"Flying Knee","floor":1},{"not_picked":["Tactician","Underhanded Strike"],"picked":"Choke","floor":2},{"not_picked":["Underhanded Strike","Slice"],"picked":"Acrobatics","floor":3},{"not_picked":["Bane","Setup"],"picked":"Dodge and Roll","floor":5},{"not_picked":["Sucker Punch","Dagger Spray"],"picked":"After Image","floor":7},{"not_picked":["Dodge and Roll+1","Slice"],"picked":"Deflect+1","floor":10},{"not_picked":["Poisoned Stab","Deflect+1"],"picked":"Backflip+1","floor":14},{"not_picked":["Unload","Tools of the Trade"],"picked":"Glass Knife","floor":16},{"not_picked":["Backstab","Deflect+1"],"picked":"Blur+1","floor":18},{"not_picked":["Slice","Bane"],"picked":"Masterful Stab+1","floor":21},{"not_picked":["Slice","Cloak And Dagger+1"],"picked":"Blade Dance+1","floor":22},{"not_picked":["Expertise+1","All Out Attack"],"picked":"Outmaneuver+1","floor":27}],"player_experience":1442921,"relics_obtained":[{"floor":9,"key":"Toxic Egg 2"},{"floor":14,"key":"Matryoshka"},{"floor":20,"key":"Nilry\u0027s Codex"},{"floor":26,"key":"MawBank"},{"floor":26,"key":"Potion Belt"}],"event_choices":[{"cards_removed":["Choke"],"damage_healed":0,"gold_gain":0,"player_choice":"Gave Card","damage_taken":0,"relics_obtained":["Gremlin Horn"],"max_hp_gain":0,"max_hp_loss":0,"event_name":"WeMeetAgain","floor":4,"gold_loss":0},{"damage_healed":0,"gold_gain":0,"player_choice":"Donut","damage_taken":0,"max_hp_gain":5,"max_hp_loss":0,"event_name":"Big Fish","floor":8,"gold_loss":0},{"damage_healed":0,"gold_gain":0,"player_choice":"Became a Ghost","damage_taken":0,"max_hp_gain":0,"max_hp_loss":36,"event_name":"Ghosts","floor":19,"gold_loss":0,"cards_obtained":["Ghostly","Ghostly","Ghostly"]},{"damage_healed":0,"gold_gain":0,"player_choice":"Obtained Book","damage_taken":21,"max_hp_gain":0,"max_hp_loss":0,"event_name":"Cursed Tome","floor":20,"gold_loss":0},{"damage_healed":0,"gold_gain":0,"player_choice":"Stole Relic","damage_taken":0,"relics_obtained":["Art of War"],"max_hp_gain":0,"max_hp_loss":0,"event_name":"Addict","floor":30,"gold_loss":0,"cards_obtained":["Shame"]}],"is_beta":false,"boss_relics":[{"not_picked":["Busted Crown","Runic Dome"],"picked":"Pandora\u0027s Box"}],"items_purged_floors":[12],"is_endless":false,"potions_floor_spawned":[5,10,14,21],"killed_by":"Automaton","ascension_level":16}