{"path_per_floor":["M","?","?","M","M","R","M","R","T","M","T","R","M","M","R","B",null,"M","M","$"],"character_chosen":"IRONCLAD","items_purchased":["Shuriken","Body Slam"],"gold_per_floor":[116,116,291,311,328,328,338,338,385,403,482,482,496,508,508,613,613,623,642,263,263],"floor_reached":21,"campfire_rested":0,"playtime":1287,"current_hp_per_floor":[80,80,80,80,69,69,39,39,39,40,40,40,37,38,38,36,80,67,28,28,0],"items_purged":["Doubt"],"gold":263,"score":173,"play_id":"4b25b8d0-9f2f-43f9-8b1c-f2dfa64de694","local_time":"20180519191140","is_prod":false,"is_daily":false,"chose_seed":false,"is_ascension_mode":false,"campfire_upgraded":4,"timestamp":1526753500,"campfire_choices":[{"data":"Spot Weakness","floor":6,"key":"SMITH"},{"data":"Havoc","floor":8,"key":"SMITH"},{"data":"Clothesline","floor":12,"key":"SMITH"},{"data":"Shrug It Off","floor":15,"key":"SMITH"}],"path_taken":["M","?","?","M","M","R","?","R","T","M","?","R","M","M","R","BOSS","M","M","?","?"],"build_version":"2018-05-17","seed_source_timestamp":174394492531141,"purchased_purges":1,"victory":false,"master_deck":["Strike_R","Strike_R","Strike_R","Strike_R","Strike_R","Defend_R+1","Defend_R","Defend_R+1","Defend_R","Bash+1","Spot Weakness+1","Havoc+1","Clothesline+1","Twin Strike","Rupture","Shrug It Off+1","Offering","Inflame","Double Tap","Rage","Feel No Pain","Shrug It Off","Corruption","Infernal Blade","Body Slam"],"max_hp_per_floor":[80,80,80,80,80,80,80,80,80,80,80,80,80,80,80,80,80,80,80,80,80],"relics":["Burning Blood","War Paint","Juzu Bracelet","Pantograph","Orrery","Shuriken"],"card_choices":[{"not_picked":["Reckless Charge","Burning Pact","Cleave"],"picked":"SKIP","floor":1},{"not_picked":["Second Wind","Flex"],"picked":"Spot Weakness","floor":4},{"not_picked":["Ghostly Armor","Seeing Red"],"picked":"Havoc","floor":5},{"not_picked":["Warcry","Entrench"],"picked":"Clothesline","floor":7},{"not_picked":["Clash","Cleave"],"picked":"Twin Strike","floor":10},{"not_picked":["Heavy Blade","Armaments"],"picked":"Rupture","floor":13},{"not_picked":["Second Wind","Perfected Strike"],"picked":"Shrug It Off","floor":14},{"not_picked":["Double Tap","Brutality"],"picked":"Offering","floor":16},{"not_picked":["Twin Strike","Anger"],"picked":"Inflame","floor":17},{"not_picked":["Pummel","Body Slam"],"picked":"Double Tap","floor":17},{"not_picked":["Headbutt","Heavy Blade"],"picked":"Rage","floor":17},{"not_picked":["Iron Wave","Twin Strike"],"picked":"Feel No Pain","floor":17},{"not_picked":["Body Slam","Cleave"],"picked":"Shrug It Off","floor":17},{"not_picked":["Body Slam+1","Headbutt"],"picked":"Corruption","floor":18},{"not_picked":["Carnage","Sword Boomerang"],"picked":"Infernal Blade","floor":19}],"player_experience":327075,"potions_floor_usage":[16,16,16,21],"damage_taken":[{"damage":2,"enemies":"Small Slimes","floor":1,"turns":4},{"damage":6,"enemies":"2 Louse","floor":4,"turns":3},{"damage":17,"enemies":"Cultist","floor":5,"turns":6},{"damage":36,"enemies":"Exordium Wildlife","floor":7,"turns":8},{"damage":5,"enemies":"Lots of Slimes","floor":10,"turns":5},{"damage":9,"enemies":"2 Fungi Beasts","floor":13,"turns":4},{"damage":5,"enemies":"3 Louse","floor":14,"turns":3},{"damage":33,"enemies":"Hexaghost","floor":16,"turns":9},{"damage":19,"enemies":"Shell Parasite","floor":18,"turns":5},{"damage":45,"enemies":"3 Byrds","floor":19,"turns":8},{"damage":30,"enemies":"Masked Bandits","floor":21,"turns":3}],"relics_obtained":[{"floor":9,"key":"Juzu Bracelet"},{"floor":11,"key":"Pantograph"}],"event_choices":[{"event_name":"Living Wall","player_choice":"Grow","floor":2,"damage_taken":0},{"event_name":"Liars Game","player_choice":"agreed","floor":3,"damage_taken":0},{"event_name":"Masked Bandits","player_choice":"Fought over 263 gold","floor":21,"damage_taken":0}],"boss_relics":[{"not_picked":["White Beast Statue","Mark of Pain"],"picked":"Orrery"}],"potions_floor_spawned":[1,7,13,14,16,18],"seed_played":"2372913541701874325","killed_by":"Masked Bandits","ascension_level":0,"potions_obtained":[{"floor":1,"key":"Strength Potion"},{"floor":7,"key":"SkillPotion"},{"floor":13,"key":"EssenceOfSteel"},{"floor":14,"key":"PowerPotion"},{"floor":16,"key":"Dexterity Potion"},{"floor":18,"key":"Poison Potion"}],"is_trial":false}