{"gold_per_floor":[117,31,31,46,46,46,46,46,46,72,82,94,94,11,11,87,87,98,48,59,5,25,25,56,56,79,79,99,21,32,51,51,124,124,135,1134,1151,1151,1151,1151,1177,273,352,352,352,47,47,66,66,66],"floor_reached":51,"playtime":2048,"items_purged":["Normality","Normality"],"score":1318,"play_id":"4045b61c-498d-43d3-951c-562b23dce145","local_time":"20181122225657","is_ascension_mode":true,"campfire_choices":[{"data":"Neutralize","floor":6.0,"key":"SMITH"},{"floor":8.0,"key":"REST"},{"floor":13.0,"key":"REST"},{"data":"Choke","floor":15.0,"key":"SMITH"},{"floor":23.0,"key":"REST"},{"floor":25.0,"key":"REST"},{"floor":27.0,"key":"REST"},{"floor":32.0,"key":"REST"},{"data":"Wraith Form v2","floor":40.0,"key":"SMITH"},{"floor":44.0,"key":"REST"},{"floor":47.0,"key":"REST"},{"floor":49.0,"key":"REST"}],"neow_cost":"NONE","seed_source_timestamp":703852180117233,"circlet_count":0,"master_deck":["AscendersBane","Defend_G","Defend_G","Defend_G","Defend_G","Defend_G","Strike_G+1","Strike_G+1","Strike_G","Strike_G+1","Strike_G","Survivor","Neutralize+1","Choke+1","Leg Sweep","All Out Attack+1","Dodge and Roll","Blade Dance","Dagger Spray","Poisoned Stab","Blade Dance","Adrenaline","Outmaneuver","Backflip","Dagger Throw","Footwork","Poisoned Stab","Wraith Form v2+1","Parasite","Injury","Doubt","Skewer","Apotheosis","Noxious Fumes","Deadly Poison","Blade Dance","Sadistic Nature+1","Noxious Fumes+1"],"special_seed":0,"relics":["Busted Crown","Ornamental Fan","Nunchaku","Bronze Scales","Runic Pyramid","Vajra","Calling Bell","Bag of Preparation","Ninja Scroll","Calipers","Tough Bandages","Oddly Smooth Stone","PrismaticShard","Frozen Egg 2","Strawberry"],"potions_floor_usage":[50,50],"damage_taken":[{"damage":2.0,"enemies":"Cultist","floor":1.0,"turns":5.0},{"damage":1.0,"enemies":"Small Slimes","floor":4.0,"turns":4.0},{"damage":20.0,"enemies":"3 Sentries","floor":10.0,"turns":8.0},{"damage":0.0,"enemies":"2 Louse","floor":11.0,"turns":1.0},{"damage":0.0,"enemies":"2 Fungi Beasts","floor":12.0,"turns":4.0},{"damage":26.0,"enemies":"Hexaghost","floor":16.0,"turns":8.0},{"damage":10.0,"enemies":"Spheric Guardian","floor":18.0,"turns":4.0},{"damage":0.0,"enemies":"3 Byrds","floor":20.0,"turns":3.0},{"damage":9.0,"enemies":"Snecko","floor":22.0,"turns":4.0},{"damage":38.0,"enemies":"Book of Stabbing","floor":24.0,"turns":5.0},{"damage":10.0,"enemies":"3 Cultists","floor":28.0,"turns":4.0},{"damage":3.0,"enemies":"Chosen and Byrds","floor":30.0,"turns":7.0},{"damage":5.0,"enemies":"Snake Plant","floor":31.0,"turns":4.0},{"damage":43.0,"enemies":"Automaton","floor":33.0,"turns":11.0},{"damage":7.0,"enemies":"3 Shapes","floor":35.0,"turns":7.0},{"damage":20.0,"enemies":"3 Darklings","floor":37.0,"turns":8.0},{"damage":44.0,"enemies":"Nemesis","floor":41.0,"turns":11.0},{"damage":11.0,"enemies":"Jaw Worm Horde","floor":48.0,"turns":3.0},{"damage":38,"enemies":"Donu and Deca","floor":50,"turns":12}],"seed_played":"6180747211621441211","potions_obtained":[{"floor":1.0,"key":"LiquidBronze"},{"floor":10.0,"key":"Block Potion"},{"floor":18.0,"key":"Explosive Potion"},{"floor":24.0,"key":"EssenceOfSteel"},{"floor":28.0,"key":"SteroidPotion"},{"floor":37.0,"key":"EssenceOfSteel"}],"is_trial":false,"path_per_floor":["M","$","?","M","?","R","?","R","T","E","M","M","R","$","R","B",null,"M","?","M","$","M","R","E","R","T","R","M","$","M","M","M","R","B",null,"M","?","M","?","?","R","E","$","T","R","?","$","R","M","R","B",null],"character_chosen":"THE_SILENT","items_purchased":["Leg Sweep","Poisoned Stab","Blade Dance","Backflip","Footwork","Apotheosis","Oddly Smooth Stone","Noxious Fumes","Deadly Poison","PrismaticShard","SteroidPotion","Blade Dance","Noxious Fumes+1","Strawberry"],"campfire_rested":9,"item_purchase_floors":[2,14,14,21,29,42,42,42,42,42,42,42,46,46],"current_hp_per_floor":[57,57,57,56,36,36,25,44,44,24,24,24,43,43,43,17,54,44,44,44,44,35,54,16,35,35,54,44,44,41,36,55,12,53,46,46,26,26,54,54,10,10,10,26,26,33,51,40,58,20],"gold":66,"neow_bonus":"BOSS_RELIC","is_prod":false,"is_daily":false,"chose_seed":false,"campfire_upgraded":3,"win_rate":0,"timestamp":1542923817,"path_taken":["M","?","?","M","?","R","?","R","T","E","M","M","R","?","R","BOSS","M","?","?","$","M","R","E","R","T","R","M","$","M","M","R","BOSS","M","?","M","?","?","R","E","$","T","R","?","$","R","?","R","BOSS"],"build_version":"2018-11-15","purchased_purges":2,"victory":true,"max_hp_per_floor":[66,66,66,66,66,66,66,66,66,66,66,66,66,66,66,66,66,66,66,66,66,66,66,66,66,66,66,66,66,66,66,66,66,66,66,66,66,66,54,54,54,54,54,54,54,61,61,61,61,61],"card_choices":[{"not_picked":[],"picked":"Choke","floor":1.0},{"not_picked":[],"picked":"All Out Attack","floor":4.0},{"not_picked":[],"picked":"Dodge and Roll","floor":10.0},{"not_picked":[],"picked":"Blade Dance","floor":11.0},{"not_picked":[],"picked":"Dagger Spray","floor":12.0},{"not_picked":[],"picked":"Adrenaline","floor":16.0},{"not_picked":[],"picked":"Outmaneuver","floor":18.0},{"not_picked":["Slice"],"picked":"SKIP","floor":20.0},{"not_picked":["Setup"],"picked":"SKIP","floor":22.0},{"not_picked":[],"picked":"Dagger Throw","floor":24.0},{"not_picked":["Outmaneuver"],"picked":"SKIP","floor":28.0},{"not_picked":["Well Laid Plans"],"picked":"SKIP","floor":30.0},{"not_picked":[],"picked":"Poisoned Stab","floor":31.0},{"not_picked":[],"picked":"Wraith Form v2","floor":33.0},{"not_picked":["Outmaneuver"],"picked":"SKIP","floor":35.0},{"not_picked":[],"picked":"Skewer","floor":37.0},{"not_picked":["Setup"],"picked":"SKIP","floor":41.0},{"not_picked":[],"picked":"Sadistic Nature+1","floor":45.0},{"not_picked":["Dropkick"],"picked":"SKIP","floor":48.0}],"player_experience":505344,"relics_obtained":[{"floor":9.0,"key":"Nunchaku"},{"floor":10.0,"key":"Bronze Scales"},{"floor":24.0,"key":"Vajra"},{"floor":34.0,"key":"Bag of Preparation"},{"floor":34.0,"key":"Ninja Scroll"},{"floor":34.0,"key":"Calipers"},{"floor":41.0,"key":"Tough Bandages"},{"floor":43.0,"key":"Frozen Egg 2"}],"event_choices":[{"damage_healed":0.0,"max_hp_gain":0.0,"max_hp_loss":0.0,"gold_gain":0.0,"event_name":"The Cleric","player_choice":"Leave","floor":3.0,"gold_loss":0.0,"damage_taken":0.0},{"damage_healed":0.0,"max_hp_gain":0.0,"max_hp_loss":0.0,"gold_gain":0.0,"event_name":"Shining Light","player_choice":"Entered Light","floor":5.0,"gold_loss":0.0,"damage_taken":20.0,"cards_upgraded":["Strike_G","Strike_G"]},{"damage_healed":0.0,"max_hp_gain":0.0,"max_hp_loss":0.0,"gold_gain":0.0,"event_name":"Scrap Ooze","player_choice":"Success","floor":7.0,"gold_loss":0.0,"damage_taken":11.0,"relics_obtained":["Ornamental Fan"]},{"damage_healed":0.0,"max_hp_gain":0.0,"max_hp_loss":0.0,"gold_gain":0.0,"event_name":"Designer","player_choice":"Upgraded Two","floor":19.0,"gold_loss":50.0,"damage_taken":0.0,"cards_upgraded":["All Out Attack","Strike_G"]},{"damage_healed":0.0,"max_hp_gain":0.0,"max_hp_loss":0.0,"gold_gain":999.0,"event_name":"MindBloom","player_choice":"Gold","floor":36.0,"gold_loss":0.0,"damage_taken":0.0,"cards_obtained":["Normality","Normality"]},{"damage_healed":0.0,"max_hp_gain":0.0,"max_hp_loss":0.0,"gold_gain":0.0,"event_name":"Mysterious Sphere","player_choice":"Ignored","floor":38.0,"gold_loss":0.0,"damage_taken":0.0},{"damage_healed":54.0,"max_hp_gain":0.0,"max_hp_loss":12.0,"gold_gain":0.0,"event_name":"The Moai Head","player_choice":"Heal","floor":39.0,"gold_loss":0.0,"damage_taken":0.0},{"damage_healed":0.0,"max_hp_gain":0.0,"max_hp_loss":0.0,"gold_gain":0.0,"event_name":"SensoryStone","player_choice":"Memory 1","floor":45.0,"gold_loss":0.0,"damage_taken":0.0}],"is_beta":false,"boss_relics":[{"not_picked":["Orrery","Philosopher\u0027s Stone"],"picked":"Runic Pyramid"},{"not_picked":["Coffee Dripper","Fusion Hammer"],"picked":"Calling Bell"}],"items_purged_floors":[42,46],"is_endless":false,"potions_floor_spawned":[1,10,18,24,28,31,37],"ascension_level":18}