{"gold_per_floor":[116,116,116,41,116,141,161,161],"floor_reached":8,"playtime":429,"items_purged":["PiercingWail"],"score":208,"play_id":"4b3024da-1dcf-42a8-936b-97259a488a3f","local_time":"20190807204518","daily_mods":["SealedDeck","Heirloom","Time Dilation","Flight"],"is_ascension_mode":true,"campfire_choices":[],"neow_cost":"","seed_source_timestamp":520492598653115,"circlet_count":0,"master_deck":["AscendersBane","Deflect","PiercingWail","Acrobatics","Masterful Stab","Prepared","Concentrate","Deflect","Deflect","Footwork","Acrobatics"],"relics":["Unceasing Top","Ginger","Paper Crane","Dream Catcher"],"potions_floor_usage":[],"damage_taken":[{"damage":0,"enemies":"Small Slimes","floor":1,"turns":2},{"damage":0,"enemies":"Lagavulin","floor":6,"turns":2},{"damage":0,"enemies":"Jaw Worm","floor":7,"turns":3},{"damage":0,"enemies":"3 Sentries","floor":8,"turns":2}],"seed_played":"9077825351926060958","potions_obtained":[{"floor":6,"key":"EssenceOfSteel"}],"is_trial":true,"path_per_floor":["M","?","?","$","?","E","M","E"],"character_chosen":"THE_SILENT","items_purchased":[],"campfire_rested":0,"item_purchase_floors":[],"current_hp_per_floor":[59,54,59,59,48,48,48,48],"gold":161,"neow_bonus":"","is_prod":false,"is_daily":false,"chose_seed":false,"campfire_upgraded":0,"win_rate":0,"timestamp":1565235918,"path_taken":["M","?","?","$","?","E","M","E"],"build_version":"2019-07-17","purchased_purges":1,"victory":false,"max_hp_per_floor":[66,66,71,71,71,71,71,71],"card_choices":[{"not_picked":["Dash","PiercingWail","Dodge and Roll"],"picked":"SKIP","floor":1},{"not_picked":["Setup","Cloak And Dagger","Expertise"],"picked":"SKIP","floor":6},{"not_picked":["Finisher","Night Terror"],"picked":"Acrobatics","floor":7}],"player_experience":166764,"relics_obtained":[{"floor":6,"key":"Dream Catcher"}],"event_choices":[{"damage_healed":0,"gold_gain":0,"player_choice":"Success","damage_taken":5,"relics_obtained":["Paper Crane"],"max_hp_gain":0,"max_hp_loss":0,"event_name":"Scrap Ooze","floor":2,"gold_loss":0},{"damage_healed":0,"gold_gain":0,"player_choice":"Donut","damage_taken":0,"max_hp_gain":5,"max_hp_loss":0,"event_name":"Big Fish","floor":3,"gold_loss":0},{"damage_healed":0,"gold_gain":75,"player_choice":"Gather Gold","damage_taken":11,"max_hp_gain":0,"max_hp_loss":0,"event_name":"World of Goop","floor":5,"gold_loss":0}],"is_beta":false,"boss_relics":[],"items_purged_floors":[4],"is_endless":false,"potions_floor_spawned":[6],"killed_by":"3 Sentries","ascension_level":20}