{"gold_per_floor":[109,109,34,47,47,47,81,81,130,130,148,162,195,209,209,288,288,301,315,315,325,335,335,335],"floor_reached":24,"playtime":1030,"items_purged":[],"score":374,"play_id":"54d22944-80a9-4ce8-bcd4-b248ae36435d","local_time":"20190609150650","is_ascension_mode":true,"campfire_choices":[{"data":"Poisoned Stab","floor":6,"key":"SMITH"},{"data":"Well Laid Plans","floor":8,"key":"SMITH"},{"floor":10,"key":"REST"},{"data":"Distraction","floor":15,"key":"SMITH"},{"floor":23,"key":"REST"}],"neow_cost":"NONE","seed_source_timestamp":210064519406100,"circlet_count":0,"master_deck":["AscendersBane","Defend_G","Defend_G","Defend_G","Defend_G+1","Defend_G","Strike_G+1","Strike_G+1","Survivor","Neutralize+1","Poisoned Stab+1","Flechettes+1","Well Laid Plans+1","Backstab","Blade Dance","Flying Knee","Distraction+1","Adrenaline","All Out Attack","Corpse Explosion","Deflect","Accuracy","Escape Plan"],"relics":["Ring of the Snake","Whetstone","Ancient Tea Set","Pantograph","Sozu"],"potions_floor_usage":[12,14,16,18],"damage_taken":[{"damage":0,"enemies":"Cultist","floor":1,"turns":5},{"damage":4,"enemies":"Jaw Worm","floor":4,"turns":4},{"damage":18,"enemies":"Gremlin Nob","floor":7,"turns":5},{"damage":0,"enemies":"2 Louse","floor":11,"turns":2},{"damage":0,"enemies":"Exordium Thugs","floor":12,"turns":4},{"damage":19,"enemies":"Lagavulin","floor":13,"turns":6},{"damage":0,"enemies":"Large Slime","floor":14,"turns":5},{"damage":34,"enemies":"Hexaghost","floor":16,"turns":11},{"damage":9,"enemies":"Shell Parasite","floor":18,"turns":4},{"damage":0,"enemies":"3 Byrds","floor":19,"turns":5},{"damage":21,"enemies":"3 Cultists","floor":21,"turns":5},{"damage":10,"enemies":"Sentry and Sphere","floor":22,"turns":6},{"damage":32,"enemies":"Slavers","floor":24,"turns":2}],"seed_played":"-2472814627738830229","potions_obtained":[{"floor":4,"key":"Energy Potion"},{"floor":11,"key":"PowerPotion"},{"floor":12,"key":"Strength Potion"},{"floor":16,"key":"Weak Potion"}],"is_trial":false,"path_per_floor":["M","$","?","M","?","R","E","R","T","R","M","M","E","M","R","B",null,"M","M","?","M","M","R","E"],"character_chosen":"THE_SILENT","items_purchased":[],"campfire_rested":2,"item_purchase_floors":[],"current_hp_per_floor":[59,59,59,55,35,35,17,17,17,36,36,36,17,17,17,8,52,43,43,43,22,12,31,0],"gold":335,"neow_bonus":"UPGRADE_CARD","is_prod":false,"is_daily":false,"chose_seed":false,"campfire_upgraded":3,"win_rate":0,"timestamp":1560085610,"path_taken":["M","?","?","M","?","R","E","R","T","R","?","M","E","M","R","BOSS","M","M","?","M","M","R","E"],"build_version":"2019-01-23","purchased_purges":0,"victory":false,"max_hp_per_floor":[66,66,66,66,66,66,66,66,66,66,66,66,66,66,66,66,66,66,66,66,66,66,66,66],"card_choices":[{"not_picked":["Deflect","Setup"],"picked":"Poisoned Stab","floor":1},{"not_picked":["Prepared","Phantasmal Killer"],"picked":"Flechettes","floor":4},{"not_picked":["Backstab","Sucker Punch"],"picked":"Well Laid Plans","floor":7},{"not_picked":["Prepared","Backflip"],"picked":"Backstab","floor":11},{"not_picked":["Bane","Acrobatics"],"picked":"Blade Dance","floor":12},{"not_picked":["Calculated Gamble","Riddle With Holes"],"picked":"Flying Knee","floor":13},{"not_picked":["Slice","Choke"],"picked":"Distraction","floor":14},{"not_picked":["Burst","Doppelganger"],"picked":"Adrenaline","floor":16},{"not_picked":["Underhanded Strike","Outmaneuver","Sucker Punch"],"picked":"SKIP","floor":18},{"not_picked":["Outmaneuver","Bane"],"picked":"All Out Attack","floor":19},{"not_picked":["Prepared","Underhanded Strike"],"picked":"Accuracy","floor":21},{"not_picked":["Distraction","Blade Dance"],"picked":"Escape Plan","floor":22}],"player_experience":1257657,"relics_obtained":[{"floor":7,"key":"Whetstone"},{"floor":9,"key":"Ancient Tea Set"},{"floor":13,"key":"Pantograph"}],"event_choices":[{"cards_removed":["Strike_G"],"damage_healed":0,"gold_gain":0,"player_choice":"Card Removal","damage_taken":0,"max_hp_gain":0,"max_hp_loss":0,"event_name":"The Cleric","floor":3,"gold_loss":75},{"damage_healed":0,"gold_gain":0,"player_choice":"Entered Light","damage_taken":20,"max_hp_gain":0,"max_hp_loss":0,"event_name":"Shining Light","floor":5,"gold_loss":0,"cards_upgraded":["Defend_G","Flechettes"]},{"damage_healed":0,"gold_gain":0,"cards_transformed":["Strike_G","Strike_G"],"player_choice":"Became Test Subject","damage_taken":0,"max_hp_gain":0,"max_hp_loss":0,"event_name":"Drug Dealer","floor":20,"gold_loss":0,"cards_obtained":["Corpse Explosion","Deflect"]}],"is_beta":false,"boss_relics":[{"not_picked":["Ectoplasm","Fusion Hammer"],"picked":"Sozu"}],"items_purged_floors":[],"is_endless":false,"potions_floor_spawned":[4,11,12,16,18,21],"killed_by":"Slavers","ascension_level":16}