{"path_per_floor":["M","$","?","?","M","E","$","R","T","M","M","R","$","M","R","B",null,"M","?","$","M","?","R","$","R","T","R","M","M","M","M","R"],"character_chosen":"IRONCLAD","items_purchased":["Flex","Art of War","Anchor"],"gold_per_floor":[117,117,292,292,303,333,207,207,282,292,304,304,9,24,24,121,121,132,132,32,47,47,47,47,47,71,71,90,100,119,130,130,130],"floor_reached":33,"campfire_rested":1,"playtime":1008,"current_hp_per_floor":[78,78,78,62,68,74,74,74,74,76,66,66,66,75,75,47,72,64,64,64,65,65,65,65,65,65,65,44,53,53,48,80,0],"items_purged":["Doubt","Writhe"],"gold":130,"score":381,"play_id":"7be4be18-d2e4-4f27-b25f-d11bd53bde1c","local_time":"20180517204821","is_prod":false,"is_daily":false,"chose_seed":false,"is_ascension_mode":true,"campfire_upgraded":6,"timestamp":1526586501,"path_taken":["M","$","?","?","M","E","$","R","T","M","M","R","$","M","R","BOSS","M","?","$","M","?","R","?","R","T","R","M","M","M","M","R","BOSS"],"build_version":"2018-05-10","seed_source_timestamp":8179648885961,"purchased_purges":2,"victory":false,"master_deck":["Strike_R","Strike_R+1","Strike_R+1","Strike_R","Strike_R","Defend_R","Defend_R","Defend_R","Defend_R","Bash","Flex+1","Inflame+1","Flex+1","Iron Wave+1","Rampage+1","Pommel Strike+1","Whirlwind+1"],"max_hp_per_floor":[80,80,80,80,80,80,80,80,80,80,80,80,80,80,80,80,80,80,80,80,80,80,80,80,80,80,80,80,80,80,80,80,80],"relics":["Burning Blood","NeowsBlessing","Magic Flower","Centennial Puzzle","Art of War","Anchor","Philosopher\u0027s Stone","Mercury Hourglass","Regal Pillow"],"card_choices":[{"not_picked":["Sentinel","Second Wind"],"picked":"Flex","floor":1},{"not_picked":["Cleave","Pommel Strike"],"picked":"Inflame","floor":5},{"not_picked":["Dual Wield","Anger"],"picked":"Iron Wave","floor":14},{"not_picked":["Juggernaut","Bludgeon"],"picked":"Barricade","floor":16},{"not_picked":["Twin Strike","Intimidate"],"picked":"Rampage","floor":18},{"not_picked":["Twin Strike","Fire Breathing"],"picked":"Pommel Strike","floor":21}],"player_experience":306381,"potions_floor_usage":[11,16,18,28,33],"damage_taken":[{"damage":0,"enemies":"2 Louse","floor":1,"turns":1},{"damage":0,"enemies":"Small Slimes","floor":5,"turns":1},{"damage":0,"enemies":"Lagavulin","floor":6,"turns":1},{"damage":7,"enemies":"Jaw Worm","floor":10,"turns":2},{"damage":19,"enemies":"Large Slime","floor":11,"turns":5},{"damage":0,"enemies":"3 Louse","floor":14,"turns":2},{"damage":37,"enemies":"The Guardian","floor":16,"turns":9},{"damage":17,"enemies":"3 Byrds","floor":18,"turns":3},{"damage":8,"enemies":"Spheric Guardian","floor":21,"turns":3},{"damage":30,"enemies":"Snake Plant","floor":28,"turns":3},{"damage":0,"enemies":"Sentry and Sphere","floor":29,"turns":2},{"damage":9,"enemies":"3 Cultists","floor":30,"turns":3},{"damage":14,"enemies":"Chosen and Byrds","floor":31,"turns":3},{"damage":91,"enemies":"Automaton","floor":33,"turns":6}],"event_choices":[{"event_name":"Liars Game","player_choice":"agreed","floor":3,"damage_taken":0},{"event_name":"Shining Light","player_choice":"Entered Light","floor":4,"damage_taken":0},{"event_name":"The Mausoleum","player_choice":"Yes","floor":19,"damage_taken":0},{"event_name":"Transmorgrifier","player_choice":"Transform","floor":22,"damage_taken":0}],"boss_relics":[{"not_picked":["Runic Pyramid","Pandora\u0027s Box"],"picked":"Philosopher\u0027s Stone"}],"potions_floor_spawned":[5,11,16,21,30],"seed_played":"-5493153207465762613","killed_by":"Automaton","ascension_level":8,"is_trial":false}