{"gold_per_floor":[110,35,55,55,55,86,31,57,82,98,163,163,182,192,192,266,266,277,290,290,162,177,177,193,208,231,231],"floor_reached":27,"playtime":1215,"items_purged":["Strike_B","Aggregate"],"score":545,"play_id":"196400c1-6826-4eb0-90ee-74a9d7baf4e4","local_time":"20190329213452","is_ascension_mode":true,"campfire_choices":[{"data":"Zap","floor":12,"key":"SMITH"},{"data":"Static Discharge","floor":15,"key":"SMITH"},{"floor":23,"key":"REST"}],"neow_cost":"NONE","seed_source_timestamp":1076498116053277,"circlet_count":0,"master_deck":["AscendersBane","Zap+1","Dualcast","Cold Snap","Cold Snap","Recycle","Cold Snap","Ball Lightning","Ball Lightning","Conserve Battery","Glacier","Seek","Static Discharge+1","Electrodynamics","Chaos","Echo Form","Leap","Sweeping Beam","Amplify","Gash","Cold Snap","Ball Lightning","Undo","Reinforced Body","Cold Snap","Capacitor","Defragment","Reboot","Seek","Auto Shields","Leap"],"relics":["Cracked Core","NeowsBlessing","Omamori","Kunai","Prayer Wheel","Question Card","Anchor","Tiny Chest","Pandora\u0027s Box","Dream Catcher","Lantern"],"potions_floor_usage":[8],"damage_taken":[{"damage":0,"enemies":"Cultist","floor":1,"turns":1},{"damage":0,"enemies":"Small Slimes","floor":3,"turns":1},{"damage":0,"enemies":"Lagavulin","floor":6,"turns":1},{"damage":8,"enemies":"3 Sentries","floor":8,"turns":7},{"damage":0,"enemies":"Jaw Worm","floor":10,"turns":3},{"damage":15,"enemies":"Lagavulin","floor":11,"turns":5},{"damage":0,"enemies":"Looter","floor":13,"turns":2},{"damage":0,"enemies":"3 Louse","floor":14,"turns":3},{"damage":19,"enemies":"Hexaghost","floor":16,"turns":10},{"damage":4,"enemies":"Chosen","floor":18,"turns":6},{"damage":27,"enemies":"Shell Parasite","floor":19,"turns":7},{"damage":8,"enemies":"Snecko","floor":22,"turns":4},{"damage":35,"enemies":"Shelled Parasite and Fungi","floor":24,"turns":8},{"damage":2,"enemies":"Centurion and Healer","floor":25,"turns":8},{"damage":13,"enemies":"Colosseum Slavers","floor":27,"turns":3}],"seed_played":"-1978735355254405570","potions_obtained":[{"floor":1,"key":"LiquidBronze"},{"floor":3,"key":"Explosive Potion"},{"floor":10,"key":"Energy Potion"},{"floor":16,"key":"LiquidBronze"}],"is_trial":false,"path_per_floor":["M","$","M","?","?","E","$","E","T","M","E","R","M","M","R","B",null,"M","M","?","$","M","R","M","M","T","?"],"character_chosen":"DEFECT","items_purchased":["Cold Snap","Cold Snap"],"campfire_rested":1,"item_purchase_floors":[7,21],"current_hp_per_floor":[64,64,64,53,53,53,53,45,45,45,30,30,30,30,30,11,56,52,25,25,25,17,38,3,1,1,0],"gold":231,"neow_bonus":"THREE_ENEMY_KILL","is_prod":false,"is_daily":false,"chose_seed":false,"campfire_upgraded":2,"win_rate":0,"timestamp":1553891692,"path_taken":["M","?","M","?","?","E","?","E","T","M","E","R","M","M","R","BOSS","M","M","?","$","M","R","M","M","T","?"],"build_version":"2019-01-23","purchased_purges":2,"victory":false,"max_hp_per_floor":[71,71,71,71,71,71,71,71,71,71,71,71,71,71,71,71,71,71,71,71,71,71,71,71,71,71,71],"card_choices":[{"not_picked":["Tempest","Storm"],"picked":"Cold Snap","floor":1},{"not_picked":["Barrage","Go for the Eyes"],"picked":"Cold Snap","floor":3},{"not_picked":["Auto Shields","Heatsinks"],"picked":"Recycle","floor":6},{"not_picked":["Rebound","Auto Shields"],"picked":"Ball Lightning","floor":8},{"not_picked":["Cold Snap","Compile Driver","Doom and Gloom"],"picked":"Ball Lightning","floor":10},{"not_picked":["Thunder Strike","Chill","Hologram"],"picked":"Conserve Battery","floor":10},{"not_picked":["Barrage","Genetic Algorithm","Double Energy"],"picked":"Glacier","floor":11},{"not_picked":["Aggregate","Redo","Fusion"],"picked":"Seek","floor":13},{"not_picked":["Double Energy","Recycle","Go for the Eyes","Steam"],"picked":"SKIP","floor":13},{"not_picked":["Rip and Tear","Steam","Tempest"],"picked":"Static Discharge","floor":14},{"not_picked":["Rebound","Stack","Scrape","Skim"],"picked":"SKIP","floor":14},{"not_picked":["All For One","Amplify","Seek"],"picked":"Electrodynamics","floor":16},{"not_picked":["Beam Cell","Compile Driver+1","Steam"],"picked":"Cold Snap","floor":18},{"not_picked":["Streamline+1","Chaos","FTL"],"picked":"Ball Lightning","floor":18},{"not_picked":["Stack","Coolheaded","Ball Lightning"],"picked":"Undo","floor":19},{"not_picked":["Gash","Genetic Algorithm","Sweeping Beam"],"picked":"Reinforced Body","floor":19},{"not_picked":["Heatsinks+1","Lockon","Skim"],"picked":"Capacitor","floor":22},{"not_picked":["Compile Driver","Beam Cell","White Noise","Auto Shields"],"picked":"SKIP","floor":22},{"not_picked":["Skim","Ball Lightning","Conserve Battery"],"picked":"Defragment","floor":23},{"not_picked":["Storm","Barrage","Gash"],"picked":"Reboot","floor":24},{"not_picked":["Sweeping Beam","Skim","Double Energy"],"picked":"Seek","floor":24},{"not_picked":["Stack","Sunder","Sweeping Beam"],"picked":"Auto Shields","floor":25},{"not_picked":["Auto Shields","Barrage","Stack"],"picked":"Leap","floor":25}],"player_experience":745500,"relics_obtained":[{"floor":6,"key":"Prayer Wheel"},{"floor":8,"key":"Question Card"},{"floor":9,"key":"Anchor"},{"floor":11,"key":"Tiny Chest"},{"floor":26,"key":"Lantern"}],"event_choices":[{"damage_healed":0,"gold_gain":0,"player_choice":"Success","damage_taken":11,"relics_obtained":["Omamori"],"max_hp_gain":0,"max_hp_loss":0,"event_name":"Scrap Ooze","floor":4,"gold_loss":0},{"damage_healed":0,"gold_gain":0,"player_choice":"Box","damage_taken":0,"relics_obtained":["Kunai"],"max_hp_gain":0,"max_hp_loss":0,"event_name":"Big Fish","floor":5,"gold_loss":0,"cards_obtained":["Regret"]},{"damage_healed":0,"gold_gain":0,"player_choice":"Stole Relic","damage_taken":0,"relics_obtained":["Dream Catcher"],"max_hp_gain":0,"max_hp_loss":0,"event_name":"Addict","floor":20,"gold_loss":0,"cards_obtained":["Shame"]},{"damage_healed":0,"gold_gain":0,"player_choice":"Fight","damage_taken":0,"max_hp_gain":0,"max_hp_loss":0,"event_name":"Colosseum","floor":27,"gold_loss":0}],"is_beta":false,"boss_relics":[{"not_picked":["Fusion Hammer","Ectoplasm"],"picked":"Pandora\u0027s Box"}],"items_purged_floors":[2,21],"is_endless":false,"potions_floor_spawned":[1,3,6,10,16,19,25],"killed_by":"Colosseum Slavers","ascension_level":20}