{"gold_per_floor":[119,132,132,33,50,50,10,10,86,86,104,121,133,158,158,255,255,265,265,284,295,295,326,326,340,340,340,356,356,386,398,398,398],"floor_reached":33,"playtime":1176,"items_purged":["Strike_B"],"score":417,"play_id":"96c09a65-1338-4bcf-985b-3e7050d9355d","local_time":"20180909122039","is_ascension_mode":true,"campfire_choices":[{"data":"Doom and Gloom","floor":6,"key":"SMITH"},{"data":"Go for the Eyes","floor":8,"key":"SMITH"},{"data":"Genetic Algorithm","floor":10,"key":"SMITH"},{"floor":15,"key":"REST"},{"floor":24,"key":"REST"},{"floor":27,"key":"REST"},{"data":"Hyperbeam","floor":32,"key":"SMITH"}],"neow_cost":"","seed_source_timestamp":1905554053402207,"circlet_count":0,"master_deck":["Strike_B+1","Strike_B+1","Strike_B+1","Defend_B+1","Defend_B+1","Defend_B+1","Defend_B+1","Zap+1","Dualcast+1","AscendersBane","FTL","Doom and Gloom+1","Go for the Eyes+1","Gash","Genetic Algorithm+1","Core Surge","Hologram","Leap+1","Hyperbeam+1","Rebound+1","Gash","Hologram+1","Beam Cell+1","Biased Cognition","Injury","Steam","Clumsy","Redo"],"relics":["Cracked Core","Pear","PreservedInsect","Cursed Key","War Paint","Blue Candle","Mummified Hand","Red Mask"],"potions_floor_usage":[16,16,18,20,33],"damage_taken":[{"damage":9,"enemies":"Jaw Worm","floor":1,"turns":4},{"damage":1,"enemies":"Cultist","floor":2,"turns":3},{"damage":0,"enemies":"2 Louse","floor":5,"turns":2},{"damage":4,"enemies":"Red Slaver","floor":11,"turns":3},{"damage":1,"enemies":"2 Fungi Beasts","floor":12,"turns":2},{"damage":9,"enemies":"Blue Slaver","floor":13,"turns":2},{"damage":5,"enemies":"3 Sentries","floor":14,"turns":3},{"damage":40,"enemies":"Hexaghost","floor":16,"turns":8},{"damage":0,"enemies":"Chosen","floor":18,"turns":3},{"damage":0,"enemies":"2 Thieves","floor":20,"turns":2},{"damage":6,"enemies":"Cultist and Chosen","floor":21,"turns":4},{"damage":26,"enemies":"Slavers","floor":23,"turns":5},{"damage":12,"enemies":"Snecko","floor":25,"turns":4},{"damage":13,"enemies":"Chosen and Byrds","floor":28,"turns":4},{"damage":0,"enemies":"Masked Bandits","floor":30,"turns":3},{"damage":9,"enemies":"Cultist and Chosen","floor":31,"turns":5},{"damage":41,"enemies":"Automaton","floor":33,"turns":4}],"seed_played":"3525947696713200072","potions_obtained":[{"floor":1,"key":"Regen Potion"},{"floor":2,"key":"Swift Potion"},{"floor":12,"key":"SteroidPotion"},{"floor":16,"key":"AttackPotion"},{"floor":23,"key":"FocusPotion"},{"floor":25,"key":"Explosive Potion"},{"floor":28,"key":"FearPotion"}],"is_trial":false,"path_per_floor":["M","M","?","$","M","R","$","R","T","R","M","M","M","E","R","B",null,"M","?","M","M","?","E","R","M","T","R","M","T","?","M","R"],"character_chosen":"DEFECT","items_purchased":["Go for the Eyes","Genetic Algorithm"],"campfire_rested":3,"item_purchase_floors":[4,7],"current_hp_per_floor":[59,58,43,43,43,43,43,43,53,53,49,48,39,34,59,34,72,72,56,56,50,50,24,49,37,37,62,49,49,49,40,40,0],"gold":398,"neow_bonus":"","is_prod":false,"is_daily":false,"chose_seed":false,"campfire_upgraded":4,"win_rate":0,"timestamp":1536492039,"path_taken":["M","M","?","$","M","R","?","R","T","R","M","?","M","E","R","BOSS","M","?","M","M","?","E","R","M","T","R","?","?","?","?","R","BOSS"],"build_version":"2018-09-06","purchased_purges":1,"victory":false,"max_hp_per_floor":[75,75,75,75,75,75,75,75,85,85,85,85,85,85,85,85,85,85,85,85,85,85,85,85,85,85,85,85,85,85,85,85,85],"card_choices":[{"not_picked":["Tempest","Force Field"],"picked":"FTL","floor":1},{"not_picked":["Tempest","Skim"],"picked":"Doom and Gloom","floor":2},{"not_picked":["Steam Power","Go for the Eyes"],"picked":"Gash","floor":5},{"not_picked":["Cold Snap","Defragment"],"picked":"Core Surge","floor":11},{"not_picked":["Beam Cell","Chaos","Storm"],"picked":"SKIP","floor":12},{"not_picked":["Skim","Chaos"],"picked":"Hologram","floor":13},{"not_picked":["Rebound","Force Field"],"picked":"Leap","floor":14},{"not_picked":["Buffer","Thunder Strike"],"picked":"Hyperbeam","floor":16},{"not_picked":["Compile Driver+1","Lockon"],"picked":"Rebound+1","floor":18},{"not_picked":["Sweeping Beam","Ball Lightning+1"],"picked":"Gash","floor":20},{"not_picked":["Reprogram","Barrage"],"picked":"Hologram+1","floor":21},{"not_picked":["FTL","Streamline"],"picked":"Beam Cell+1","floor":23},{"not_picked":["Sweeping Beam+1","Rebound"],"picked":"Biased Cognition","floor":25},{"not_picked":["Coolheaded","Storm"],"picked":"Steam","floor":28},{"not_picked":["Steam Power","Static Discharge"],"picked":"Redo","floor":30},{"not_picked":["Steam Power","Steam","Compile Driver"],"picked":"SKIP","floor":31}],"player_experience":704855,"relics_obtained":[{"floor":9,"key":"Pear"},{"floor":14,"key":"PreservedInsect"},{"floor":23,"key":"War Paint"},{"floor":26,"key":"Blue Candle"},{"floor":29,"key":"Mummified Hand"},{"floor":30,"key":"Red Mask"}],"event_choices":[{"event_name":"Shining Light","player_choice":"Entered Light","floor":3,"damage_taken":0},{"event_name":"Knowing Skull","player_choice":"POTION ","floor":19,"damage_taken":0},{"event_name":"Back to Basics","player_choice":"Simplicity","floor":22,"damage_taken":0},{"event_name":"Masked Bandits","player_choice":"Fought Bandits","floor":30,"damage_taken":0}],"is_beta":false,"boss_relics":[{"not_picked":["White Beast Statue","Coffee Dripper"],"picked":"Cursed Key"}],"items_purged_floors":[4],"is_endless":false,"potions_floor_spawned":[1,2,12,16,23,25,28],"killed_by":"Automaton","ascension_level":11}