{"gold_per_floor":[116,130,130,143,156,156,182,182,229,241,258,284,301,311,311,387,387,397,417,44,94,94],"floor_reached":22,"playtime":1133,"items_purged":["Strike_B"],"score":361,"play_id":"1054489e-87dd-483e-8f7c-6e2b1d3f677b","local_time":"20190519212349","is_ascension_mode":true,"campfire_choices":[{"data":"Zap","floor":6,"key":"SMITH"},{"data":"Defragment","floor":8,"key":"SMITH"},{"floor":15,"key":"REST"}],"neow_cost":"NONE","seed_source_timestamp":74009981352488,"circlet_count":0,"master_deck":["AscendersBane","Strike_B","Strike_B","Defend_B","Defend_B","Defend_B","Defend_B","Zap+1","Dualcast","Cold Snap","Leap","Ball Lightning","Defragment+1","Hologram","White Noise","Steam","Consume","Multi-Cast","Capacitor","Self Repair"],"relics":["Cracked Core","Bag of Preparation","Blue Candle","Boot","Vajra","Runic Pyramid","Runic Capacitor"],"potions_floor_usage":[7,16,19],"damage_taken":[{"damage":0,"enemies":"Cultist","floor":1,"turns":3},{"damage":5,"enemies":"Small Slimes","floor":2,"turns":3},{"damage":0,"enemies":"Jaw Worm","floor":4,"turns":4},{"damage":14,"enemies":"Exordium Wildlife","floor":5,"turns":5},{"damage":18,"enemies":"Lagavulin","floor":7,"turns":5},{"damage":20,"enemies":"Exordium Thugs","floor":10,"turns":4},{"damage":2,"enemies":"Looter","floor":11,"turns":3},{"damage":2,"enemies":"3 Louse","floor":13,"turns":4},{"damage":7,"enemies":"Lots of Slimes","floor":14,"turns":5},{"damage":16,"enemies":"Hexaghost","floor":16,"turns":9},{"damage":4,"enemies":"Chosen","floor":18,"turns":5},{"damage":22,"enemies":"2 Thieves","floor":19,"turns":3},{"damage":31,"enemies":"Shelled Parasite and Fungi","floor":22,"turns":2}],"seed_played":"-1845507257523791128","potions_obtained":[{"floor":2,"key":"AttackPotion"},{"floor":4,"key":"LiquidBronze"},{"floor":5,"key":"Regen Potion"},{"floor":10,"key":"Ancient Potion"},{"floor":13,"key":"Fire Potion"},{"floor":16,"key":"Strength Potion"}],"is_trial":false,"path_per_floor":["M","M","?","M","M","R","E","R","T","M","M","T","M","M","R","B",null,"M","M","$","?","M"],"character_chosen":"DEFECT","items_purchased":["Runic Capacitor","Self Repair"],"campfire_rested":1,"item_purchase_floors":[20,20],"current_hp_per_floor":[64,59,52,52,38,38,34,34,34,14,12,12,10,3,24,8,55,51,29,29,29,0],"gold":94,"neow_bonus":"RANDOM_COMMON_RELIC","is_prod":false,"is_daily":false,"chose_seed":false,"campfire_upgraded":2,"win_rate":0,"timestamp":1558297429,"path_taken":["M","?","?","M","M","R","E","R","T","M","M","?","M","M","R","BOSS","M","M","$","?","M"],"build_version":"2019-01-23","purchased_purges":1,"victory":false,"max_hp_per_floor":[71,71,71,71,71,71,71,71,71,71,71,71,71,71,71,71,71,71,71,71,71,71],"card_choices":[{"not_picked":["Conserve Battery","Self Repair"],"picked":"Cold Snap","floor":1},{"not_picked":["Coolheaded","Tempest"],"picked":"Leap","floor":2},{"not_picked":["Rip and Tear","Steam"],"picked":"Ball Lightning","floor":4},{"not_picked":["Cold Snap","Hello World","Turbo"],"picked":"SKIP","floor":5},{"not_picked":["Skim","Ball Lightning"],"picked":"Defragment","floor":7},{"not_picked":["Rebound","Genetic Algorithm"],"picked":"Hologram","floor":10},{"not_picked":["Redo","Sweeping Beam"],"picked":"White Noise","floor":11},{"not_picked":["Skim","Hyperbeam"],"picked":"Steam","floor":13},{"not_picked":["Skim","Conserve Battery"],"picked":"Consume","floor":14},{"not_picked":["Meteor Strike","Machine Learning"],"picked":"Multi-Cast","floor":16},{"not_picked":["Compile Driver","Barrage+1","Steam"],"picked":"SKIP","floor":18},{"not_picked":["Ball Lightning","Storm"],"picked":"Capacitor","floor":19}],"player_experience":1019709,"relics_obtained":[{"floor":7,"key":"Blue Candle"},{"floor":9,"key":"Boot"},{"floor":12,"key":"Vajra"}],"event_choices":[{"cards_removed":["Strike_B"],"damage_healed":0,"gold_gain":0,"player_choice":"Card Removal","damage_taken":7,"max_hp_gain":0,"max_hp_loss":0,"event_name":"Golden Wing","floor":3,"gold_loss":0},{"damage_healed":0,"gold_gain":50,"player_choice":"Stole From Cult","damage_taken":0,"max_hp_gain":0,"max_hp_loss":0,"event_name":"Nest","floor":21,"gold_loss":0}],"is_beta":false,"boss_relics":[{"not_picked":["Coffee Dripper","Black Star"],"picked":"Runic Pyramid"}],"items_purged_floors":[20],"is_endless":false,"potions_floor_spawned":[2,4,5,10,13,16],"killed_by":"Shelled Parasite and Fungi","ascension_level":18}