{"gold_per_floor":[116,128,128,146,165,165,190,204,230,249,280,255,268,67,67,67],"floor_reached":16,"playtime":787,"items_purged":[],"score":139,"play_id":"8bbfd9fb-25cf-4149-8061-9195f10f691d","local_time":"20190608164154","is_ascension_mode":false,"campfire_choices":[{"data":"Pommel Strike","floor":6,"key":"SMITH"},{"floor":15,"key":"REST"}],"neow_cost":"PERCENT_DAMAGE","seed_source_timestamp":1293914850134600,"circlet_count":0,"master_deck":["Strike_R","Strike_R","Strike_R","Strike_R","Defend_R","Defend_R","Defend_R","Defend_R","Bash","Pommel Strike+1","Body Slam","Ghostly Armor","Offering","Shrug It Off","Whirlwind"],"relics":["Burning Blood","Anchor","Vajra","Regal Pillow","Strange Spoon"],"potions_floor_usage":[7,7,11,16],"damage_taken":[{"damage":6,"enemies":"Cultist","floor":1,"turns":3},{"damage":5,"enemies":"Jaw Worm","floor":2,"turns":6},{"damage":1,"enemies":"2 Louse","floor":4,"turns":3},{"damage":5,"enemies":"Exordium Wildlife","floor":5,"turns":5},{"damage":34,"enemies":"3 Sentries","floor":7,"turns":10},{"damage":6,"enemies":"Looter","floor":8,"turns":3},{"damage":6,"enemies":"3 Louse","floor":10,"turns":4},{"damage":16,"enemies":"Gremlin Nob","floor":11,"turns":3},{"damage":6,"enemies":"Lots of Slimes","floor":13,"turns":2},{"damage":90,"enemies":"The Guardian","floor":16,"turns":15}],"seed_played":"1022799534703910202","potions_obtained":[{"floor":1,"key":"Strength Potion"},{"floor":2,"key":"Energy Potion"},{"floor":10,"key":"Weak Potion"},{"floor":11,"key":"GamblersBrew"},{"floor":13,"key":"LiquidBronze"}],"is_trial":false,"path_per_floor":["M","M","?","M","M","R","E","M","T","M","E","?","M","$","R","B"],"character_chosen":"IRONCLAD","items_purchased":["Strange Spoon"],"campfire_rested":1,"item_purchase_floors":[14],"current_hp_per_floor":[72,73,66,71,72,72,44,44,44,44,34,34,34,34,77,0],"gold":67,"neow_bonus":"TWENTY_PERCENT_HP_BONUS","is_prod":false,"is_daily":false,"chose_seed":false,"campfire_upgraded":1,"win_rate":0,"timestamp":1560026514,"path_taken":["M","?","?","M","M","R","E","M","T","M","E","?","M","?","R","BOSS"],"build_version":"2019-01-23","purchased_purges":0,"victory":false,"max_hp_per_floor":[96,96,96,96,96,96,96,96,96,96,96,96,96,96,96,96],"card_choices":[{"not_picked":["Carnage","Iron Wave"],"picked":"Pommel Strike","floor":1},{"not_picked":["Perfected Strike","Dropkick"],"picked":"Body Slam","floor":2},{"not_picked":["Headbutt","Uppercut","Heavy Blade"],"picked":"SKIP","floor":4},{"not_picked":["Seeing Red","Wild Strike"],"picked":"Ghostly Armor","floor":5},{"not_picked":["Heavy Blade","Bloodletting"],"picked":"Offering","floor":7},{"not_picked":["Headbutt","Clothesline","Armaments"],"picked":"SKIP","floor":8},{"not_picked":["Spot Weakness","Thunderclap"],"picked":"Shrug It Off","floor":10},{"not_picked":["Inflame","Clash"],"picked":"Whirlwind","floor":11},{"not_picked":["Headbutt","Dropkick","Perfected Strike"],"picked":"SKIP","floor":13}],"player_experience":153899,"relics_obtained":[{"floor":7,"key":"Anchor"},{"floor":9,"key":"Vajra"},{"floor":11,"key":"Regal Pillow"}],"event_choices":[{"cards_removed":["Strike_R"],"damage_healed":0,"gold_gain":0,"player_choice":"Card Removal","damage_taken":7,"max_hp_gain":0,"max_hp_loss":0,"event_name":"Golden Wing","floor":3,"gold_loss":0},{"damage_healed":0,"gold_gain":0,"player_choice":"Left Gold","damage_taken":0,"max_hp_gain":0,"max_hp_loss":0,"event_name":"World of Goop","floor":12,"gold_loss":25}],"is_beta":false,"boss_relics":[],"items_purged_floors":[],"is_endless":false,"potions_floor_spawned":[1,2,10,11,13],"killed_by":"The Guardian","ascension_level":0}