{"gold_per_floor":[115,129,129,129,145,145,185,185,210,225,225,225],"floor_reached":12,"playtime":2321,"items_purged":[],"score":144,"play_id":"79b807f3-32f4-4a7b-935e-6918e22e7e56","local_time":"20190705012613","is_ascension_mode":true,"campfire_choices":[{"data":"Zap","floor":6,"key":"SMITH"},{"data":"Chaos","floor":11,"key":"SMITH"}],"neow_cost":"NONE","seed_source_timestamp":1471581788784900,"circlet_count":0,"master_deck":["AscendersBane","Strike_B","Strike_B","Strike_B","Defend_B","Defend_B","Defend_B","Defend_B","Zap+1","Dualcast","Chaos+1","Leap","Beam Cell","Injury","Chill","Capacitor","Gash"],"relics":["Cracked Core","Golden Idol","Omamori","Dream Catcher"],"potions_floor_usage":[5,7],"damage_taken":[{"damage":9,"enemies":"Jaw Worm","floor":1,"turns":4},{"damage":9,"enemies":"Small Slimes","floor":2,"turns":4},{"damage":0,"enemies":"2 Louse","floor":5,"turns":2},{"damage":29,"enemies":"3 Sentries","floor":7,"turns":12},{"damage":11,"enemies":"Lots of Slimes","floor":10,"turns":7},{"damage":15,"enemies":"Gremlin Gang","floor":12,"turns":3}],"seed_played":"-4902239283863513410","potions_obtained":[{"floor":1,"key":"LiquidBronze"},{"floor":2,"key":"Fire Potion"},{"floor":8,"key":"Strength Potion"},{"floor":8,"key":"Energy Potion"}],"is_trial":false,"path_per_floor":["M","M","?","?","M","R","E","?","T","M","R","M"],"character_chosen":"DEFECT","items_purchased":[],"campfire_rested":0,"item_purchase_floors":[],"current_hp_per_floor":[62,53,53,53,53,53,24,24,24,13,13,0],"gold":225,"neow_bonus":"TEN_PERCENT_HP_BONUS","is_prod":false,"is_daily":false,"chose_seed":false,"campfire_upgraded":2,"win_rate":0,"timestamp":1562282773,"path_taken":["M","M","?","?","M","R","E","?","T","M","R","M"],"build_version":"2019-07-01","purchased_purges":0,"victory":false,"max_hp_per_floor":[78,78,78,78,78,78,78,78,78,78,78,78],"card_choices":[{"not_picked":["Storm","Aggregate"],"picked":"Chaos","floor":1},{"not_picked":["Beam Cell","Stack"],"picked":"Leap","floor":2},{"not_picked":["Go for the Eyes","Rebound"],"picked":"Chill","floor":5},{"not_picked":["Rip and Tear","Loop"],"picked":"Capacitor","floor":7},{"not_picked":["Heatsinks","Go for the Eyes"],"picked":"Gash","floor":10}],"player_experience":1595386,"relics_obtained":[{"floor":7,"key":"Omamori"},{"floor":9,"key":"Dream Catcher"}],"event_choices":[{"damage_healed":0,"gold_gain":0,"cards_transformed":["Strike_B"],"player_choice":"Change","damage_taken":0,"max_hp_gain":0,"max_hp_loss":0,"event_name":"Living Wall","floor":3,"gold_loss":0,"cards_obtained":["Beam Cell"]},{"damage_healed":0,"gold_gain":0,"player_choice":"Take Wound","damage_taken":0,"relics_obtained":["Golden Idol"],"max_hp_gain":0,"max_hp_loss":0,"event_name":"Golden Idol","floor":4,"gold_loss":0,"cards_obtained":["Injury"]},{"damage_healed":0,"gold_gain":0,"player_choice":"Got Potions","damage_taken":0,"max_hp_gain":0,"max_hp_loss":0,"event_name":"Lab","floor":8,"gold_loss":0}],"is_beta":false,"boss_relics":[],"items_purged_floors":[],"is_endless":false,"potions_floor_spawned":[1,2,10],"killed_by":"Gremlin Gang","ascension_level":17}