{"gold_per_floor":[117,129,147,147,158,188,11,11,37,37,54,68,68,126,126,201,201,219,419,437,9,9,24,24,48,48,48,63,63,63,18,18,18],"floor_reached":33,"playtime":1079,"items_purged":["Strike_B","Strike_B"],"score":514,"play_id":"cae89af6-fd90-45dd-bbe5-14a7d51663a9","local_time":"20190226222003","is_ascension_mode":true,"campfire_choices":[{"floor":8.0,"key":"REST"},{"data":"Blizzard","floor":10.0,"key":"SMITH"},{"floor":13.0,"key":"REST"},{"floor":15.0,"key":"REST"},{"floor":24,"key":"REST"},{"floor":27,"key":"REST"},{"data":"Creative AI","floor":29,"key":"SMITH"},{"data":"Static Discharge","floor":32,"key":"SMITH"}],"neow_cost":"NONE","seed_source_timestamp":900472941959320,"circlet_count":0,"master_deck":["AscendersBane","Strike_B","Strike_B","Defend_B","Defend_B","Defend_B","Defend_B","Zap","Dualcast","Cold Snap","Streamline+1","Sweeping Beam","Cold Snap","Cold Snap","Blizzard+1","Leap","Reinforced Body","Seek","Creative AI+1","Coolheaded","Static Discharge+1","Self Repair+1","Hologram+1","Capacitor"],"special_seed":0,"relics":["Cracked Core","NeowsBlessing","Ancient Tea Set","Orichalcum","Tiny Chest","Nuclear Battery","Emotion Chip","Anchor"],"potions_floor_usage":[23,30],"damage_taken":[{"damage":0.0,"enemies":"Small Slimes","floor":1.0,"turns":1.0},{"damage":0.0,"enemies":"Cultist","floor":2.0,"turns":1.0},{"damage":0.0,"enemies":"Jaw Worm","floor":3.0,"turns":1.0},{"damage":12.0,"enemies":"Blue Slaver","floor":5.0,"turns":3.0},{"damage":29.0,"enemies":"Lagavulin","floor":6.0,"turns":5.0},{"damage":12.0,"enemies":"Large Slime","floor":11.0,"turns":5.0},{"damage":12.0,"enemies":"3 Louse","floor":12.0,"turns":3.0},{"damage":25.0,"enemies":"Gremlin Nob","floor":14.0,"turns":6.0},{"damage":32.0,"enemies":"Hexaghost","floor":16.0,"turns":13.0},{"damage":1.0,"enemies":"Spheric Guardian","floor":18.0,"turns":5.0},{"damage":23.0,"enemies":"Shell Parasite","floor":20.0,"turns":7.0},{"damage":14,"enemies":"Cultist and Chosen","floor":23,"turns":7},{"damage":9,"enemies":"Snecko","floor":28,"turns":8},{"damage":0,"enemies":"Shelled Parasite and Fungi","floor":30,"turns":1},{"damage":79,"enemies":"Collector","floor":33,"turns":6}],"seed_played":"-6353142182600331480","potions_obtained":[{"floor":1.0,"key":"AttackPotion"},{"floor":2.0,"key":"AttackPotion"},{"floor":11.0,"key":"Weak Potion"},{"floor":20.0,"key":"Strength Potion"},{"floor":28,"key":"SmokeBomb"}],"is_trial":false,"path_per_floor":["M","M","M","?","M","E","$","R","T","R","M","M","R","E","R","B",null,"M","?","M","$","$","M","R","T","T","R","M","R","M","$","R","B"],"character_chosen":"DEFECT","items_purchased":["Blizzard","Leap","Emotion Chip","Capacitor"],"campfire_rested":5,"item_purchase_floors":[7,7,21,31],"current_hp_per_floor":[64,64,64,64,52,23,23,44,44,44,32,20,41,16,37,5,55,54,54,31,31,31,17,38,38,38,59,60,60,60,60,60,0],"gold":18,"neow_bonus":"THREE_ENEMY_KILL","is_prod":false,"is_daily":false,"chose_seed":false,"campfire_upgraded":3,"win_rate":0,"timestamp":1551216003,"path_taken":["M","M","M","?","M","E","?","R","T","R","?","M","R","E","R","BOSS","M","?","M","?","$","M","R","?","T","R","M","R","M","?","R","BOSS"],"build_version":"2019-01-23","purchased_purges":2,"victory":false,"max_hp_per_floor":[71,71,71,71,71,71,71,71,71,71,71,71,71,71,71,71,71,71,71,71,71,71,71,71,71,71,71,71,71,71,71,71,71],"card_choices":[{"not_picked":["Self Repair","Double Energy"],"picked":"Cold Snap","floor":1.0},{"not_picked":["Chill","Turbo"],"picked":"Streamline","floor":2.0},{"not_picked":["Lockon","Barrage"],"picked":"Sweeping Beam","floor":3.0},{"not_picked":["FTL","Ball Lightning"],"picked":"Cold Snap","floor":5.0},{"not_picked":["Compile Driver","FTL"],"picked":"Cold Snap","floor":6.0},{"not_picked":["Rip and Tear","Ball Lightning","Streamline"],"picked":"SKIP","floor":11.0},{"not_picked":["Steam Power","Double Energy"],"picked":"Reinforced Body","floor":12.0},{"not_picked":["Double Energy","Rip and Tear"],"picked":"Seek","floor":14.0},{"not_picked":["Amplify","Thunder Strike"],"picked":"Creative AI","floor":16.0},{"not_picked":["Streamline","Stack"],"picked":"Coolheaded","floor":18.0},{"not_picked":["White Noise","Recycle"],"picked":"Static Discharge","floor":20.0},{"not_picked":["Streamline","Gash"],"picked":"Self Repair+1","floor":23},{"not_picked":["FTL","White Noise"],"picked":"Hologram+1","floor":28}],"player_experience":673173,"relics_obtained":[{"floor":6.0,"key":"Ancient Tea Set"},{"floor":9.0,"key":"Orichalcum"},{"floor":14.0,"key":"Tiny Chest"},{"floor":26,"key":"Anchor"}],"event_choices":[{"damage_healed":0.0,"max_hp_gain":0.0,"max_hp_loss":0.0,"gold_gain":0.0,"event_name":"Upgrade Shrine","player_choice":"Upgraded","floor":4.0,"gold_loss":0.0,"damage_taken":0.0,"cards_upgraded":["Streamline"]},{"damage_healed":0.0,"max_hp_gain":0.0,"max_hp_loss":0.0,"gold_gain":250.0,"event_name":"The Joust","player_choice":"Bet on Owner","floor":19.0,"gold_loss":50.0,"damage_taken":0.0}],"is_beta":false,"boss_relics":[{"not_picked":["Cursed Key","Black Star"],"picked":"Nuclear Battery"}],"items_purged_floors":[7,21],"is_endless":false,"potions_floor_spawned":[1,2,3,11,20,28],"killed_by":"Collector","ascension_level":20}