{"gold_per_floor":[114,114,128,153,173,173,208,208,208,208,226,94,94,166,166,265,265,283,283,99,99,112,112,112,152,198,211,211,211,211,224,224,224],"floor_reached":33,"playtime":1047,"items_purged":["Injury","Writhe"],"score":500,"play_id":"5565854e-5d1c-40f5-92ce-a596d4751e89","local_time":"20190914133215","is_ascension_mode":true,"campfire_choices":[{"floor":6,"key":"REST"},{"data":"Zap","floor":8,"key":"SMITH"},{"data":"Conserve Battery","floor":10,"key":"SMITH"},{"data":"Coolheaded","floor":13,"key":"SMITH"},{"floor":15,"key":"REST"},{"data":"Biased Cognition","floor":23,"key":"SMITH"},{"data":"Consume","floor":28,"key":"SMITH"},{"floor":32,"key":"REST"}],"neow_cost":"NONE","seed_source_timestamp":0,"circlet_count":0,"master_deck":["AscendersBane","Strike_B+1","Strike_B+1","Strike_B+1","Strike_B+1","Defend_B+1","Defend_B+1","Defend_B+1","Defend_B+1","Zap+1","Dualcast","Echo Form","Gash","Cold Snap","Conserve Battery+1","Coolheaded+1","Gash","Melter","Rebound","Biased Cognition+1","Glacier","Loop","Compile Driver","Capacitor","Injury","Consume+1","Beam Cell+1"],"special_seed":0,"relics":["Cracked Core","Bloody Idol","Pocketwatch","Sundial","Cursed Key","Gremlin Horn","Darkstone Periapt","Smiling Mask","Bag of Marbles"],"potions_floor_usage":[16,25],"damage_taken":[{"damage":8.0,"enemies":"2 Louse","floor":1.0,"turns":3.0},{"damage":7.0,"enemies":"Small Slimes","floor":3.0,"turns":3.0},{"damage":4.0,"enemies":"Jaw Worm","floor":4.0,"turns":4.0},{"damage":15,"enemies":"Blue Slaver","floor":5,"turns":4},{"damage":11,"enemies":"Lagavulin","floor":7,"turns":7},{"damage":1,"enemies":"Exordium Wildlife","floor":11,"turns":5},{"damage":15,"enemies":"Slime Boss","floor":16,"turns":10},{"damage":0,"enemies":"Spheric Guardian","floor":18,"turns":3},{"damage":0,"enemies":"Chosen","floor":22,"turns":5},{"damage":17,"enemies":"Gremlin Leader","floor":25,"turns":7},{"damage":31,"enemies":"3 Cultists","floor":27,"turns":6},{"damage":18,"enemies":"Snake Plant","floor":31,"turns":4},{"damage":55,"enemies":"Automaton","floor":33,"turns":6}],"seed_played":"5327760741686768922","potions_obtained":[{"floor":3.0,"key":"Dexterity Potion"},{"floor":11,"key":"Weak Potion"},{"floor":16,"key":"Regen Potion"},{"floor":25,"key":"GamblersBrew"}],"is_trial":false,"path_per_floor":["M","?","M","M","M","R","E","R","T","R","M","$","R","?","R","B",null,"M","?","$","?","M","R","?","E","T","M","R","?","?","M","R","B"],"character_chosen":"DEFECT","items_purchased":["Rebound","Loop"],"campfire_rested":3,"item_purchase_floors":[12,20],"current_hp_per_floor":[56,56,49,45,30,51,40,40,40,40,39,39,39,39,60,45,65,65,65,65,65,65,65,65,48,54,23,23,23,23,10,33,0],"gold":224,"neow_bonus":"ONE_RANDOM_RARE_CARD","is_prod":false,"is_daily":false,"chose_seed":false,"campfire_upgraded":5,"win_rate":0,"timestamp":1568460735,"path_taken":["M","?","M","M","M","R","E","R","T","R","M","$","R","?","R","BOSS","M","?","$","?","M","R","?","E","T","?","R","?","?","M","R","BOSS"],"build_version":"2019-07-17","purchased_purges":2,"victory":false,"max_hp_per_floor":[71,71,71,71,71,71,71,71,71,71,71,71,71,71,71,71,71,71,71,71,71,71,71,71,71,77,77,77,77,77,77,77,77],"card_choices":[{"not_picked":["Redo","Leap"],"picked":"Gash","floor":1.0},{"not_picked":["Chaos","Storm"],"picked":"Cold Snap","floor":3.0},{"not_picked":["White Noise","Capacitor"],"picked":"Conserve Battery","floor":4},{"not_picked":["Redo","Conserve Battery"],"picked":"Coolheaded","floor":5},{"not_picked":["Blizzard","Sweeping Beam"],"picked":"Gash","floor":7},{"not_picked":["Conserve Battery","Steam Power"],"picked":"Melter","floor":11},{"not_picked":["Reboot","Seek"],"picked":"Biased Cognition","floor":16},{"not_picked":["Blizzard","Chill"],"picked":"Glacier","floor":18},{"not_picked":["Sweeping Beam","Turbo"],"picked":"Compile Driver","floor":22},{"not_picked":["Conserve Battery","FTL"],"picked":"Capacitor","floor":25},{"not_picked":["Streamline","Cold Snap"],"picked":"Consume","floor":27},{"not_picked":["Hyperbeam","Hologram"],"picked":"Beam Cell+1","floor":31}],"player_experience":1986624,"relics_obtained":[{"floor":7,"key":"Pocketwatch"},{"floor":9,"key":"Sundial"},{"floor":25,"key":"Darkstone Periapt"},{"floor":26,"key":"Smiling Mask"}],"event_choices":[{"damage_healed":0.0,"max_hp_gain":0.0,"max_hp_loss":0.0,"gold_gain":0.0,"event_name":"Golden Idol","player_choice":"Take Wound","floor":2.0,"gold_loss":0.0,"damage_taken":0.0,"relics_obtained":["Golden Idol"],"cards_obtained":["Injury"]},{"damage_healed":0,"gold_gain":72,"player_choice":"Gained Gold","damage_taken":0,"max_hp_gain":0,"max_hp_loss":0,"event_name":"Golden Wing","floor":14,"gold_loss":0},{"damage_healed":0,"gold_gain":0,"player_choice":"Opened","damage_taken":0,"relics_obtained":["Gremlin Horn"],"max_hp_gain":0,"max_hp_loss":0,"event_name":"The Mausoleum","floor":19,"gold_loss":0,"cards_obtained":["Writhe"]},{"damage_healed":0,"gold_gain":0,"player_choice":"Ignored","damage_taken":0,"max_hp_gain":0,"max_hp_loss":0,"event_name":"Ghosts","floor":21,"gold_loss":0},{"damage_healed":0,"gold_gain":0,"player_choice":"Simplicity","damage_taken":0,"max_hp_gain":0,"max_hp_loss":0,"event_name":"Back to Basics","floor":24,"gold_loss":0,"cards_upgraded":["Strike_B","Strike_B","Strike_B","Strike_B","Defend_B","Defend_B","Defend_B","Defend_B"]},{"damage_healed":0,"gold_gain":0,"player_choice":"Gave Idol","damage_taken":0,"relics_obtained":["Bloody Idol"],"max_hp_gain":0,"max_hp_loss":0,"event_name":"Forgotten Altar","floor":29,"relics_lost":["Golden Idol"],"gold_loss":0},{"damage_healed":0,"gold_gain":0,"player_choice":"Gave Potion","damage_taken":0,"relics_obtained":["Bag of Marbles"],"max_hp_gain":0,"max_hp_loss":0,"event_name":"WeMeetAgain","floor":30,"gold_loss":0}],"is_beta":false,"boss_relics":[{"not_picked":["Philosopher\u0027s Stone","Fusion Hammer"],"picked":"Cursed Key"}],"items_purged_floors":[12,20],"is_endless":false,"potions_floor_spawned":[3,11,16,25,27],"killed_by":"Automaton","ascension_level":18}