{"gold_per_floor":[114,189,189,189,189,189,200,200,224,224,234,250,263,282,282,377,377],"floor_reached":17,"playtime":420,"items_purged":[],"score":147,"play_id":"fe2c33cf-3c16-4b24-add9-ae5edc0474f3","local_time":"20181226002318","is_ascension_mode":false,"campfire_choices":[{"data":"Zap","floor":6,"key":"SMITH"},{"data":"Auto Shields","floor":8,"key":"SMITH"},{"data":"Dualcast","floor":10,"key":"SMITH"},{"data":"Streamline","floor":15,"key":"SMITH"}],"neow_cost":"NONE","seed_source_timestamp":314073812364240,"circlet_count":0,"master_deck":["Strike_B","Strike_B","Defend_B","Defend_B","Zap+1","Dualcast+1","Auto Shields+1","Compile Driver","Cold Snap","Streamline+1","Seek","Doom and Gloom","Leap","Meteor Strike"],"relics":["Empty Cage","Ancient Tea Set","Snecko Eye"],"potions_floor_usage":[],"damage_taken":[{"damage":0,"enemies":"Small Slimes","floor":1,"turns":4},{"damage":1,"enemies":"Jaw Worm","floor":7,"turns":3},{"damage":1,"enemies":"2 Louse","floor":11,"turns":2},{"damage":0,"enemies":"Large Slime","floor":12,"turns":4},{"damage":4,"enemies":"Exordium Wildlife","floor":13,"turns":3},{"damage":8,"enemies":"Looter","floor":14,"turns":3},{"damage":25,"enemies":"Hexaghost","floor":16,"turns":8}],"seed_played":"-1465342445609342972","potions_obtained":[{"floor":1,"key":"Dexterity Potion"},{"floor":7,"key":"Dexterity Potion"},{"floor":12,"key":"PowerPotion"}],"is_trial":false,"path_per_floor":["M","?","?","?","?","R","M","R","T","R","M","M","M","M","R","B",null],"character_chosen":"DEFECT","items_purchased":[],"campfire_rested":0,"item_purchase_floors":[],"current_hp_per_floor":[75,64,69,69,62,62,61,61,61,61,60,60,56,48,48,23,23],"gold":377,"neow_bonus":"BOSS_RELIC","is_prod":false,"is_daily":false,"chose_seed":false,"campfire_upgraded":4,"win_rate":0,"timestamp":1545780198,"path_taken":["M","?","?","?","?","R","M","R","T","R","M","M","M","M","R","BOSS"],"build_version":"2018-12-20","purchased_purges":0,"victory":false,"max_hp_per_floor":[75,75,80,80,80,80,80,80,80,80,80,80,80,80,80,80,80],"card_choices":[{"not_picked":["Consume","Static Discharge"],"picked":"Auto Shields","floor":1},{"not_picked":["Go for the Eyes","FTL"],"picked":"Cold Snap","floor":7},{"not_picked":["Go for the Eyes","Force Field"],"picked":"Streamline","floor":11},{"not_picked":["Chaos","Gash"],"picked":"Seek","floor":12},{"not_picked":["Steam","Storm"],"picked":"Doom and Gloom","floor":13},{"not_picked":["Beam Cell","Steam"],"picked":"Leap","floor":14},{"not_picked":["All For One","Hyperbeam"],"picked":"Meteor Strike","floor":16}],"player_experience":547934,"relics_obtained":[{"floor":9,"key":"Ancient Tea Set"}],"event_choices":[{"damage_healed":0,"gold_gain":75,"player_choice":"Gather Gold","damage_taken":11,"max_hp_gain":0,"max_hp_loss":0,"event_name":"World of Goop","floor":2,"gold_loss":0},{"damage_healed":0,"gold_gain":0,"player_choice":"Donut","damage_taken":0,"max_hp_gain":5,"max_hp_loss":0,"event_name":"Big Fish","floor":3,"gold_loss":0},{"damage_healed":0,"gold_gain":0,"cards_transformed":["Strike_B"],"player_choice":"Change","damage_taken":0,"max_hp_gain":0,"max_hp_loss":0,"event_name":"Living Wall","floor":4,"gold_loss":0,"cards_obtained":["Compile Driver"]},{"cards_removed":["Defend_B"],"damage_healed":0,"gold_gain":0,"player_choice":"Card Removal","damage_taken":7,"max_hp_gain":0,"max_hp_loss":0,"event_name":"Golden Wing","floor":5,"gold_loss":0}],"is_beta":false,"boss_relics":[{"not_picked":["Astrolabe","Pandora\u0027s Box"],"picked":"Snecko Eye"}],"items_purged_floors":[],"is_endless":false,"potions_floor_spawned":[1,7,12],"ascension_level":0}