{"gold_per_floor":[115,115,80,80,106,106,141,141,166,192,64,64,64],"floor_reached":13,"playtime":505,"items_purged":["Strike_G"],"score":157,"play_id":"40038825-0092-4bdc-8922-015922f658bd","local_time":"20190620172335","is_ascension_mode":true,"campfire_choices":[{"data":"Neutralize","floor":6,"key":"SMITH"},{"floor":8,"key":"REST"},{"floor":12,"key":"REST"}],"neow_cost":"NONE","seed_source_timestamp":0,"circlet_count":0,"master_deck":["AscendersBane","Defend_G","Defend_G","Defend_G+1","Defend_G","Defend_G+1","Strike_G","Strike_G","Strike_G","Survivor","Neutralize+1","Well Laid Plans","Leg Sweep+1","Dodge and Roll+1"],"special_seed":0,"relics":["Ring of the Snake","Vajra","Toxic Egg 2","Pen Nib","Blue Candle","War Paint","Ancient Tea Set"],"potions_floor_usage":[],"damage_taken":[{"damage":19,"enemies":"Jaw Worm","floor":1,"turns":9},{"damage":35,"enemies":"Lagavulin","floor":7,"turns":11},{"damage":18,"enemies":"3 Sentries","floor":10,"turns":15},{"damage":46,"enemies":"Gremlin Nob","floor":13,"turns":6}],"seed_played":"3495804641960633034","potions_obtained":[],"is_trial":false,"path_per_floor":["M","?","?","T","T","R","E","R","T","E","$","R","E"],"character_chosen":"THE_SILENT","items_purchased":["Dexterity Potion"],"campfire_rested":2,"item_purchase_floors":[11],"current_hp_per_floor":[40,35,51,51,51,51,16,35,35,17,17,36,0],"gold":64,"neow_bonus":"REMOVE_CARD","is_prod":false,"is_daily":false,"chose_seed":false,"campfire_upgraded":1,"win_rate":0,"timestamp":1561044215,"path_taken":["M","?","?","?","?","R","E","R","T","E","$","R","E"],"build_version":"2019-01-23","purchased_purges":1,"victory":false,"max_hp_per_floor":[66,66,66,66,66,66,66,66,66,66,66,66,66],"card_choices":[{"not_picked":["Backflip","Underhanded Strike"],"picked":"Well Laid Plans","floor":1},{"not_picked":["Dagger Spray","Blade Dance+1"],"picked":"Leg Sweep+1","floor":7},{"not_picked":["Storm of Steel+1","Outmaneuver+1"],"picked":"Dodge and Roll+1","floor":10}],"player_experience":1418356,"relics_obtained":[{"floor":4,"key":"Toxic Egg 2"},{"floor":5,"key":"Pen Nib"},{"floor":7,"key":"Blue Candle"},{"floor":9,"key":"War Paint"},{"floor":10,"key":"Ancient Tea Set"}],"event_choices":[{"damage_healed":0,"gold_gain":0,"player_choice":"Success","damage_taken":5,"relics_obtained":["Vajra"],"max_hp_gain":0,"max_hp_loss":0,"event_name":"Scrap Ooze","floor":2,"gold_loss":0},{"damage_healed":16,"gold_gain":0,"player_choice":"Healed","damage_taken":0,"max_hp_gain":0,"max_hp_loss":0,"event_name":"The Cleric","floor":3,"gold_loss":35}],"is_beta":false,"boss_relics":[],"items_purged_floors":[11],"is_endless":false,"potions_floor_spawned":[],"killed_by":"Gremlin Nob","ascension_level":16}