{"gold_per_floor":[11,29,29,43,43,43,62,97,120,120,137,137,137,147,147,224,224,183,183,27,27,40,40,57,57,106,106,122,122,141,152,152,152],"floor_reached":33,"playtime":1280,"items_purged":["Shame"],"score":473,"play_id":"9bc26196-030c-4e0d-8c96-963899a09216","local_time":"20190813004103","is_ascension_mode":true,"campfire_choices":[{"data":"Bash","floor":6,"key":"SMITH"},{"data":"Juggernaut","floor":10,"key":"SMITH"},{"data":"Metallicize","floor":12,"key":"SMITH"},{"data":"True Grit","floor":15,"key":"SMITH"},{"data":"Spot Weakness","floor":23,"key":"SMITH"},{"floor":25,"key":"REST"},{"data":"Flame Barrier","floor":27,"key":"SMITH"},{"floor":29,"key":"REST"},{"floor":32,"key":"REST"}],"neow_cost":"NO_GOLD","seed_source_timestamp":891148111601600,"circlet_count":0,"master_deck":["AscendersBane","Strike_R","Defend_R","Defend_R","Defend_R","Defend_R","Bash+1","Battle Trance","True Grit+1","Iron Wave","Metallicize+1","Juggernaut+1","Headbutt","Spot Weakness+1","Dark Embrace","Battle Trance+1","Intimidate+1","Bloodletting+1","Rupture","Flame Barrier+1","Exhume","Clothesline","Rampage","Anger+1","Corruption","Havoc"],"relics":["Burning Blood","Bird Faced Urn","Bag of Marbles","Bag of Preparation","Astrolabe","Boot","Anchor"],"potions_floor_usage":[7,8,16,24,33],"damage_taken":[{"damage":24,"enemies":"Cultist","floor":1,"turns":6},{"damage":8,"enemies":"2 Louse","floor":2,"turns":4},{"damage":8,"enemies":"Small Slimes","floor":4,"turns":5},{"damage":8,"enemies":"3 Louse","floor":7,"turns":2},{"damage":35,"enemies":"3 Sentries","floor":8,"turns":13},{"damage":10,"enemies":"Blue Slaver","floor":11,"turns":4},{"damage":10,"enemies":"Red Slaver","floor":14,"turns":3},{"damage":43,"enemies":"Slime Boss","floor":16,"turns":6},{"damage":33,"enemies":"2 Thieves","floor":18,"turns":5},{"damage":3,"enemies":"Chosen","floor":22,"turns":5},{"damage":44,"enemies":"Sentry and Sphere","floor":24,"turns":8},{"damage":16,"enemies":"Snake Plant","floor":28,"turns":5},{"damage":30,"enemies":"Chosen and Byrds","floor":30,"turns":7},{"damage":27,"enemies":"Centurion and Healer","floor":31,"turns":6},{"damage":67,"enemies":"Collector","floor":33,"turns":6}],"seed_played":"3897763504489460605","potions_obtained":[{"floor":4,"key":"SpeedPotion"},{"floor":5,"key":"AttackPotion"},{"floor":5,"key":"SteroidPotion"},{"floor":7,"key":"BloodPotion"},{"floor":11,"key":"LiquidBronze"},{"floor":14,"key":"Explosive Potion"},{"floor":22,"key":"Swift Potion"},{"floor":28,"key":"SteroidPotion"}],"is_trial":false,"path_per_floor":["M","M","$","M","?","R","M","E","T","R","M","R","?","M","R","B",null,"M","?","$","?","M","R","M","R","T","R","M","R","M","M","R","B"],"character_chosen":"IRONCLAD","items_purchased":["Flame Barrier"],"campfire_rested":3,"item_purchase_floors":[20],"current_hp_per_floor":[50,48,48,46,46,46,44,35,35,35,35,35,40,40,40,7,62,39,39,39,39,48,48,18,42,42,42,38,62,44,33,57,0],"gold":152,"neow_bonus":"ONE_RARE_RELIC","is_prod":false,"is_daily":false,"chose_seed":false,"campfire_upgraded":6,"win_rate":0,"timestamp":1565649663,"path_taken":["M","M","?","M","?","R","?","E","T","R","M","R","?","M","R","BOSS","M","?","$","?","M","R","M","R","T","R","?","R","M","?","R","BOSS"],"build_version":"2019-07-17","purchased_purges":1,"victory":false,"max_hp_per_floor":[75,75,75,75,75,75,75,75,75,75,75,75,80,80,80,80,80,80,80,80,80,80,80,80,80,80,80,80,80,80,80,80,80],"card_choices":[{"not_picked":["Wild Strike","Sentinel"],"picked":"Battle Trance","floor":1},{"not_picked":["Searing Blow","Cleave"],"picked":"True Grit","floor":2},{"not_picked":["Cleave","Sword Boomerang"],"picked":"Iron Wave","floor":4},{"not_picked":["Intimidate","Sword Boomerang"],"picked":"Metallicize","floor":7},{"not_picked":["Cleave","Twin Strike"],"picked":"Juggernaut","floor":8},{"not_picked":["Power Through","Entrench"],"picked":"Headbutt","floor":11},{"not_picked":["Sever Soul","Havoc"],"picked":"Spot Weakness","floor":14},{"not_picked":["Offering","Immolate"],"picked":"Dark Embrace","floor":16},{"not_picked":["Wild Strike","Clothesline"],"picked":"Rupture","floor":18},{"not_picked":["Clash","Thunderclap"],"picked":"Clothesline","floor":22},{"not_picked":["Pommel Strike","Headbutt"],"picked":"Rampage","floor":24},{"not_picked":["Cleave+1","Havoc"],"picked":"Anger+1","floor":28},{"not_picked":["Rampage","Wild Strike"],"picked":"Corruption","floor":30},{"not_picked":["Spot Weakness","Pommel Strike"],"picked":"Havoc","floor":31}],"player_experience":1857614,"relics_obtained":[{"floor":8,"key":"Bag of Marbles"},{"floor":9,"key":"Bag of Preparation"},{"floor":26,"key":"Anchor"}],"event_choices":[{"damage_healed":0,"gold_gain":0,"player_choice":"Got Potions","damage_taken":0,"max_hp_gain":0,"max_hp_loss":0,"event_name":"Lab","floor":5,"gold_loss":0},{"damage_healed":0,"gold_gain":0,"player_choice":"Donut","damage_taken":0,"max_hp_gain":5,"max_hp_loss":0,"event_name":"Big Fish","floor":13,"gold_loss":0},{"damage_healed":0,"gold_gain":0,"player_choice":"Stole Relic","damage_taken":0,"relics_obtained":["Boot"],"max_hp_gain":0,"max_hp_loss":0,"event_name":"Addict","floor":19,"gold_loss":0,"cards_obtained":["Shame"]},{"damage_healed":0,"gold_gain":0,"cards_transformed":["Strike_R"],"player_choice":"Transformed","damage_taken":0,"max_hp_gain":0,"max_hp_loss":0,"event_name":"Transmorgrifier","floor":21,"gold_loss":0,"cards_obtained":["Exhume"]}],"is_beta":false,"boss_relics":[{"not_picked":["Eternal Feather","Philosopher\u0027s Stone"],"picked":"Astrolabe"}],"items_purged_floors":[20],"is_endless":false,"potions_floor_spawned":[4,7,11,14,22,28,31],"killed_by":"Collector","ascension_level":18}