{"gold_per_floor":[118,132,63,63,82,116,116,145,145,156,3,21,50,65,65,163,163,174,174,192,192,206,206,218,218],"floor_reached":25,"playtime":1589,"items_purged":["Strike_R"],"score":363,"play_id":"a112e259-9b73-4da8-81b1-dbcc46288d00","local_time":"20190916163236","is_ascension_mode":true,"campfire_choices":[{"data":"Whirlwind","floor":7,"key":"SMITH"},{"data":"Corruption","floor":15,"key":"SMITH"},{"data":"Barricade","floor":23,"key":"SMITH"}],"neow_cost":"NONE","seed_source_timestamp":457676884050718,"circlet_count":0,"master_deck":["Strike_R","Defend_R","Defend_R","Defend_R","Defend_R","Bash","Whirlwind+1","Corruption+1","Offering","Sentinel","Exhume","Feel No Pain","Feel No Pain","Warcry","Metallicize","Barricade+1","Dropkick+1","Intimidate+1","Rupture+1","Battle Trance","Uppercut+1","Shrug It Off","Entrench"],"relics":["Burning Blood","MealTicket","Eternal Feather","Question Card","Pear","Vajra","Astrolabe"],"potions_floor_usage":[5,6,16,16],"damage_taken":[{"damage":8,"enemies":"Small Slimes","floor":1,"turns":5},{"damage":6,"enemies":"Cultist","floor":2,"turns":4},{"damage":0,"enemies":"2 Louse","floor":5,"turns":1},{"damage":46,"enemies":"Lagavulin","floor":6,"turns":5},{"damage":20,"enemies":"3 Sentries","floor":8,"turns":4},{"damage":6,"enemies":"Red Slaver","floor":10,"turns":4},{"damage":13,"enemies":"Exordium Thugs","floor":12,"turns":3},{"damage":6,"enemies":"Lagavulin","floor":13,"turns":6},{"damage":0,"enemies":"Lots of Slimes","floor":14,"turns":1},{"damage":60,"enemies":"The Guardian","floor":16,"turns":18},{"damage":12,"enemies":"3 Byrds","floor":18,"turns":3},{"damage":24,"enemies":"2 Thieves","floor":20,"turns":4},{"damage":11,"enemies":"Sentry and Sphere","floor":22,"turns":6},{"damage":24,"enemies":"Shelled Parasite and Fungi","floor":24,"turns":6},{"damage":37,"enemies":"Slavers","floor":25,"turns":3}],"seed_played":"8242962052018555488","potions_obtained":[{"floor":1,"key":"Explosive Potion"},{"floor":2,"key":"SteroidPotion"},{"floor":6,"key":"FearPotion"},{"floor":13,"key":"Weak Potion"},{"floor":20,"key":"FearPotion"},{"floor":22,"key":"SpeedPotion"}],"is_trial":false,"path_per_floor":["M","M","$","?","M","E","R","E","T","M","$","M","E","M","R","B",null,"M","?","M","?","M","R","M","E"],"character_chosen":"IRONCLAD","items_purchased":["Corruption","Feel No Pain"],"campfire_rested":0,"item_purchase_floors":[3,11],"current_hp_per_floor":[70,70,80,80,80,40,46,32,42,42,57,50,50,56,65,11,70,64,64,46,46,41,53,35,0],"gold":218,"neow_bonus":"RANDOM_COMMON_RELIC","is_prod":false,"is_daily":false,"chose_seed":false,"campfire_upgraded":3,"win_rate":0,"timestamp":1568665956,"path_taken":["M","M","$","?","M","E","R","E","T","M","$","?","E","M","R","BOSS","M","?","M","?","?","R","M","E"],"build_version":"2019-09-12","purchased_purges":1,"victory":false,"max_hp_per_floor":[80,80,80,80,80,80,80,80,90,90,90,90,90,90,90,90,90,90,90,90,90,90,90,90,90],"card_choices":[{"not_picked":["Warcry","True Grit"],"picked":"Whirlwind","floor":1},{"not_picked":["Whirlwind","Fire Breathing","Havoc"],"picked":"SKIP","floor":2},{"not_picked":["Pommel Strike","Second Wind"],"picked":"Offering","floor":5},{"not_picked":["Twin Strike","Wild Strike"],"picked":"Sentinel","floor":6},{"not_picked":["Wild Strike","Heavy Blade"],"picked":"Exhume","floor":8},{"not_picked":["Body Slam","Shockwave","Shrug It Off"],"picked":"Feel No Pain","floor":10},{"not_picked":["Bludgeon","Havoc","Entrench","Clash"],"picked":"SKIP","floor":12},{"not_picked":["Dropkick","Searing Blow","Cleave"],"picked":"Warcry","floor":13},{"not_picked":["Second Wind","Headbutt","Thunderclap"],"picked":"Metallicize","floor":14},{"not_picked":["Reaper","Fiend Fire","Offering"],"picked":"Barricade","floor":16},{"not_picked":["Wild Strike","True Grit","Pommel Strike+1"],"picked":"Battle Trance","floor":18},{"not_picked":["Twin Strike","Havoc","Flex+1"],"picked":"Uppercut","floor":20},{"not_picked":["Heavy Blade","Clash","Body Slam"],"picked":"Shrug It Off","floor":22},{"not_picked":["Seeing Red","Sword Boomerang","Berserk"],"picked":"Entrench","floor":24}],"player_experience":398549,"relics_obtained":[{"floor":6,"key":"Eternal Feather"},{"floor":8,"key":"Question Card"},{"floor":9,"key":"Pear"},{"floor":13,"key":"Vajra"}],"event_choices":[{"damage_healed":0,"gold_gain":0,"player_choice":"Leave","damage_taken":0,"max_hp_gain":0,"max_hp_loss":0,"event_name":"FaceTrader","floor":4,"gold_loss":0},{"damage_healed":0,"gold_gain":0,"player_choice":"Ignored","damage_taken":0,"max_hp_gain":0,"max_hp_loss":0,"event_name":"The Mausoleum","floor":19,"gold_loss":0},{"damage_healed":0,"gold_gain":0,"player_choice":"Forge","damage_taken":0,"max_hp_gain":0,"max_hp_loss":0,"event_name":"Accursed Blacksmith","floor":21,"gold_loss":0,"cards_upgraded":["Uppercut"]}],"is_beta":true,"boss_relics":[{"not_picked":["Tiny House","Coffee Dripper"],"picked":"Astrolabe"}],"items_purged_floors":[11],"is_endless":false,"potions_floor_spawned":[1,2,6,13,20,22],"killed_by":"Slavers","ascension_level":9}