{"gold_per_floor":[109,119,394,71,86,111,111,140,166,166,216,29,49,63,63,142,192,203,203,213,213,227,227,246,246],"floor_reached":25,"playtime":774,"items_purged":["Regret","Strike_G"],"score":383,"play_id":"5dea7d11-d766-4ebc-a412-0cc3749333f2","local_time":"20190523184248","is_ascension_mode":true,"campfire_choices":[{"data":"Skewer","floor":7,"key":"SMITH"},{"data":"Neutralize","floor":10,"key":"SMITH"},{"data":"Caltrops","floor":15,"key":"SMITH"},{"floor":23,"key":"REST"}],"neow_cost":"NONE","seed_source_timestamp":847617350212300,"circlet_count":0,"master_deck":["AscendersBane","Defend_G","Defend_G+1","Defend_G","Defend_G","Defend_G","Strike_G","Strike_G","Strike_G","Strike_G","Survivor","Neutralize+1","Footwork","Backstab","Finisher","Bouncing Flask","Caltrops+1","Skewer+1","Dagger Spray","Sucker Punch","Well Laid Plans","Poisoned Stab","Predator","Bullet Time","Quick Slash","Endless Agony","Writhe","Backflip","RitualDagger","Cloak And Dagger+1","Tools of the Trade"],"relics":["Ring of the Snake","NeowsBlessing","Ancient Tea Set","Bag of Preparation","Happy Flower","Tiny House","Art of War"],"potions_floor_usage":[6,8,16,24],"damage_taken":[{"damage":0,"enemies":"Cultist","floor":1,"turns":1},{"damage":0,"enemies":"Small Slimes","floor":2,"turns":1},{"damage":0,"enemies":"2 Louse","floor":5,"turns":1},{"damage":9,"enemies":"3 Sentries","floor":6,"turns":7},{"damage":11,"enemies":"Lagavulin","floor":8,"turns":6},{"damage":4,"enemies":"Lots of Slimes","floor":13,"turns":2},{"damage":0,"enemies":"Exordium Wildlife","floor":14,"turns":1},{"damage":11,"enemies":"Hexaghost","floor":16,"turns":9},{"damage":28,"enemies":"Shell Parasite","floor":18,"turns":6},{"damage":12,"enemies":"Spheric Guardian","floor":20,"turns":4},{"damage":8,"enemies":"Centurion and Healer","floor":22,"turns":6},{"damage":10,"enemies":"Snake Plant","floor":24,"turns":3}],"seed_played":"3734904638331518807","potions_obtained":[{"floor":1,"key":"AttackPotion"},{"floor":6,"key":"Poison Potion"},{"floor":8,"key":"LiquidBronze"},{"floor":17,"key":"Ancient Potion"}],"is_trial":false,"path_per_floor":["M","M","?","$","M","E","R","E","T","R","?","$","M","M","R","B",null,"M","?","M","?","M","R","M","?"],"character_chosen":"THE_SILENT","items_purchased":["Finisher","Bouncing Flask","Caltrops","Block Potion","Well Laid Plans"],"campfire_rested":1,"item_purchase_floors":[4,4,4,4,12],"current_hp_per_floor":[59,59,59,59,59,50,50,39,39,39,33,33,29,29,29,18,59,31,31,19,13,5,26,16,0],"gold":246,"neow_bonus":"THREE_ENEMY_KILL","is_prod":false,"is_daily":false,"chose_seed":false,"campfire_upgraded":3,"win_rate":0,"timestamp":1558629768,"path_taken":["M","?","?","$","?","E","R","E","T","R","?","$","M","?","R","BOSS","M","?","M","?","M","R","M","?"],"build_version":"2019-01-23","purchased_purges":2,"victory":false,"max_hp_per_floor":[66,66,66,66,66,66,66,66,66,66,66,66,66,66,66,66,71,71,71,71,71,71,71,71,71],"card_choices":[{"not_picked":["Dash","Prepared"],"picked":"Footwork","floor":1},{"not_picked":["Bane","Outmaneuver"],"picked":"Backstab","floor":2},{"not_picked":["Infinite Blades","Outmaneuver"],"picked":"Skewer","floor":5},{"not_picked":["Dagger Throw","Bane"],"picked":"Dagger Spray","floor":6},{"not_picked":["Dagger Spray","Prepared"],"picked":"Sucker Punch","floor":8},{"not_picked":["Riddle With Holes","Deadly Poison"],"picked":"Poisoned Stab","floor":13},{"not_picked":["Sucker Punch","Reflex"],"picked":"Predator","floor":14},{"not_picked":["After Image","Grand Finale"],"picked":"Bullet Time","floor":16},{"not_picked":["Flechettes","Dagger Throw"],"picked":"Quick Slash","floor":17},{"not_picked":["Slice","Distraction+1"],"picked":"Endless Agony","floor":18},{"not_picked":["Cloak And Dagger","Dagger Spray+1"],"picked":"Backflip","floor":20},{"not_picked":["Tactician","Sucker Punch"],"picked":"Cloak And Dagger+1","floor":22},{"not_picked":["Underhanded Strike","Eviscerate"],"picked":"Tools of the Trade","floor":24}],"player_experience":1190862,"relics_obtained":[{"floor":6,"key":"Ancient Tea Set"},{"floor":8,"key":"Bag of Preparation"},{"floor":9,"key":"Happy Flower"}],"event_choices":[{"damage_healed":0,"gold_gain":275,"player_choice":"Desecrate","damage_taken":0,"max_hp_gain":0,"max_hp_loss":0,"event_name":"Golden Shrine","floor":3,"gold_loss":0,"cards_obtained":["Regret"]},{"damage_healed":0,"gold_gain":50,"player_choice":"Touch","damage_taken":6,"max_hp_gain":0,"max_hp_loss":0,"event_name":"FaceTrader","floor":11,"gold_loss":0},{"damage_healed":0,"gold_gain":0,"player_choice":"Opened","damage_taken":0,"relics_obtained":["Art of War"],"max_hp_gain":0,"max_hp_loss":0,"event_name":"The Mausoleum","floor":19,"gold_loss":0,"cards_obtained":["Writhe"]},{"damage_healed":0,"gold_gain":0,"player_choice":"Joined the Cult","damage_taken":6,"max_hp_gain":0,"max_hp_loss":0,"event_name":"Nest","floor":21,"gold_loss":0,"cards_obtained":["RitualDagger"]}],"is_beta":false,"boss_relics":[{"not_picked":["HoveringKite","Velvet Choker"],"picked":"Tiny House"}],"items_purged_floors":[4,12],"is_endless":false,"potions_floor_spawned":[1,6,8,20,22],"ascension_level":16}