{"gold_per_floor":[118,193,213,213,231,266,266,294,294,266,3,3],"floor_reached":12,"playtime":401,"items_purged":["Strike_B"],"score":176,"play_id":"f2e113e4-af26-4757-bdfd-2c84ed305c32","local_time":"20190313211301","is_ascension_mode":true,"campfire_choices":[{"floor":7.0,"key":"REST"}],"neow_cost":"NONE","seed_source_timestamp":2193309746105230,"circlet_count":0,"master_deck":["AscendersBane","Strike_B+1","Strike_B+1","Defend_B","Defend_B","Defend_B","Defend_B","Zap","Dualcast","Gash","Glacier","Auto Shields","Consume","Gash","Go for the Eyes","Self Repair","Coolheaded","Leap"],"special_seed":0,"relics":["Cracked Core","Whetstone","FossilizedHelix","Ornamental Fan","Regal Pillow"],"potions_floor_usage":[],"damage_taken":[{"damage":9.0,"enemies":"Small Slimes","floor":1.0,"turns":4.0},{"damage":7.0,"enemies":"Jaw Worm","floor":3.0,"turns":3.0},{"damage":0.0,"enemies":"Cultist","floor":5.0,"turns":6.0},{"damage":17.0,"enemies":"Lagavulin","floor":6.0,"turns":9.0},{"damage":40.0,"enemies":"Gremlin Nob","floor":8.0,"turns":6.0},{"damage":0,"enemies":"Exordium Thugs","floor":10,"turns":4},{"damage":8,"enemies":"Large Slime","floor":12,"turns":4}],"seed_played":"-7150258184035699679","potions_obtained":[{"floor":1.0,"key":"Energy Potion"},{"floor":5.0,"key":"Swift Potion"},{"floor":10,"key":"Explosive Potion"}],"is_trial":false,"path_per_floor":["M","?","M","?","M","E","R","E","T","M","$","M"],"character_chosen":"DEFECT","items_purchased":["Regal Pillow","Leap"],"campfire_rested":1,"item_purchase_floors":[11,11],"current_hp_per_floor":[55,44,37,37,37,20,41,1,1,8,8,0],"gold":3,"neow_bonus":"THREE_CARDS","is_prod":false,"is_daily":false,"chose_seed":false,"campfire_upgraded":0,"win_rate":0,"timestamp":1552507981,"path_taken":["M","?","M","?","M","E","R","E","T","?","?","M"],"build_version":"2019-01-23","purchased_purges":1,"victory":false,"max_hp_per_floor":[71,71,71,71,71,71,71,71,71,71,71,71],"card_choices":[{"not_picked":["Leap","Steam"],"picked":"Gash","floor":0.0},{"not_picked":["Chill","Consume"],"picked":"Glacier","floor":1.0},{"not_picked":["Force Field","Compile Driver"],"picked":"Auto Shields","floor":3.0},{"not_picked":["Heatsinks","Lockon"],"picked":"Gash","floor":5.0},{"not_picked":["Heatsinks","Barrage"],"picked":"Go for the Eyes","floor":6.0},{"not_picked":["Chaos","Ball Lightning"],"picked":"Self Repair","floor":8.0},{"not_picked":["Compile Driver","Rebound"],"picked":"Coolheaded","floor":10}],"player_experience":698304,"relics_obtained":[{"floor":6.0,"key":"Whetstone"},{"floor":8.0,"key":"FossilizedHelix"},{"floor":9.0,"key":"Ornamental Fan"}],"event_choices":[{"damage_healed":0.0,"max_hp_gain":0.0,"max_hp_loss":0.0,"gold_gain":75.0,"event_name":"World of Goop","player_choice":"Gather Gold","floor":2.0,"gold_loss":0.0,"damage_taken":11.0},{"damage_healed":0.0,"max_hp_gain":0.0,"max_hp_loss":0.0,"gold_gain":0.0,"cards_transformed":["Strike_B"],"event_name":"Transmorgrifier","player_choice":"Transformed","floor":4.0,"gold_loss":0.0,"damage_taken":0.0,"cards_obtained":["Consume"]}],"is_beta":false,"boss_relics":[],"items_purged_floors":[11],"is_endless":false,"potions_floor_spawned":[1,5,10],"killed_by":"Large Slime","ascension_level":20}