{"gold_per_floor":[119,130,142,160,175,200,216,216],"floor_reached":8,"playtime":315,"items_purged":[],"score":124,"play_id":"722bef3b-0d7c-4d62-a748-51a1487d9184","local_time":"20190405021410","is_ascension_mode":true,"campfire_choices":[],"neow_cost":"NONE","seed_source_timestamp":117857461171241,"circlet_count":0,"master_deck":["AscendersBane","Strike_B","Strike_B","Strike_B","Strike_B","Defend_B","Defend_B","Defend_B","Defend_B","Zap","Dualcast","Hello World","Cold Snap","Conserve Battery","Rainbow","Leap"],"relics":["Snecko Eye","PreservedInsect"],"potions_floor_usage":[4,5,6],"damage_taken":[{"damage":7,"enemies":"Small Slimes","floor":1,"turns":3},{"damage":5,"enemies":"2 Louse","floor":2,"turns":2},{"damage":0,"enemies":"Cultist","floor":3,"turns":2},{"damage":4,"enemies":"Exordium Wildlife","floor":4,"turns":6},{"damage":2,"enemies":"3 Louse","floor":5,"turns":2},{"damage":39,"enemies":"3 Sentries","floor":6,"turns":8},{"damage":4,"enemies":"Blue Slaver","floor":7,"turns":3},{"damage":39,"enemies":"Gremlin Nob","floor":8,"turns":3}],"seed_played":"-3414411752027920899","potions_obtained":[{"floor":2,"key":"Regen Potion"},{"floor":4,"key":"Explosive Potion"},{"floor":5,"key":"LiquidBronze"}],"is_trial":false,"path_per_floor":["M","M","M","M","M","E","M","E"],"character_chosen":"DEFECT","items_purchased":[],"campfire_rested":0,"item_purchase_floors":[],"current_hp_per_floor":[57,52,52,63,61,22,18,0],"gold":216,"neow_bonus":"BOSS_RELIC","is_prod":false,"is_daily":false,"chose_seed":false,"campfire_upgraded":0,"win_rate":0,"timestamp":1554423250,"path_taken":["M","M","M","M","M","E","M","E"],"build_version":"2019-01-23","purchased_purges":0,"victory":false,"max_hp_per_floor":[71,71,71,71,71,71,71,71],"card_choices":[{"not_picked":["Turbo","Gash","Stack"],"picked":"SKIP","floor":1},{"not_picked":["Compile Driver","Steam"],"picked":"Hello World","floor":2},{"not_picked":["Double Energy","Coolheaded"],"picked":"Cold Snap","floor":3},{"not_picked":["Reprogram","Barrage","Beam Cell"],"picked":"SKIP","floor":4},{"not_picked":["Redo","Turbo"],"picked":"Conserve Battery","floor":5},{"not_picked":["Skim","Go for the Eyes"],"picked":"Rainbow","floor":6},{"not_picked":["Sweeping Beam","Redo"],"picked":"Leap","floor":7}],"player_experience":759020,"relics_obtained":[{"floor":6,"key":"PreservedInsect"}],"event_choices":[],"is_beta":false,"boss_relics":[],"items_purged_floors":[],"is_endless":false,"potions_floor_spawned":[2,4,5],"killed_by":"Gremlin Nob","ascension_level":20}