{"path_per_floor":["M","M","?","$","M","R","M","R","T","M","M","E","M","E","R","B",null,"M","?","$","?","?","E","R"],"character_chosen":"THE_SILENT","items_purchased":["Du-Vu Doll","Footwork"],"gold_per_floor":[111,131,131,131,149,149,165,165,165,186,211,249,268,301,301,430,430,451,451,103,103,103,139,139],"floor_reached":25,"campfire_rested":1,"playtime":1332,"current_hp_per_floor":[61,61,46,46,46,46,37,37,37,34,18,7,7,3,21,14,73,68,52,52,52,52,28,28],"items_purged":[],"gold":139,"score":266,"play_id":"40de28db-ae3c-49a6-94ca-bdbd675b8e52","is_prod":false,"is_daily":false,"is_ascension_mode":true,"campfire_upgraded":3,"path_taken":["M","M","?","$","M","R","M","R","T","M","M","E","M","E","R","BOSS","M","?","$","?","?","E","R","E"],"build_version":"2018-02-08-PROD1","purchased_purges":2,"victory":false,"master_deck":["Defend_G","Defend_G","Defend_G","Defend_G","Defend_G","Strike_G","Strike_G","Strike_G","Strike_G","Strike_G","Survivor","Neutralize+1","Dagger Throw","Deflect","Dagger Throw","Dash+1","Envenom","Acrobatics","Storm of Steel","PiercingWail","Malaise+1","Tactician","Injury","Regret","Regret","Backflip+1","Footwork","Writhe","Venomology"],"max_hp_per_floor":[63,63,63,63,63,63,63,63,63,63,63,63,63,63,63,63,73,73,73,73,73,73,73,73],"relics":["Ring of the Snake","Dead Branch","Golden Idol","Tingsha","Gremlin Horn","Molten Egg 2","Calling Bell","Blood Vial","Pear","Dodecahedron","Nilry\u0027s Codex","Du-Vu Doll","Dream Catcher","Art of War"],"card_choices":[{"not_picked":["Acrobatics","Slice"],"picked":"Dagger Throw"},{"not_picked":["Flechettes","Acrobatics"],"picked":"Deflect"},{"not_picked":["Slice","Acrobatics"],"picked":"Dagger Throw"},{"not_picked":["Leg Sweep","Dagger Throw"],"picked":"Dash"},{"not_picked":["Bane","Skewer"],"picked":"Envenom"},{"not_picked":["Expertise","Poisoned Stab"],"picked":"Acrobatics"},{"not_picked":["Caltrops","Dagger Throw"],"picked":"Storm of Steel"},{"not_picked":["Reflex","Dash"],"picked":"PiercingWail"},{"not_picked":["Poisoned Stab","Flying Knee"],"picked":"Malaise"},{"not_picked":["Grand Finale","Die Die Die"],"picked":"Tactician"},{"not_picked":["Deadly Poison","Caltrops"],"picked":"Backflip"},{"not_picked":["Quick Slash","A Thousand Cuts"],"picked":"Venomology"}],"player_experience":193489,"potions_floor_usage":[14,16,16,16,23],"damage_taken":[{"damage":2,"enemies":"2 Louse","floor":1,"turns":3},{"damage":0,"enemies":"Small Slimes","floor":2,"turns":3},{"damage":0,"enemies":"Jaw Worm","floor":5,"turns":4},{"damage":9,"enemies":"2 Fungi Beasts","floor":7,"turns":4},{"damage":3,"enemies":"3 Louse","floor":10,"turns":3},{"damage":16,"enemies":"Exordium Wildlife","floor":11,"turns":4},{"damage":11,"enemies":"Lagavulin","floor":12,"turns":6},{"damage":0,"enemies":"Gremlin Gang","floor":13,"turns":3},{"damage":4,"enemies":"3 Sentries","floor":14,"turns":5},{"damage":7,"enemies":"The Guardian","floor":16,"turns":9},{"damage":5,"enemies":"Chosen","floor":18,"turns":6},{"damage":26,"enemies":"Book of Stabbing","floor":23,"turns":6},{"damage":35,"enemies":"Slavers","floor":25,"turns":3}],"event_choices":[{"event_name":"Golden Idol","player_choice":"Take Damage","floor":3,"damage_taken":0},{"event_name":"Cursed Tome","player_choice":"Obtained Book","floor":19,"damage_taken":0},{"event_name":"The Mausoleum","player_choice":"Yes","floor":21,"damage_taken":0},{"event_name":"The Woman in Blue","player_choice":"Bought 0 Potions","floor":22,"damage_taken":0}],"boss_relics":[{"not_picked":["Pandora\u0027s Box","The Specimen"],"picked":"Calling Bell"}],"potions_floor_spawned":[10,12,13,14,18],"seed_played":"-7722539678448456008","killed_by":"Slavers","ascension_level":3,"is_trial":false}