{"gold_per_floor":[112,112,126,137,148,174,192,192,192,203,221,238,238,10,10,110,110,123,123,123,123,140,101,101,28,28,28,38,0,0,25,25,120,120,134,63,63,76,91,91,107,141,141,141,161,4,4,0,0,0],"floor_reached":51,"playtime":3040,"items_purged":[],"score":1021,"play_id":"b6306507-a6e6-42fd-a33d-fcbcef9a9217","local_time":"20180812124721","is_ascension_mode":true,"campfire_choices":[{"data":"Uppercut","floor":8,"key":"SMITH"},{"data":"Shrug It Off","floor":13,"key":"SMITH"},{"data":"Rage","floor":15,"key":"SMITH"},{"data":"Spot Weakness","floor":24,"key":"SMITH"},{"data":"Metallicize","floor":27,"key":"SMITH"},{"data":"Searing Blow+1","floor":32,"key":"SMITH"},{"data":"Searing Blow+2","floor":40,"key":"SMITH"},{"floor":44,"key":"REST"},{"data":"Searing Blow+3","floor":49,"key":"SMITH"}],"neow_cost":"NONE","seed_source_timestamp":303255020530693,"circlet_count":0,"master_deck":["Strike_R","Strike_R","Strike_R","Strike_R","Strike_R","Defend_R","Defend_R","Defend_R","Defend_R","Bash","AscendersBane","Uppercut+1","Ghostly Armor","Impervious","Disarm+1","Shrug It Off+1","Infernal Blade","Shockwave+1","Rage+1","Feed","Thunderclap","Spot Weakness+1","Pommel Strike","Pummel","Metallicize+1","Necronomicurse","Searing Blow+4","Juggernaut+1","Pummel+1","Feel No Pain+1","Inflame+1","Doubt"],"relics":["Burning Blood","Centennial Puzzle","Shuriken","Happy Flower","Eternal Feather","Frozen Egg 2","Necronomicon","Self Forming Clay","Sozu","Bottled Lightning","War Paint","Ancient Tea Set","Red Mask"],"potions_floor_usage":[6,6,18,33,33],"damage_taken":[{"damage":11,"enemies":"2 Louse","floor":1,"turns":3},{"damage":0,"enemies":"Small Slimes","floor":3,"turns":4},{"damage":0,"enemies":"Cultist","floor":4,"turns":3},{"damage":4,"enemies":"Red Slaver","floor":5,"turns":5},{"damage":13,"enemies":"Gremlin Nob","floor":6,"turns":6},{"damage":39,"enemies":"Exordium Wildlife","floor":7,"turns":6},{"damage":7,"enemies":"2 Fungi Beasts","floor":10,"turns":5},{"damage":0,"enemies":"Large Slime","floor":11,"turns":5},{"damage":8,"enemies":"Blue Slaver","floor":12,"turns":3},{"damage":13,"enemies":"The Guardian","floor":16,"turns":14},{"damage":1,"enemies":"3 Byrds","floor":18,"turns":9},{"damage":8,"enemies":"Shell Parasite","floor":22,"turns":6},{"damage":13,"enemies":"Centurion and Healer","floor":28,"turns":12},{"damage":24,"enemies":"Slavers","floor":31,"turns":3},{"damage":54,"enemies":"Collector","floor":33,"turns":8},{"damage":22,"enemies":"3 Shapes","floor":35,"turns":7},{"damage":35,"enemies":"Flame Bruiser 1 Orb","floor":38,"turns":4},{"damage":14,"enemies":"Sphere and 2 Shapes","floor":39,"turns":5},{"damage":20,"enemies":"4 Shapes","floor":41,"turns":7},{"damage":31,"enemies":"Giant Head","floor":42,"turns":7},{"damage":23,"enemies":"Flame Bruiser 2 Orb","floor":45,"turns":6},{"damage":46,"enemies":"Donu and Deca","floor":50,"turns":7}],"seed_played":"-5766430981703596465","potions_obtained":[{"floor":0,"key":"Fire Potion"},{"floor":0,"key":"PowerPotion"},{"floor":0,"key":"SpeedPotion"},{"floor":6,"key":"Weak Potion"},{"floor":12,"key":"SpeedPotion"},{"floor":18,"key":"FearPotion"}],"is_trial":false,"path_per_floor":["M","?","M","M","M","E","M","R","T","M","M","M","R","$","R","B",null,"M","$","?","?","M","$","R","$","T","R","M","?","?","E","R","B",null,"M","$","?","M","M","R","M","E","T","R","M","$","?","?","R","B"],"character_chosen":"IRONCLAD","items_purchased":["Rage","Happy Flower","Pummel","Metallicize","Feel No Pain+1","Ancient Tea Set"],"campfire_rested":1,"item_purchase_floors":[14,14,23,25,36,46],"current_hp_per_floor":[67,72,78,84,85,78,45,45,45,44,50,48,48,48,48,41,74,82,82,82,82,83,83,91,91,91,91,87,87,71,53,68,20,76,60,60,65,36,31,49,35,10,10,57,40,40,97,97,97,79],"gold":0,"neow_bonus":"THREE_SMALL_POTIONS","is_prod":false,"is_daily":false,"chose_seed":false,"campfire_upgraded":8,"win_rate":0,"timestamp":1534074441,"path_taken":["M","?","M","?","M","E","M","R","T","M","M","M","R","$","R","BOSS","M","$","?","?","M","$","R","$","T","R","M","?","?","E","R","BOSS","M","$","?","M","M","R","M","E","T","R","?","$","?","?","R","BOSS"],"build_version":"2018-08-09","purchased_purges":0,"victory":true,"max_hp_per_floor":[80,85,85,85,85,85,85,85,85,85,85,85,85,85,85,85,85,88,88,88,88,91,91,91,91,91,91,94,94,94,94,94,94,94,94,94,94,94,97,97,97,97,97,97,97,97,97,97,97,97],"card_choices":[{"not_picked":["Feel No Pain","Havoc"],"picked":"Uppercut","floor":1},{"not_picked":["Heavy Blade","Bloodletting"],"picked":"Ghostly Armor","floor":3},{"not_picked":["Wild Strike","Clash"],"picked":"Cleave","floor":4},{"not_picked":["Pommel Strike","Clash"],"picked":"Impervious","floor":5},{"not_picked":["Anger","Warcry"],"picked":"Disarm","floor":6},{"not_picked":["Wild Strike","Blood for Blood"],"picked":"Shrug It Off","floor":7},{"not_picked":["Heavy Blade","Flex"],"picked":"Infernal Blade","floor":10},{"not_picked":["Clash","Pommel Strike"],"picked":"Shockwave","floor":11},{"not_picked":["Reckless Charge","Headbutt","Second Wind"],"picked":"SKIP","floor":12},{"not_picked":["Offering","Demon Form"],"picked":"Feed","floor":16},{"not_picked":["Fire Breathing+1","Seeing Red"],"picked":"Thunderclap","floor":18},{"not_picked":["Wild Strike","Carnage+1"],"picked":"Pommel Strike","floor":22},{"not_picked":["Anger","Heavy Blade","Burning Pact"],"picked":"SKIP","floor":28},{"not_picked":["Battle Trance","Clash"],"picked":"Searing Blow+1","floor":31},{"not_picked":["Berserk+1","Exhume"],"picked":"Juggernaut+1","floor":33},{"not_picked":["Hemokinesis+1","Havoc+1"],"picked":"Pummel+1","floor":35},{"not_picked":["Corruption+1","Combust+1","Pommel Strike"],"picked":"SKIP","floor":38},{"not_picked":["Wild Strike","Body Slam"],"picked":"Inflame+1","floor":39},{"not_picked":["Armaments+1","Twin Strike","Impervious"],"picked":"SKIP","floor":41},{"not_picked":["Bloodletting+1","Cleave","Pommel Strike"],"picked":"SKIP","floor":42},{"not_picked":["Cleave","True Grit","Clash"],"picked":"SKIP","floor":45}],"player_experience":556621,"relics_obtained":[{"floor":6,"key":"Centennial Puzzle"},{"floor":9,"key":"Shuriken"},{"floor":26,"key":"Frozen Egg 2"},{"floor":30,"key":"Necronomicon"},{"floor":31,"key":"Self Forming Clay"},{"floor":42,"key":"Bottled Lightning"},{"floor":43,"key":"War Paint"}],"event_choices":[{"event_name":"Big Fish","player_choice":"Donut","floor":2,"damage_taken":0},{"event_name":"Ghosts","player_choice":"Ignored","floor":20,"damage_taken":0},{"event_name":"The Library","player_choice":"Read","floor":21,"damage_taken":0},{"event_name":"Masked Bandits","player_choice":"Paid Fearfully","floor":29,"damage_taken":0},{"event_name":"Cursed Tome","player_choice":"Obtained Book","floor":30,"damage_taken":0},{"event_name":"Bonfire Elementals","player_choice":"COMMON","floor":37,"damage_taken":0},{"event_name":"MindBloom","player_choice":"Heal","floor":47,"damage_taken":0},{"event_name":"Tomb of Lord Red Mask","player_choice":"Paid","floor":48,"damage_taken":0}],"is_beta":false,"boss_relics":[{"not_picked":["Empty Cage","Calling Bell"],"picked":"Eternal Feather"},{"not_picked":["Lizard Tail","Busted Crown"],"picked":"Sozu"}],"items_purged_floors":[],"is_endless":false,"potions_floor_spawned":[1,6,12,16,18,31,35,41],"ascension_level":10}