{"gold_per_floor":[365,378,358,372,3,31,31,48,48,67,102,102,2,20,20,20],"floor_reached":16,"playtime":619,"items_purged":["Strike_G","Strike_G"],"score":202,"play_id":"57ebf88a-f40b-47ef-b0e3-1347c17c6070","local_time":"20190616223400","is_ascension_mode":true,"campfire_choices":[{"floor":7,"key":"REST"},{"floor":12,"key":"REST"},{"data":"Caltrops","floor":15,"key":"SMITH"}],"neow_cost":"PERCENT_DAMAGE","seed_source_timestamp":425643315489500,"circlet_count":0,"master_deck":["AscendersBane","Defend_G","Defend_G","Defend_G","Defend_G","Defend_G","Strike_G","Strike_G","Strike_G","Survivor","Neutralize","Deadly Poison","Escape Plan","Caltrops+1","Well Laid Plans","Backflip","After Image","Predator","Crippling Poison+1","Cloak And Dagger+1","Cloak And Dagger+1"],"relics":["Ring of the Snake","Bronze Scales","Art of War","Toxic Egg 2","The Specimen"],"potions_floor_usage":[6,6,11,16],"damage_taken":[{"damage":4,"enemies":"Small Slimes","floor":1,"turns":4},{"damage":0,"enemies":"Cultist","floor":2,"turns":3},{"damage":0,"enemies":"2 Louse","floor":4,"turns":3},{"damage":30,"enemies":"Gremlin Nob","floor":6,"turns":4},{"damage":12,"enemies":"Exordium Thugs","floor":8,"turns":4},{"damage":0,"enemies":"Blue Slaver","floor":10,"turns":4},{"damage":7,"enemies":"3 Sentries","floor":11,"turns":8},{"damage":2,"enemies":"Large Slime","floor":14,"turns":6},{"damage":31,"enemies":"The Guardian","floor":16,"turns":2}],"seed_played":"1846785944347946792","potions_obtained":[{"floor":2,"key":"Fire Potion"},{"floor":3,"key":"Ancient Potion"},{"floor":8,"key":"EssenceOfSteel"},{"floor":11,"key":"Dexterity Potion"}],"is_trial":false,"path_per_floor":["M","M","?","M","$","E","R","M","T","M","E","R","$","M","R","B"],"character_chosen":"THE_SILENT","items_purchased":["Well Laid Plans","Bronze Scales","Backflip"],"campfire_rested":2,"item_purchase_floors":[5,5,5],"current_hp_per_floor":[40,40,40,40,40,10,29,17,17,17,10,29,29,27,27,0],"gold":20,"neow_bonus":"TWO_FIFTY_GOLD","is_prod":false,"is_daily":false,"chose_seed":false,"campfire_upgraded":1,"win_rate":0,"timestamp":1560717240,"path_taken":["M","M","?","M","?","E","R","M","T","M","E","R","$","?","R","BOSS"],"build_version":"2019-01-23","purchased_purges":2,"victory":false,"max_hp_per_floor":[66,66,66,66,66,66,66,66,66,66,66,66,66,66,66,66],"card_choices":[{"not_picked":["Dagger Throw","Blade Dance"],"picked":"Deadly Poison","floor":1},{"not_picked":["Masterful Stab","Underhanded Strike"],"picked":"Escape Plan","floor":2},{"not_picked":["Sucker Punch","Infinite Blades"],"picked":"Caltrops","floor":4},{"not_picked":["Outmaneuver","Die Die Die"],"picked":"After Image","floor":6},{"not_picked":["PiercingWail","Underhanded Strike"],"picked":"Predator","floor":8},{"not_picked":["Slice","Masterful Stab"],"picked":"Crippling Poison+1","floor":10},{"not_picked":["Poisoned Stab","Prepared+1"],"picked":"Cloak And Dagger+1","floor":11},{"not_picked":["Predator","Prepared+1"],"picked":"Cloak And Dagger+1","floor":14}],"player_experience":1374166,"relics_obtained":[{"floor":6,"key":"Art of War"},{"floor":9,"key":"Toxic Egg 2"},{"floor":11,"key":"The Specimen"}],"event_choices":[{"damage_healed":0,"gold_gain":0,"player_choice":"Bought 1 Potion","damage_taken":0,"max_hp_gain":0,"max_hp_loss":0,"event_name":"The Woman in Blue","floor":3,"gold_loss":0}],"is_beta":false,"boss_relics":[],"items_purged_floors":[5,13],"is_endless":false,"potions_floor_spawned":[2,8,11],"killed_by":"The Guardian","ascension_level":16}