{"gold_per_floor":[113,131,147,117,117,117,42,75,75,75],"floor_reached":10,"playtime":394,"items_purged":["Strike_G"],"score":119,"play_id":"7ebe4480-f5cc-44f0-b164-b998954bb593","local_time":"20190609043540","is_ascension_mode":true,"campfire_choices":[{"data":"Apotheosis","floor":6,"key":"SMITH"}],"neow_cost":"PERCENT_DAMAGE","seed_source_timestamp":172828966286800,"circlet_count":0,"master_deck":["AscendersBane","Defend_G","Defend_G","Defend_G","Defend_G","Defend_G","Strike_G","Strike_G","Strike_G","Strike_G","Survivor","Neutralize","Apotheosis+1","Panacea","Dodge and Roll","Footwork","Footwork","Skewer","Flying Knee"],"relics":["Ring of the Snake","Matryoshka","Prayer Wheel","Pantograph","Smiling Mask"],"potions_floor_usage":[2,10],"damage_taken":[{"damage":0,"enemies":"Cultist","floor":1,"turns":4},{"damage":0,"enemies":"Small Slimes","floor":2,"turns":4},{"damage":0,"enemies":"Jaw Worm","floor":3,"turns":6},{"damage":0,"enemies":"Looter","floor":4,"turns":4},{"damage":14,"enemies":"3 Sentries","floor":8,"turns":12},{"damage":35,"enemies":"Gremlin Nob","floor":10,"turns":6}],"seed_played":"-6252921781729896204","potions_obtained":[{"floor":1,"key":"Energy Potion"},{"floor":8,"key":"SteroidPotion"}],"is_trial":false,"path_per_floor":["M","M","M","M","T","R","$","E","T","E"],"character_chosen":"THE_SILENT","items_purchased":[],"campfire_rested":0,"item_purchase_floors":[],"current_hp_per_floor":[44,44,44,44,44,44,44,30,30,0],"gold":75,"neow_bonus":"RANDOM_COLORLESS_2","is_prod":false,"is_daily":false,"chose_seed":false,"campfire_upgraded":1,"win_rate":0,"timestamp":1560047740,"path_taken":["M","M","?","M","?","R","$","E","T","E"],"build_version":"2019-01-23","purchased_purges":1,"victory":false,"max_hp_per_floor":[66,66,66,66,66,66,66,66,66,66],"card_choices":[{"not_picked":["Tactician","Outmaneuver"],"picked":"Dodge and Roll","floor":1},{"not_picked":["Expertise","Riddle With Holes"],"picked":"Footwork","floor":2},{"not_picked":["Bane","Flying Knee"],"picked":"Footwork","floor":3},{"not_picked":["Masterful Stab","Bane"],"picked":"Skewer","floor":4},{"not_picked":["Deflect","Malaise"],"picked":"Flying Knee","floor":8}],"player_experience":1248816,"relics_obtained":[{"floor":5,"key":"Matryoshka"},{"floor":8,"key":"Prayer Wheel"},{"floor":9,"key":"Pantograph"},{"floor":9,"key":"Smiling Mask"}],"event_choices":[],"is_beta":false,"boss_relics":[],"items_purged_floors":[7],"is_endless":false,"potions_floor_spawned":[1,8],"killed_by":"Gremlin Nob","ascension_level":16}