{"gold_per_floor":[119,129,179,193,208,208,221,252,278,6,6,6,156,16,16,16],"floor_reached":16,"playtime":576,"items_purged":["Strike_G","Doubt"],"score":190,"play_id":"c61b0401-c169-44af-ba7b-62a433ec24f8","local_time":"20190721234156","is_ascension_mode":true,"campfire_choices":[{"data":"Poisoned Stab","floor":6,"key":"SMITH"},{"floor":12,"key":"REST"},{"data":"After Image","floor":15,"key":"SMITH"}],"neow_cost":"NONE","seed_source_timestamp":49880847062300,"circlet_count":0,"master_deck":["AscendersBane","Strike_G","Strike_G","Strike_G","Defend_G","Defend_G","Defend_G","Defend_G","Defend_G","Survivor","Neutralize+1","Sucker Punch","Blur","Poisoned Stab+1","Dodge and Roll","Dash","Backflip","After Image+1","Slice","Outmaneuver","Finisher"],"relics":["Ring of the Snake","Vajra","Strawberry"],"potions_floor_usage":[5],"damage_taken":[{"damage":6,"enemies":"2 Louse","floor":1,"turns":3},{"damage":3,"enemies":"Cultist","floor":2,"turns":4},{"damage":0,"enemies":"Jaw Worm","floor":4,"turns":5},{"damage":2,"enemies":"Red Slaver","floor":5,"turns":6},{"damage":1,"enemies":"Looter","floor":7,"turns":4},{"damage":32,"enemies":"3 Sentries","floor":8,"turns":16},{"damage":41,"enemies":"Hexaghost","floor":16,"turns":16}],"seed_played":"6247821723295557497","potions_obtained":[{"floor":1,"key":"Ancient Potion"},{"floor":4,"key":"SpeedPotion"}],"is_trial":false,"path_per_floor":["M","M","?","M","M","R","M","E","T","$","?","R","?","$","R","B"],"character_chosen":"THE_SILENT","items_purchased":["After Image","Slice","Finisher"],"campfire_rested":1,"item_purchase_floors":[10,10,14],"current_hp_per_floor":[53,50,44,44,42,42,41,9,16,16,16,37,37,37,37,0],"gold":16,"neow_bonus":"UPGRADE_CARD","is_prod":false,"is_daily":false,"chose_seed":false,"campfire_upgraded":2,"win_rate":0,"timestamp":1563745316,"path_taken":["M","M","?","M","M","R","?","E","T","?","?","R","?","$","R","BOSS"],"build_version":"2019-07-17","purchased_purges":2,"victory":false,"max_hp_per_floor":[66,66,66,66,66,66,66,66,73,73,73,73,73,73,73,73],"card_choices":[{"not_picked":["Masterful Stab","Blade Dance"],"picked":"Sucker Punch","floor":1},{"not_picked":["Concentrate","PiercingWail"],"picked":"Blur","floor":2},{"not_picked":["Acrobatics","Slice"],"picked":"Poisoned Stab","floor":4},{"not_picked":["Cloak And Dagger","Heel Hook"],"picked":"Dodge and Roll","floor":5},{"not_picked":["Backflip","Outmaneuver"],"picked":"Dash","floor":7},{"not_picked":["Masterful Stab","Poisoned Stab"],"picked":"Backflip","floor":8}],"player_experience":1716405,"relics_obtained":[{"floor":8,"key":"Vajra"},{"floor":9,"key":"Strawberry"}],"event_choices":[{"damage_healed":0,"gold_gain":50,"player_choice":"Touch","damage_taken":6,"max_hp_gain":0,"max_hp_loss":0,"event_name":"FaceTrader","floor":3,"gold_loss":0},{"damage_healed":0,"gold_gain":0,"cards_transformed":["Strike_G"],"player_choice":"Change","damage_taken":0,"max_hp_gain":0,"max_hp_loss":0,"event_name":"Living Wall","floor":11,"gold_loss":0,"cards_obtained":["Outmaneuver"]},{"damage_healed":0,"gold_gain":150,"player_choice":"AGREE","damage_taken":0,"max_hp_gain":0,"max_hp_loss":0,"event_name":"Liars Game","floor":13,"gold_loss":0,"cards_obtained":["Doubt"]}],"is_beta":false,"boss_relics":[],"items_purged_floors":[10,14],"is_endless":false,"potions_floor_spawned":[1,4],"killed_by":"Hexaghost","ascension_level":18}