{"gold_per_floor":[109,109,34,46,46,46,58,58,58,58,77,77,87,45,45,117,117,136,154,154,26,0,0,18,68,68,68],"floor_reached":27,"playtime":821,"items_purged":[],"score":392,"play_id":"082b1b27-05b7-4984-9486-ff3e1925f5c5","local_time":"20181203014637","is_ascension_mode":true,"campfire_choices":[{"data":"Neutralize","floor":6.0,"key":"SMITH"},{"data":"Quick Slash","floor":8.0,"key":"SMITH"},{"floor":12.0,"key":"REST"},{"data":"Footwork","floor":15.0,"key":"SMITH"},{"floor":23,"key":"REST"}],"neow_cost":"NONE","seed_source_timestamp":65382753203932,"circlet_count":0,"master_deck":["AscendersBane","Defend_G","Defend_G","Defend_G+1","Defend_G","Strike_G","Strike_G","Strike_G+1","Strike_G+1","Survivor","Neutralize+1","Distraction+1","Quick Slash+1","Dagger Throw","Calculated Gamble","Underhanded Strike","Footwork+1","Doppelganger","Predator","Dagger Throw","Writhe","Cloak And Dagger","Blur","Finisher"],"special_seed":0,"relics":["Philosopher\u0027s Stone","Mummified Hand","Snecko Eye","War Paint","Gambling Chip"],"potions_floor_usage":[16],"damage_taken":[{"damage":3.0,"enemies":"Jaw Worm","floor":1.0,"turns":6.0},{"damage":4.0,"enemies":"2 Louse","floor":4.0,"turns":5.0},{"damage":2.0,"enemies":"Small Slimes","floor":7.0,"turns":4.0},{"damage":0.0,"enemies":"2 Fungi Beasts","floor":11.0,"turns":2.0},{"damage":1.0,"enemies":"Looter","floor":13.0,"turns":2.0},{"damage":34,"enemies":"The Guardian","floor":16,"turns":10},{"damage":40,"enemies":"2 Thieves","floor":18,"turns":4},{"damage":0,"enemies":"Chosen","floor":19,"turns":5},{"damage":26,"enemies":"Centurion and Healer","floor":24,"turns":8},{"damage":22,"enemies":"Cultist and Chosen","floor":27,"turns":5}],"seed_played":"-7434710121239561979","potions_obtained":[{"floor":7.0,"key":"Energy Potion"},{"floor":13.0,"key":"Dexterity Potion"}],"is_trial":false,"path_per_floor":["M","?","?","M","?","R","M","R","T","?","M","R","M","$","R","B",null,"M","M","?","$","?","R","M","?","T","M"],"character_chosen":"THE_SILENT","items_purchased":["Footwork","Cloak And Dagger","Blur"],"campfire_rested":2,"item_purchase_floors":[14,21,21],"current_hp_per_floor":[56,49,49,45,50,50,48,48,48,27,27,48,47,47,47,13,57,17,17,17,17,17,38,12,12,12,0],"gold":68,"neow_bonus":"BOSS_RELIC","is_prod":false,"is_daily":false,"chose_seed":false,"campfire_upgraded":3,"win_rate":0,"timestamp":1543797997,"path_taken":["M","?","?","M","?","R","M","R","T","?","M","R","M","?","R","BOSS","M","M","?","$","?","R","M","?","T","M"],"build_version":"2018-11-15","purchased_purges":0,"victory":false,"max_hp_per_floor":[66,66,66,66,71,71,71,71,71,71,71,71,71,71,71,71,71,71,71,71,71,71,71,71,71,71,71],"card_choices":[{"not_picked":["Deflect","Outmaneuver"],"picked":"Distraction","floor":1.0},{"not_picked":["Slice","Crippling Poison"],"picked":"Quick Slash","floor":4.0},{"not_picked":["Blade Dance","Backflip"],"picked":"Dagger Throw","floor":7.0},{"not_picked":["Prepared","Catalyst"],"picked":"Calculated Gamble","floor":11.0},{"not_picked":["Prepared","Accuracy"],"picked":"Underhanded Strike","floor":13.0},{"not_picked":["Phantasmal Killer","Unload"],"picked":"Doppelganger","floor":16},{"not_picked":["Leg Sweep","Finisher"],"picked":"Predator","floor":18},{"not_picked":["Cloak And Dagger","Slice"],"picked":"Dagger Throw","floor":19},{"not_picked":["Eviscerate","Quick Slash"],"picked":"Finisher","floor":24}],"player_experience":515571,"relics_obtained":[{"floor":9.0,"key":"Mummified Hand"},{"floor":26,"key":"Gambling Chip"}],"event_choices":[{"cards_removed":["Defend_G"],"damage_healed":0.0,"max_hp_gain":0.0,"max_hp_loss":0.0,"gold_gain":0.0,"event_name":"Golden Wing","player_choice":"Card Removal","floor":2.0,"gold_loss":0.0,"damage_taken":7.0},{"cards_removed":["Strike_G"],"damage_healed":0.0,"max_hp_gain":0.0,"max_hp_loss":0.0,"gold_gain":0.0,"event_name":"The Cleric","player_choice":"Card Removal","floor":3.0,"gold_loss":75.0,"damage_taken":0.0},{"damage_healed":0.0,"max_hp_gain":5.0,"max_hp_loss":0.0,"gold_gain":0.0,"event_name":"Big Fish","player_choice":"Donut","floor":5.0,"gold_loss":0.0,"damage_taken":0.0},{"damage_healed":0.0,"max_hp_gain":0.0,"max_hp_loss":0.0,"gold_gain":0.0,"event_name":"Shining Light","player_choice":"Entered Light","floor":10.0,"gold_loss":0.0,"damage_taken":21.0,"cards_upgraded":["Strike_G","Strike_G"]},{"damage_healed":0,"gold_gain":0,"player_choice":"Opened","damage_taken":0,"relics_obtained":["War Paint"],"max_hp_gain":0,"max_hp_loss":0,"event_name":"The Mausoleum","floor":20,"gold_loss":0,"cards_obtained":["Writhe"]},{"damage_healed":0,"gold_gain":0,"player_choice":"Paid Fearfully","damage_taken":0,"max_hp_gain":0,"max_hp_loss":0,"event_name":"Masked Bandits","floor":22,"gold_loss":26},{"damage_healed":0,"gold_gain":50,"player_choice":"Stole From Cult","damage_taken":0,"max_hp_gain":0,"max_hp_loss":0,"event_name":"Nest","floor":25,"gold_loss":0}],"is_beta":false,"boss_relics":[{"not_picked":["Eternal Feather","Orrery"],"picked":"Snecko Eye"}],"items_purged_floors":[],"is_endless":false,"potions_floor_spawned":[7,13],"killed_by":"Cultist and Chosen","ascension_level":19}