{"gold_per_floor":[112,112,59,73,73,105,105,138,185,196,196,196,15,44,44,121,121,140,101,101,151,18,18,32,32,32,45,63,75,89,103,103,181,181,191,191,207,50,50,50],"floor_reached":40,"playtime":1817,"items_purged":["Strike_B","Go for the Eyes"],"score":794,"play_id":"69ea6732-0a11-45ad-b64c-6b88144d0439","local_time":"20190821102352","is_ascension_mode":true,"campfire_choices":[{"data":"Zap","floor":7.0,"key":"SMITH"},{"data":"Scrape","floor":12.0,"key":"SMITH"},{"floor":15.0,"key":"REST"},{"data":"Scrape","floor":23.0,"key":"SMITH"},{"data":"Hologram","floor":25.0,"key":"SMITH"},{"data":"Coolheaded","floor":32.0,"key":"SMITH"}],"neow_cost":"NONE","seed_source_timestamp":0,"circlet_count":0,"master_deck":["AscendersBane","Zap+1","Dualcast+1","Go for the Eyes+1","Coolheaded+1","Turbo+1","Scrape+1","Gash","Hologram+1","BootSequence","FTL","Scrape+1","Steam","Self Repair","Beam Cell","Reprogram","Hologram"],"special_seed":0,"relics":["Cracked Core","NeowsBlessing","Bag of Preparation","Whetstone","War Paint","DataDisk","WingedGreaves","Pandora\u0027s Box","Mummified Hand","Calling Bell","Centennial Puzzle","Darkstone Periapt","Prayer Wheel"],"potions_floor_usage":[],"damage_taken":[{"damage":0.0,"enemies":"Jaw Worm","floor":1.0,"turns":1.0},{"damage":0.0,"enemies":"Cultist","floor":4.0,"turns":1.0},{"damage":0.0,"enemies":"Lagavulin","floor":6.0,"turns":1.0},{"damage":27.0,"enemies":"Gremlin Nob","floor":8.0,"turns":4.0},{"damage":0.0,"enemies":"Small Slimes","floor":10.0,"turns":2.0},{"damage":14.0,"enemies":"3 Sentries","floor":14.0,"turns":6.0},{"damage":25.0,"enemies":"Hexaghost","floor":16.0,"turns":10.0},{"damage":0.0,"enemies":"Spheric Guardian","floor":18.0,"turns":1.0},{"damage":0.0,"enemies":"Chosen","floor":24.0,"turns":3.0},{"damage":0.0,"enemies":"Snake Plant","floor":27.0,"turns":2.0},{"damage":0.0,"enemies":"Sentry and Sphere","floor":28.0,"turns":3.0},{"damage":5.0,"enemies":"Cultist and Chosen","floor":29.0,"turns":4.0},{"damage":17.0,"enemies":"Snecko","floor":30.0,"turns":4.0},{"damage":5.0,"enemies":"Centurion and Healer","floor":31.0,"turns":5.0},{"damage":31.0,"enemies":"Champ","floor":33.0,"turns":7.0},{"damage":2,"enemies":"3 Darklings","floor":35,"turns":5},{"damage":9,"enemies":"Orb Walker","floor":37,"turns":3},{"damage":60,"enemies":"Nemesis","floor":40,"turns":7}],"seed_played":"-378396224016963623","potions_obtained":[{"floor":4.0,"key":"Regen Potion"},{"floor":6.0,"key":"SkillPotion"},{"floor":8.0,"key":"Poison Potion"},{"floor":16.0,"key":"Poison Potion"},{"floor":24.0,"key":"Swift Potion"},{"floor":28.0,"key":"Swift Potion"},{"floor":29.0,"key":"Poison Potion"},{"floor":33.0,"key":"SpeedPotion"},{"floor":37,"key":"LiquidBronze"}],"is_trial":false,"path_per_floor":["M","?","$","M","?","E","R","E","T","M","$","R","$","E","R","B",null,"M","$","?","?","$","R","M","R","T","M","M","M","M","M","R","B",null,"M","?","M","$","?","E"],"character_chosen":"DEFECT","items_purchased":["Coolheaded","Gash","Hologram","FTL","Scrape","Steam","Hologram"],"campfire_rested":1,"item_purchase_floors":[3,13,13,19,22,22,38],"current_hp_per_floor":[64,64,64,64,59,59,59,41,41,41,41,41,41,27,48,23,59,59,59,59,59,59,59,59,59,59,59,59,54,37,39,39,15,57,62,62,60,60,60,0],"gold":50,"neow_bonus":"THREE_ENEMY_KILL","is_prod":false,"is_daily":false,"chose_seed":false,"campfire_upgraded":5,"win_rate":0,"timestamp":1566408232,"path_taken":["M","?","$","?","?","E","R","E","T","M","?","R","$","E","R","BOSS","M","$","?","?","$","R","M","R","T","M","?","M","?","M","R","BOSS","M","?","M","$","?","E"],"build_version":"2019-07-17","purchased_purges":2,"victory":false,"max_hp_per_floor":[71,71,71,71,71,71,71,71,71,71,71,71,71,71,71,71,71,71,71,71,71,71,71,71,71,71,71,71,71,71,71,71,71,71,71,71,71,71,71,71],"card_choices":[{"not_picked":["Cold Snap","Streamline"],"picked":"Go for the Eyes","floor":1.0},{"not_picked":["Stack","Cold Snap"],"picked":"Turbo","floor":4.0},{"not_picked":["Skim","Genetic Algorithm"],"picked":"Scrape","floor":6.0},{"not_picked":["Static Discharge","Thunder Strike","Force Field"],"picked":"SKIP","floor":8.0},{"not_picked":["Coolheaded","Ball Lightning","Sweeping Beam"],"picked":"SKIP","floor":10.0},{"not_picked":["Streamline","Compile Driver","Meteor Strike"],"picked":"SKIP","floor":14.0},{"not_picked":["Sweeping Beam","Recycle"],"picked":"BootSequence","floor":18.0},{"not_picked":["Scrape","Beam Cell"],"picked":"Go for the Eyes","floor":24.0},{"not_picked":["Melter","Compile Driver","Doom and Gloom"],"picked":"SKIP","floor":27.0},{"not_picked":["Streamline","Double Energy","Barrage"],"picked":"SKIP","floor":28.0},{"not_picked":["Conserve Battery","Barrage","Force Field"],"picked":"SKIP","floor":29.0},{"not_picked":["Consume","Sweeping Beam"],"picked":"Self Repair","floor":30.0},{"not_picked":["Doom and Gloom","FTL","Electrodynamics"],"picked":"SKIP","floor":31.0},{"not_picked":["Rainbow","Amplify"],"picked":"Echo Form","floor":33.0},{"not_picked":["Barrage+1","Cold Snap"],"picked":"Beam Cell","floor":35},{"not_picked":["Cold Snap","Streamline","Tempest"],"picked":"SKIP","floor":35},{"not_picked":["Tempest+1","Redo"],"picked":"Reprogram","floor":37},{"not_picked":["Fusion","Capacitor","Go for the Eyes"],"picked":"SKIP","floor":37}],"player_experience":175894,"relics_obtained":[{"floor":6.0,"key":"Whetstone"},{"floor":8.0,"key":"War Paint"},{"floor":9.0,"key":"DataDisk"},{"floor":14.0,"key":"WingedGreaves"},{"floor":26.0,"key":"Mummified Hand"},{"floor":34.0,"key":"Centennial Puzzle"},{"floor":34.0,"key":"Darkstone Periapt"},{"floor":34.0,"key":"Prayer Wheel"}],"event_choices":[{"damage_healed":0.0,"max_hp_gain":0.0,"max_hp_loss":0.0,"gold_gain":0.0,"event_name":"Upgrade Shrine","player_choice":"Upgraded","floor":2.0,"gold_loss":0.0,"damage_taken":0.0,"cards_upgraded":["Go for the Eyes"]},{"damage_healed":0.0,"max_hp_gain":0.0,"max_hp_loss":0.0,"gold_gain":0.0,"event_name":"Scrap Ooze","player_choice":"Success","floor":5.0,"gold_loss":0.0,"damage_taken":5.0,"relics_obtained":["Bag of Preparation"]},{"damage_healed":0.0,"max_hp_gain":0.0,"max_hp_loss":0.0,"gold_gain":0.0,"event_name":"Beggar","player_choice":"Ignored","floor":20.0,"gold_loss":0.0,"damage_taken":0.0},{"damage_healed":0.0,"max_hp_gain":0.0,"max_hp_loss":0.0,"gold_gain":50.0,"event_name":"Golden Shrine","player_choice":"Pray","floor":21.0,"gold_loss":0.0,"damage_taken":0.0},{"damage_healed":0,"gold_gain":0,"player_choice":"Ignored","damage_taken":0,"max_hp_gain":0,"max_hp_loss":0,"event_name":"Mysterious Sphere","floor":36,"gold_loss":0},{"cards_removed":["Echo Form"],"damage_healed":0,"gold_gain":0,"player_choice":"Removed Power","damage_taken":0,"max_hp_gain":0,"max_hp_loss":0,"event_name":"Falling","floor":39,"gold_loss":0}],"is_beta":false,"boss_relics":[{"not_picked":["Ectoplasm","Philosopher\u0027s Stone"],"picked":"Pandora\u0027s Box"},{"not_picked":["Snecko Eye","Astrolabe"],"picked":"Calling Bell"}],"items_purged_floors":[13,38],"is_endless":false,"potions_floor_spawned":[4,6,8,16,24,28,29,33,37],"killed_by":"Nemesis","ascension_level":17}