{"gold_per_floor":[110,110,122,122,132,132,4,79,79,97,116,116,135,152,152,248,248,261,279,279,279,279,279,179,179,228,257,132,47,47,82,82,184,184,194,194,44,44,54,54,84,84,110,110,124,72,72,72],"floor_reached":48,"playtime":1969,"items_purged":["Strike_R","Strike_R","Bash","Strike_R"],"score":664,"play_id":"7b70e8b0-764c-462d-be8c-990300a4df9c","local_time":"20190905234517","is_ascension_mode":true,"campfire_choices":[{"data":"True Grit","floor":6.0,"key":"SMITH"},{"data":"Body Slam","floor":12.0,"key":"SMITH"},{"data":"Disarm","floor":15.0,"key":"SMITH"},{"data":"Demon Form","floor":23.0,"key":"SMITH"},{"data":"Heavy Blade","floor":25.0,"key":"SMITH"},{"data":"Shrug It Off","floor":30,"key":"SMITH"},{"data":"Shrug It Off","floor":32,"key":"SMITH"},{"floor":40,"key":"REST"},{"data":"Shrug It Off","floor":42,"key":"SMITH"},{"floor":44,"key":"REST"}],"neow_cost":"NONE","seed_source_timestamp":146655791970549,"circlet_count":0,"master_deck":["Defend_R","Defend_R","Defend_R","Defend_R","Heavy Blade+1","True Grit+1","Shrug It Off+1","Body Slam+1","Shrug It Off+1","Shrug It Off+1","Disarm+1","Demon Form+1","Warcry+1","Shockwave+1"],"special_seed":0,"relics":["Burning Blood","NeowsBlessing","Pen Nib","Shuriken","Empty Cage","Anchor","Pantograph","Champion Belt","Potion Belt","White Beast Statue","Art of War","Vajra","Meat on the Bone"],"potions_floor_usage":[31,35,45,47,48],"damage_taken":[{"damage":0.0,"enemies":"Small Slimes","floor":1.0,"turns":1.0},{"damage":0.0,"enemies":"Cultist","floor":3.0,"turns":1.0},{"damage":0.0,"enemies":"Jaw Worm","floor":5.0,"turns":1.0},{"damage":1.0,"enemies":"Red Slaver","floor":10.0,"turns":4.0},{"damage":3.0,"enemies":"Exordium Wildlife","floor":11.0,"turns":4.0},{"damage":0.0,"enemies":"2 Fungi Beasts","floor":13.0,"turns":4.0},{"damage":5.0,"enemies":"Looter","floor":14.0,"turns":3.0},{"damage":35.0,"enemies":"The Guardian","floor":16.0,"turns":16.0},{"damage":1.0,"enemies":"Chosen","floor":18.0,"turns":5.0},{"damage":15.0,"enemies":"Shell Parasite","floor":19.0,"turns":10.0},{"damage":14.0,"enemies":"Book of Stabbing","floor":27.0,"turns":6.0},{"damage":25,"enemies":"Gremlin Leader","floor":31,"turns":5},{"damage":36,"enemies":"Champ","floor":33,"turns":10},{"damage":57,"enemies":"Orb Walker","floor":35,"turns":7},{"damage":21,"enemies":"3 Darklings","floor":39,"turns":7},{"damage":14,"enemies":"Nemesis","floor":41,"turns":9},{"damage":4,"enemies":"4 Shapes","floor":45,"turns":4},{"damage":9,"enemies":"Transient","floor":47,"turns":2},{"damage":70,"enemies":"Reptomancer","floor":48,"turns":4}],"seed_played":"-3535103301131716341","potions_obtained":[{"floor":1.0,"key":"Swift Potion"},{"floor":10.0,"key":"SteroidPotion"},{"floor":14.0,"key":"Poison Potion"},{"floor":16.0,"key":"BloodPotion"},{"floor":18.0,"key":"Block Potion"},{"floor":19.0,"key":"Energy Potion"},{"floor":31,"key":"PowerPotion"},{"floor":35,"key":"SmokeBomb"},{"floor":39,"key":"Ancient Potion"},{"floor":41,"key":"Energy Potion"},{"floor":45,"key":"Poison Potion"}],"is_trial":false,"path_per_floor":["M","?","M","?","M","R","$","?","T","M","M","R","M","M","R","B",null,"M","M","?","?","?","R","$","R","T","E","$","?","R","E","R","B",null,"M","?","$","?","M","R","E","R","T","R","M","?","M","E"],"character_chosen":"IRONCLAD","items_purchased":["Body Slam"],"campfire_rested":2,"item_purchase_floors":[7],"current_hp_per_floor":[78,78,80,68,74,74,74,66,66,71,74,74,80,80,80,51,73,78,69,69,69,69,69,69,69,69,61,61,61,61,42,42,37,69,38,38,38,38,23,47,39,39,39,63,65,65,62,0],"gold":72,"neow_bonus":"THREE_ENEMY_KILL","is_prod":false,"is_daily":false,"chose_seed":false,"campfire_upgraded":8,"win_rate":0,"timestamp":1567752317,"path_taken":["M","?","?","?","M","R","$","?","T","M","M","R","M","M","R","BOSS","M","M","?","?","?","R","?","R","T","E","$","?","R","E","R","BOSS","M","?","$","?","M","R","E","R","T","R","M","?","M","E"],"build_version":"2019-07-17","purchased_purges":4,"victory":false,"max_hp_per_floor":[80,80,80,80,80,80,80,80,80,80,80,80,80,80,80,80,80,80,80,80,80,80,80,80,80,80,80,80,80,80,80,80,80,80,80,80,80,80,80,80,80,80,80,80,80,80,80,80],"card_choices":[{"not_picked":["Reckless Charge","Flex"],"picked":"Heavy Blade","floor":1.0},{"not_picked":["Power Through","Metallicize"],"picked":"True Grit","floor":3.0},{"not_picked":["Dark Embrace","Havoc"],"picked":"Shrug It Off","floor":5.0},{"not_picked":["Twin Strike","Entrench"],"picked":"Shrug It Off","floor":10.0},{"not_picked":["Anger","Ghostly Armor","Dropkick"],"picked":"SKIP","floor":11.0},{"not_picked":["Anger","Ghostly Armor","Dropkick"],"picked":"SKIP","floor":11.0},{"not_picked":["Second Wind","Seeing Red"],"picked":"Shrug It Off","floor":13.0},{"not_picked":["Rupture","Heavy Blade"],"picked":"Disarm","floor":14.0},{"not_picked":["Bludgeon","Offering"],"picked":"Demon Form","floor":16.0},{"not_picked":["Intimidate","Uppercut","Headbutt+1"],"picked":"SKIP","floor":18.0},{"not_picked":["Hemokinesis","Clothesline","Pommel Strike"],"picked":"SKIP","floor":19.0},{"not_picked":["Clash","Inflame"],"picked":"Warcry+1","floor":27.0},{"not_picked":["Uppercut","Hemokinesis+1","Carnage"],"picked":"SKIP","floor":31},{"not_picked":["Searing Blow","Heavy Blade+1","Flex+1"],"picked":"SKIP","floor":35},{"not_picked":["Dropkick+1","Sentinel","Hemokinesis+1"],"picked":"SKIP","floor":39},{"not_picked":["Flex","Whirlwind+1","True Grit"],"picked":"SKIP","floor":41},{"not_picked":["Flex","Whirlwind+1","True Grit"],"picked":"SKIP","floor":41},{"not_picked":["Warcry","Armaments"],"picked":"Shockwave+1","floor":45}],"player_experience":195556,"relics_obtained":[{"floor":9.0,"key":"Shuriken"},{"floor":26.0,"key":"Anchor"},{"floor":27.0,"key":"Pantograph"},{"floor":31,"key":"Potion Belt"},{"floor":41,"key":"Art of War"},{"floor":43,"key":"Vajra"}],"event_choices":[{"damage_healed":0.0,"max_hp_gain":0.0,"max_hp_loss":0.0,"gold_gain":0.0,"event_name":"The Woman in Blue","player_choice":"Bought 0 Potions","floor":2.0,"gold_loss":0.0,"damage_taken":0.0},{"damage_healed":0.0,"max_hp_gain":0.0,"max_hp_loss":0.0,"gold_gain":0.0,"event_name":"Scrap Ooze","player_choice":"Success","floor":4.0,"gold_loss":0.0,"damage_taken":12.0,"relics_obtained":["Pen Nib"]},{"damage_healed":0.0,"max_hp_gain":0.0,"max_hp_loss":0.0,"gold_gain":75.0,"event_name":"FaceTrader","player_choice":"Touch","floor":8.0,"gold_loss":0.0,"damage_taken":8.0},{"damage_healed":0.0,"max_hp_gain":0.0,"max_hp_loss":0.0,"gold_gain":0.0,"event_name":"Vampires","player_choice":"Ignored","floor":20.0,"gold_loss":0.0,"damage_taken":0.0},{"damage_healed":0.0,"max_hp_gain":0.0,"max_hp_loss":0.0,"gold_gain":0.0,"event_name":"The Library","player_choice":"Read","floor":21.0,"gold_loss":0.0,"damage_taken":0.0,"cards_obtained":["Cleave"]},{"damage_healed":0.0,"max_hp_gain":0.0,"max_hp_loss":0.0,"gold_gain":0.0,"event_name":"Cursed Tome","player_choice":"Ignored","floor":22.0,"gold_loss":0.0,"damage_taken":0.0},{"damage_healed":0.0,"max_hp_gain":0.0,"max_hp_loss":0.0,"gold_gain":0.0,"event_name":"Addict","player_choice":"Obtained Relic","floor":29.0,"gold_loss":85.0,"damage_taken":0.0,"relics_obtained":["Champion Belt"]},{"damage_healed":0,"gold_gain":0,"player_choice":"Ignored","damage_taken":0,"max_hp_gain":0,"max_hp_loss":0,"event_name":"Tomb of Lord Red Mask","floor":36,"gold_loss":0},{"cards_removed":["Cleave"],"damage_healed":0,"gold_gain":0,"player_choice":"Removed Attack","damage_taken":0,"max_hp_gain":0,"max_hp_loss":0,"event_name":"Falling","floor":38,"gold_loss":0},{"damage_healed":0,"gold_gain":0,"player_choice":"Paid Gold","damage_taken":0,"relics_obtained":["Meat on the Bone"],"max_hp_gain":0,"max_hp_loss":0,"event_name":"WeMeetAgain","floor":46,"gold_loss":52}],"is_beta":false,"boss_relics":[{"not_picked":["Runic Cube","Eternal Feather"],"picked":"Empty Cage"},{"not_picked":["Runic Pyramid","Fusion Hammer"],"picked":"White Beast Statue"}],"items_purged_floors":[7,24,28,37],"is_endless":false,"potions_floor_spawned":[1,10,14,16,18,19,31,35,39,41,45,47],"killed_by":"Reptomancer","ascension_level":6}