{"gold_per_floor":[111,36,61,79,79,114,114,114,114,114,144,164,164,175,175,252,252,272,283,293,293,20,20,48,48,48,48,9,9,27,45,45,122,122,138,152,152,172,182,182,39,39,39,139,185,204,204,40,40,40],"floor_reached":50,"playtime":2564,"items_purged":["Defend_B","Dualcast"],"score":894,"play_id":"c0a4e413-2ce2-488f-a162-84f26855e47f","local_time":"20190613073929","is_ascension_mode":true,"campfire_choices":[{"data":"Zap","floor":7,"key":"SMITH"},{"data":"Conserve Battery","floor":10,"key":"SMITH"},{"data":"Static Discharge","floor":13,"key":"SMITH"},{"data":"Capacitor","floor":15,"key":"SMITH"},{"floor":23,"key":"REST"},{"floor":29,"key":"REST"},{"floor":32,"key":"REST"},{"data":"Ghostly","floor":40,"key":"SMITH"},{"data":"Echo Form","floor":42,"key":"SMITH"},{"data":"Fission","floor":47,"key":"SMITH"},{"data":"Double Energy","floor":49,"key":"SMITH"}],"neow_cost":"NONE","seed_source_timestamp":110820580702800,"circlet_count":0,"master_deck":["AscendersBane","Defend_B+1","Zap+1","Leap","Compile Driver","Multi-Cast","Conserve Battery+1","Static Discharge+1","Capacitor+1","Echo Form+1","Leap+1","Reprogram+1","Undo+1","Conserve Battery","Static Discharge","Defragment","Ghostly+1","Ghostly","Ghostly","Hologram","Chill","Bandage Up","BootSequence","Necronomicurse","Force Field","Double Energy+1","Self Repair","Fission+1","Gash","Streamline","Melter","Hologram+1","Loop","Coolheaded","Capacitor+1","Skim","Reinforced Body"],"relics":["Cracked Core","NeowsBlessing","War Paint","Gremlin Horn","Pantograph","Cables","FossilizedHelix","Astrolabe","Mercury Hourglass","Necronomicon","Dead Branch","Lizard Tail","Thread and Needle","Turnip","Emotion Chip"],"potions_floor_usage":[18,20,20,35,36,38,45,50,50],"damage_taken":[{"damage":0,"enemies":"2 Louse","floor":1,"turns":1},{"damage":0,"enemies":"Jaw Worm","floor":4,"turns":1},{"damage":0,"enemies":"Lagavulin","floor":6,"turns":2},{"damage":0,"enemies":"Cultist","floor":12,"turns":3},{"damage":0,"enemies":"Looter","floor":14,"turns":4},{"damage":33,"enemies":"Hexaghost","floor":16,"turns":9},{"damage":13,"enemies":"Chosen","floor":18,"turns":8},{"damage":8,"enemies":"Shell Parasite","floor":19,"turns":10},{"damage":29,"enemies":"Chosen and Byrds","floor":20,"turns":6},{"damage":14,"enemies":"Book of Stabbing","floor":24,"turns":8},{"damage":10,"enemies":"3 Cultists","floor":30,"turns":6},{"damage":2,"enemies":"Snecko","floor":31,"turns":6},{"damage":17,"enemies":"Collector","floor":33,"turns":13},{"damage":0,"enemies":"3 Darklings","floor":35,"turns":10},{"damage":9,"enemies":"3 Shapes","floor":36,"turns":6},{"damage":15,"enemies":"Writhing Mass","floor":38,"turns":5},{"damage":0,"enemies":"3 Darklings","floor":39,"turns":1},{"damage":0,"enemies":"Mind Bloom Boss Battle","floor":44,"turns":12},{"damage":57,"enemies":"2 Orb Walkers","floor":45,"turns":9},{"damage":0,"enemies":"Maw","floor":46,"turns":13},{"damage":49,"enemies":"Time Eater","floor":50,"turns":4}],"seed_played":"2083879659486913751","potions_obtained":[{"floor":4,"key":"Explosive Potion"},{"floor":16,"key":"Swift Potion"},{"floor":19,"key":"Regen Potion"},{"floor":30,"key":"Fire Potion"},{"floor":33,"key":"Energy Potion"},{"floor":35,"key":"LiquidBronze"},{"floor":44,"key":"Regen Potion"},{"floor":45,"key":"SteroidPotion"},{"floor":46,"key":"Regen Potion"}],"is_trial":false,"path_per_floor":["M","?","T","M","?","E","R","T","T","R","?","M","R","M","R","B",null,"M","M","M","?","$","R","E","?","T","?","$","R","M","M","R","B",null,"M","M","?","M","M","R","$","R","T","?","?","M","R","$","R","B"],"character_chosen":"DEFECT","items_purchased":["Hologram","Chill","Bandage Up","Force Field","Loop","LiquidBronze","Reinforced Body"],"campfire_rested":3,"item_purchase_floors":[22,22,22,28,41,48,48],"current_hp_per_floor":[64,64,64,64,64,64,64,64,64,64,64,64,64,64,64,38,63,50,42,28,28,28,35,23,2,2,2,2,12,6,4,14,18,31,35,33,33,22,22,22,22,22,22,35,19,34,34,34,34,0],"gold":40,"neow_bonus":"THREE_ENEMY_KILL","is_prod":false,"is_daily":false,"chose_seed":false,"campfire_upgraded":8,"win_rate":0,"timestamp":1560404369,"path_taken":["M","?","?","?","?","E","R","?","T","R","?","M","R","?","R","BOSS","M","M","M","?","$","R","E","?","T","?","?","R","M","M","R","BOSS","M","M","?","M","M","R","$","R","T","?","?","M","R","$","R","BOSS"],"build_version":"2019-01-23","purchased_purges":2,"victory":false,"max_hp_per_floor":[71,71,71,71,71,71,71,71,71,71,71,71,71,71,71,71,71,71,71,71,35,35,35,35,35,35,35,35,35,35,35,35,35,35,35,35,35,35,35,35,35,35,35,35,35,35,35,35,35,35],"card_choices":[{"not_picked":["Force Field","Redo"],"picked":"Leap","floor":1},{"not_picked":["Reprogram","Beam Cell"],"picked":"Compile Driver","floor":4},{"not_picked":["Beam Cell","Sweeping Beam"],"picked":"Conserve Battery","floor":6},{"not_picked":["Conserve Battery","Compile Driver"],"picked":"Static Discharge","floor":12},{"not_picked":["Turbo","Loop"],"picked":"Capacitor","floor":14},{"not_picked":["Hyperbeam","Fission"],"picked":"Echo Form","floor":16},{"not_picked":["Hello World","Leap"],"picked":"Conserve Battery","floor":18},{"not_picked":["Scrape","Go for the Eyes"],"picked":"Static Discharge","floor":19},{"not_picked":["Beam Cell","Rip and Tear"],"picked":"Defragment","floor":20},{"not_picked":["Blizzard+1","Sunder"],"picked":"BootSequence","floor":24},{"not_picked":["Go for the Eyes","Doom and Gloom"],"picked":"Double Energy","floor":30},{"not_picked":["Turbo","Chaos"],"picked":"Self Repair","floor":31},{"not_picked":["Core Surge","Echo Form"],"picked":"Fission","floor":33},{"not_picked":["Beam Cell+1","Stack"],"picked":"Gash","floor":35},{"not_picked":["Go for the Eyes+1","Static Discharge"],"picked":"Streamline","floor":36},{"not_picked":["Beam Cell","Hologram"],"picked":"Melter","floor":38},{"not_picked":["Rebound","Barrage"],"picked":"Hologram+1","floor":39},{"not_picked":["Hello World","Conserve Battery+1"],"picked":"Coolheaded","floor":44},{"not_picked":["Go for the Eyes","Ball Lightning"],"picked":"Capacitor+1","floor":45},{"not_picked":["BootSequence","Streamline"],"picked":"Skim","floor":46}],"player_experience":1326643,"relics_obtained":[{"floor":3,"key":"War Paint"},{"floor":6,"key":"Gremlin Horn"},{"floor":8,"key":"Pantograph"},{"floor":9,"key":"Cables"},{"floor":24,"key":"Mercury Hourglass"},{"floor":25,"key":"Necronomicon"},{"floor":26,"key":"Dead Branch"},{"floor":43,"key":"Thread and Needle"},{"floor":44,"key":"Turnip"},{"floor":45,"key":"Emotion Chip"}],"event_choices":[{"cards_removed":["Strike_B"],"damage_healed":0,"gold_gain":0,"player_choice":"Card Removal","damage_taken":0,"max_hp_gain":0,"max_hp_loss":0,"event_name":"The Cleric","floor":2,"gold_loss":75},{"damage_healed":0,"gold_gain":0,"cards_transformed":["Strike_B"],"player_choice":"Change","damage_taken":0,"max_hp_gain":0,"max_hp_loss":0,"event_name":"Living Wall","floor":5,"gold_loss":0,"cards_obtained":["Multi-Cast"]},{"damage_healed":0,"gold_gain":30,"player_choice":"Searched \u00273\u0027 times","damage_taken":0,"relics_obtained":["FossilizedHelix"],"max_hp_gain":0,"max_hp_loss":0,"event_name":"Dead Adventurer","floor":11,"gold_loss":0},{"damage_healed":0,"gold_gain":0,"player_choice":"Became a Ghost","damage_taken":0,"max_hp_gain":0,"max_hp_loss":36,"event_name":"Ghosts","floor":21,"gold_loss":0,"cards_obtained":["Ghostly","Ghostly","Ghostly"]},{"damage_healed":0,"gold_gain":0,"player_choice":"Obtained Book","damage_taken":21,"max_hp_gain":0,"max_hp_loss":0,"event_name":"Cursed Tome","floor":25,"gold_loss":0},{"cards_removed":["Defend_B"],"damage_healed":0,"gold_gain":0,"player_choice":"Elegance","damage_taken":0,"max_hp_gain":0,"max_hp_loss":0,"event_name":"Back to Basics","floor":27,"gold_loss":0},{"damage_healed":0,"gold_gain":0,"player_choice":"Ignored","damage_taken":0,"max_hp_gain":0,"max_hp_loss":0,"event_name":"Tomb of Lord Red Mask","floor":37,"gold_loss":0},{"damage_healed":0,"gold_gain":0,"player_choice":"Fight","damage_taken":0,"max_hp_gain":0,"max_hp_loss":0,"event_name":"MindBloom","floor":44,"gold_loss":0},{"damage_healed":0,"gold_gain":0,"player_choice":"Fight","damage_taken":0,"max_hp_gain":0,"max_hp_loss":0,"event_name":"Mysterious Sphere","floor":45,"gold_loss":0}],"is_beta":false,"boss_relics":[{"not_picked":["FrozenCore","Tiny House"],"picked":"Astrolabe"},{"not_picked":["Eternal Feather","Cursed Key"],"picked":"Lizard Tail"}],"items_purged_floors":[22,41],"is_endless":false,"potions_floor_spawned":[4,16,19,30,33,35,44,45,46],"killed_by":"Time Eater","ascension_level":16}