{"gold_per_floor":[111,130,143,54,116,146,146,180,180,180,200,49,49,80,80,151,151,163,143,83],"floor_reached":20,"playtime":726,"items_purged":["Strike_R"],"score":380,"play_id":"d39a6b5b-57d8-4a6a-bdac-9882b46b2cdb","local_time":"20190222091359","is_ascension_mode":true,"campfire_choices":[{"data":"Carnage","floor":7.0,"key":"SMITH"},{"floor":10.0,"key":"REST"},{"data":"Body Slam","floor":13.0,"key":"SMITH"},{"floor":15.0,"key":"REST"}],"neow_cost":"NONE","seed_source_timestamp":508218206711615,"circlet_count":0,"master_deck":["AscendersBane","Strike_R","Defend_R","Defend_R","Defend_R","Defend_R","Bash","Carnage+1","Spot Weakness","Body Slam+1","Carnage","Evolve","Heavy Blade","Inflame","Whirlwind","Infernal Blade","Demon Form","Searing Blow+1","Headbutt+1","Anger+1"],"special_seed":0,"relics":["Burning Blood","NeowsBlessing","Dodecahedron","Blue Candle","Bottled Tornado","Pen Nib","Astrolabe"],"potions_floor_usage":[16,18,20],"damage_taken":[{"damage":0.0,"enemies":"Cultist","floor":1.0,"turns":1.0},{"damage":0.0,"enemies":"Small Slimes","floor":2.0,"turns":1.0},{"damage":0.0,"enemies":"Jaw Worm","floor":3.0,"turns":1.0},{"damage":35.0,"enemies":"3 Sentries","floor":6.0,"turns":6.0},{"damage":35.0,"enemies":"Lagavulin","floor":8.0,"turns":5.0},{"damage":7.0,"enemies":"Lots of Slimes","floor":11.0,"turns":2.0},{"damage":32.0,"enemies":"Gremlin Nob","floor":14.0,"turns":4.0},{"damage":32,"enemies":"Hexaghost","floor":16,"turns":7},{"damage":51,"enemies":"Shell Parasite","floor":18,"turns":5},{"damage":29,"enemies":"2 Thieves","floor":20,"turns":2}],"seed_played":"6395086250187488594","potions_obtained":[{"floor":3.0,"key":"LiquidBronze"},{"floor":6.0,"key":"Explosive Potion"},{"floor":11.0,"key":"Strength Potion"},{"floor":16,"key":"BloodPotion"},{"floor":19,"key":"SteroidPotion"}],"is_trial":false,"path_per_floor":["M","M","M","$","?","E","R","E","T","R","M","$","R","E","R","B",null,"M","?","M"],"character_chosen":"IRONCLAD","items_purchased":["Carnage","Whirlwind"],"campfire_rested":2,"item_purchase_floors":[4,12],"current_hp_per_floor":[74,75,75,75,75,46,46,17,17,39,38,38,38,12,34,8,58,20,20,0],"gold":83,"neow_bonus":"THREE_ENEMY_KILL","is_prod":false,"is_daily":false,"chose_seed":false,"campfire_upgraded":2,"win_rate":0,"timestamp":1550823239,"path_taken":["M","?","M","$","?","E","R","E","T","R","M","$","R","E","R","BOSS","M","?","?"],"build_version":"2019-01-23","purchased_purges":1,"victory":false,"max_hp_per_floor":[75,75,75,75,75,75,75,75,75,75,75,75,75,75,75,75,75,75,75,75],"card_choices":[{"not_picked":["Flex","Armaments"],"picked":"Carnage","floor":1.0},{"not_picked":["Wild Strike","Twin Strike"],"picked":"Spot Weakness","floor":2.0},{"not_picked":["Power Through","Clash"],"picked":"Body Slam","floor":3.0},{"not_picked":["Cleave","Havoc"],"picked":"Evolve","floor":6.0},{"not_picked":["Dual Wield","Flex"],"picked":"Heavy Blade","floor":8.0},{"not_picked":["Warcry","Feel No Pain"],"picked":"Inflame","floor":11.0},{"not_picked":["Rage","Thunderclap"],"picked":"Infernal Blade","floor":14.0},{"not_picked":["Fiend Fire","Juggernaut"],"picked":"Demon Form","floor":16},{"not_picked":["Flex","Second Wind","Dual Wield+1"],"picked":"SKIP","floor":18}],"player_experience":653037,"relics_obtained":[{"floor":6.0,"key":"Dodecahedron"},{"floor":8.0,"key":"Blue Candle"},{"floor":9.0,"key":"Bottled Tornado"},{"floor":14.0,"key":"Pen Nib"}],"event_choices":[{"damage_healed":0.0,"max_hp_gain":0.0,"max_hp_loss":0.0,"gold_gain":62.0,"event_name":"Golden Wing","player_choice":"Gained Gold","floor":5.0,"gold_loss":0.0,"damage_taken":0.0},{"damage_healed":0,"gold_gain":0,"player_choice":"Bought 1 Potion","damage_taken":0,"max_hp_gain":0,"max_hp_loss":0,"event_name":"The Woman in Blue","floor":19,"gold_loss":0}],"is_beta":false,"boss_relics":[{"not_picked":["Runic Cube","Runic Dome"],"picked":"Astrolabe"}],"items_purged_floors":[12],"is_endless":false,"potions_floor_spawned":[3,6,11,16],"killed_by":"2 Thieves","ascension_level":20}