{"gold_per_floor":[111,131,131,146,166,195,195,211,211,211],"floor_reached":10,"playtime":270,"items_purged":[],"score":140,"play_id":"8be5737e-e172-4c45-8668-bc93eabbdb2b","local_time":"20190329172225","is_ascension_mode":true,"campfire_choices":[{"floor":7,"key":"REST"}],"neow_cost":"NONE","seed_source_timestamp":1062296336485532,"circlet_count":0,"master_deck":["AscendersBane","Strike_B","Strike_B","Strike_B","Strike_B","Defend_B","Defend_B","Defend_B","Defend_B","Zap","Dualcast","Coolheaded","Streamline","Streamline","Coolheaded","Ball Lightning","Rainbow"],"relics":["Cracked Core","NeowsBlessing","GremlinMask","Oddly Smooth Stone","Kunai"],"potions_floor_usage":[10,10],"damage_taken":[{"damage":0,"enemies":"Jaw Worm","floor":1,"turns":1},{"damage":0,"enemies":"Cultist","floor":2,"turns":1},{"damage":0,"enemies":"Small Slimes","floor":4,"turns":1},{"damage":26,"enemies":"Red Slaver","floor":5,"turns":4},{"damage":29,"enemies":"3 Sentries","floor":6,"turns":7},{"damage":8,"enemies":"2 Fungi Beasts","floor":8,"turns":4},{"damage":22,"enemies":"Lagavulin","floor":10,"turns":3}],"seed_played":"8901492812436736912","potions_obtained":[{"floor":2,"key":"Poison Potion"},{"floor":5,"key":"Dexterity Potion"},{"floor":6,"key":"Dexterity Potion"}],"is_trial":false,"path_per_floor":["M","M","?","M","M","E","R","M","T","E"],"character_chosen":"DEFECT","items_purchased":[],"campfire_rested":1,"item_purchase_floors":[],"current_hp_per_floor":[64,64,64,64,38,9,30,22,22,0],"gold":211,"neow_bonus":"THREE_ENEMY_KILL","is_prod":false,"is_daily":false,"chose_seed":false,"campfire_upgraded":0,"win_rate":0,"timestamp":1553876545,"path_taken":["M","M","?","M","?","E","R","M","T","E"],"build_version":"2019-01-23","purchased_purges":0,"victory":false,"max_hp_per_floor":[71,71,71,71,71,71,71,71,71,71],"card_choices":[{"not_picked":["White Noise","Beam Cell"],"picked":"Coolheaded","floor":1},{"not_picked":["Conserve Battery","Aggregate"],"picked":"Streamline","floor":2},{"not_picked":["Beam Cell","Storm"],"picked":"Streamline","floor":4},{"not_picked":["Darkness","Beam Cell"],"picked":"Coolheaded","floor":5},{"not_picked":["FTL","Fusion"],"picked":"Ball Lightning","floor":6},{"not_picked":["Barrage","Skim"],"picked":"Rainbow","floor":8}],"player_experience":740623,"relics_obtained":[{"floor":6,"key":"Oddly Smooth Stone"},{"floor":9,"key":"Kunai"}],"event_choices":[{"damage_healed":0,"gold_gain":0,"player_choice":"Trade","damage_taken":0,"relics_obtained":["GremlinMask"],"max_hp_gain":0,"max_hp_loss":0,"event_name":"FaceTrader","floor":3,"gold_loss":0}],"is_beta":false,"boss_relics":[],"items_purged_floors":[],"is_endless":false,"potions_floor_spawned":[2,5,6],"killed_by":"Lagavulin","ascension_level":20}