{"gold_per_floor":[117,57,57,17,17,17,56,56,56,72,107,135,135,159,159,159],"floor_reached":16,"playtime":552,"items_purged":[],"score":196,"play_id":"eae2d2a8-1b8e-4b49-b873-f15c3b92f869","local_time":"20190817214849","is_ascension_mode":true,"campfire_choices":[{"floor":6.0,"key":"REST"},{"data":"Dualcast","floor":8.0,"key":"SMITH"},{"data":"Hyperbeam","floor":13,"key":"SMITH"},{"data":"Coolheaded","floor":15,"key":"SMITH"}],"neow_cost":"NONE","seed_source_timestamp":887625783808183,"circlet_count":0,"master_deck":["AscendersBane","Strike_B","Strike_B","Strike_B","Strike_B","Defend_B","Defend_B","Defend_B","Defend_B","Zap","Dualcast+1","Glacier","Glacier","Hyperbeam+1","Steam","Coolheaded+1"],"special_seed":0,"relics":["Cursed Key","Golden Idol","Centennial Puzzle","Odd Mushroom"],"potions_floor_usage":[16,16],"damage_taken":[{"damage":9.0,"enemies":"2 Louse","floor":1.0,"turns":2.0},{"damage":23.0,"enemies":"Gremlin Nob","floor":7.0,"turns":6.0},{"damage":3.0,"enemies":"Jaw Worm","floor":10.0,"turns":6.0},{"damage":2,"enemies":"3 Sentries","floor":11,"turns":13},{"damage":1,"enemies":"The Mushroom Lair","floor":12,"turns":2},{"damage":0,"enemies":"Small Slimes","floor":14,"turns":1},{"damage":36,"enemies":"Slime Boss","floor":16,"turns":10}],"seed_played":"-8104245680446985999","potions_obtained":[{"floor":1.0,"key":"SteroidPotion"},{"floor":10.0,"key":"LiquidBronze"},{"floor":12,"key":"Weak Potion"},{"floor":14,"key":"Strength Potion"}],"is_trial":false,"path_per_floor":["M","?","?","$","?","R","E","R","T","M","E","?","R","M","R","B"],"character_chosen":"DEFECT","items_purchased":["Glacier"],"campfire_rested":1,"item_purchase_floors":[4],"current_hp_per_floor":[55,55,55,55,55,64,41,41,41,38,36,35,35,35,35,0],"gold":159,"neow_bonus":"BOSS_RELIC","is_prod":false,"is_daily":false,"chose_seed":false,"campfire_upgraded":3,"win_rate":0,"timestamp":1566103729,"path_taken":["M","?","?","?","?","R","E","R","T","M","E","?","R","M","R","BOSS"],"build_version":"2019-07-17","purchased_purges":0,"victory":false,"max_hp_per_floor":[71,71,71,71,64,64,64,64,64,64,64,64,64,64,64,64],"card_choices":[{"not_picked":["Blizzard","Lockon","Rebound"],"picked":"SKIP","floor":1.0},{"not_picked":["Steam","Chaos"],"picked":"Glacier","floor":7.0},{"not_picked":["Glacier","Storm","Rebound"],"picked":"SKIP","floor":10.0},{"not_picked":["Glacier","Storm","Rebound"],"picked":"SKIP","floor":10.0},{"not_picked":["Redo","Cold Snap"],"picked":"Hyperbeam","floor":11},{"not_picked":["Recycle","Streamline"],"picked":"Steam","floor":12},{"not_picked":["Tempest","Chaos"],"picked":"Coolheaded","floor":14}],"player_experience":171123,"relics_obtained":[{"floor":7.0,"key":"Centennial Puzzle"},{"floor":12,"key":"Odd Mushroom"}],"event_choices":[{"damage_healed":0.0,"max_hp_gain":0.0,"max_hp_loss":0.0,"gold_gain":0.0,"event_name":"World of Goop","player_choice":"Left Gold","floor":2.0,"gold_loss":60.0,"damage_taken":0.0},{"damage_healed":0.0,"max_hp_gain":0.0,"max_hp_loss":0.0,"gold_gain":0.0,"event_name":"Liars Game","player_choice":"Ignored","floor":3.0,"gold_loss":0.0,"damage_taken":0.0},{"damage_healed":0.0,"max_hp_gain":0.0,"max_hp_loss":7.0,"gold_gain":0.0,"event_name":"Golden Idol","player_choice":"Lose Max HP","floor":5.0,"gold_loss":0.0,"damage_taken":0.0,"relics_obtained":["Golden Idol"]},{"damage_healed":0,"gold_gain":0,"player_choice":"Fought Mushrooms","damage_taken":0,"max_hp_gain":0,"max_hp_loss":0,"event_name":"Mushrooms","floor":12,"gold_loss":0}],"is_beta":false,"boss_relics":[],"items_purged_floors":[],"is_endless":false,"potions_floor_spawned":[1,10,12,14],"killed_by":"Slime Boss","ascension_level":17}