{"gold_per_floor":[114,132,142,161,161,161,161,186,209,243,243,257,257,284,296,308],"floor_reached":16,"playtime":481,"items_purged":[],"score":240,"play_id":"d1d01f56-71b5-4071-8bcd-8cd409b218b2","local_time":"20190109002333","is_ascension_mode":true,"campfire_choices":[{"data":"Perfected Strike","floor":6.0,"key":"SMITH"},{"floor":11.0,"key":"REST"},{"floor":15,"key":"REST"}],"neow_cost":"NONE","seed_source_timestamp":542295241880336,"circlet_count":0,"master_deck":["AscendersBane","Strike_R","Strike_R+1","Strike_R","Strike_R+1","Strike_R","Defend_R","Defend_R","Defend_R","Defend_R","Bash","True Grit","Ghostly Armor","Pommel Strike","Perfected Strike+1","Cleave","Immolate","Shrug It Off","Evolve"],"special_seed":0,"relics":["Burning Blood","Centennial Puzzle","Pen Nib","Whetstone","Bag of Marbles","Juzu Bracelet","MawBank"],"potions_floor_usage":[],"damage_taken":[{"damage":2.0,"enemies":"Small Slimes","floor":1.0,"turns":4.0},{"damage":10.0,"enemies":"Cultist","floor":2.0,"turns":4.0},{"damage":9.0,"enemies":"Jaw Worm","floor":3.0,"turns":4.0},{"damage":9.0,"enemies":"2 Fungi Beasts","floor":4.0,"turns":4.0},{"damage":30.0,"enemies":"Lagavulin","floor":8.0,"turns":6.0},{"damage":13.0,"enemies":"3 Sentries","floor":10.0,"turns":7.0},{"damage":12.0,"enemies":"Exordium Thugs","floor":12.0,"turns":2.0},{"damage":33,"enemies":"Lagavulin","floor":14,"turns":5},{"damage":45,"enemies":"The Guardian","floor":16,"turns":8}],"seed_played":"-3060335434199243331","potions_obtained":[{"floor":3.0,"key":"Poison Potion"},{"floor":4.0,"key":"Explosive Potion"},{"floor":14,"key":"Explosive Potion"}],"is_trial":false,"path_per_floor":["M","M","M","M","?","R","$","E","T","E","R","M","?","E","R","B"],"character_chosen":"IRONCLAD","items_purchased":[],"campfire_rested":2,"item_purchase_floors":[],"current_hp_per_floor":[72,68,65,62,62,62,62,38,38,31,53,47,47,20,42,0],"gold":308,"neow_bonus":"RANDOM_COMMON_RELIC","is_prod":false,"is_daily":false,"chose_seed":false,"campfire_upgraded":1,"win_rate":0,"timestamp":1546989813,"path_taken":["M","M","M","M","?","R","$","E","T","E","R","M","?","E","R","BOSS"],"build_version":"2019-01-03v4","purchased_purges":0,"victory":false,"max_hp_per_floor":[75,75,75,75,75,75,75,75,75,75,75,75,75,75,75,75],"card_choices":[{"not_picked":["Pommel Strike","Pummel"],"picked":"True Grit","floor":1.0},{"not_picked":["Twin Strike","Headbutt"],"picked":"Ghostly Armor","floor":2.0},{"not_picked":["Twin Strike","True Grit"],"picked":"Pommel Strike","floor":3.0},{"not_picked":["Hemokinesis","Armaments"],"picked":"Perfected Strike","floor":4.0},{"not_picked":["Infernal Blade","Armaments"],"picked":"Cleave","floor":8.0},{"not_picked":["Pummel","Fire Breathing"],"picked":"Immolate","floor":10.0},{"not_picked":["Clothesline","Warcry"],"picked":"Shrug It Off","floor":12.0},{"not_picked":["Wild Strike","Clash"],"picked":"Evolve","floor":14}],"player_experience":588561,"relics_obtained":[{"floor":8.0,"key":"Whetstone"},{"floor":9.0,"key":"Bag of Marbles"},{"floor":10.0,"key":"Juzu Bracelet"},{"floor":14,"key":"MawBank"}],"event_choices":[{"damage_healed":0.0,"max_hp_gain":0.0,"max_hp_loss":0.0,"gold_gain":0.0,"event_name":"WeMeetAgain","player_choice":"Gave Potion","floor":5.0,"gold_loss":0.0,"damage_taken":0.0,"relics_obtained":["Pen Nib"]},{"damage_healed":0,"gold_gain":0,"player_choice":"Fled","damage_taken":0,"max_hp_gain":0,"max_hp_loss":0,"event_name":"Scrap Ooze","floor":13,"gold_loss":0}],"is_beta":false,"boss_relics":[],"items_purged_floors":[],"is_endless":false,"potions_floor_spawned":[3,4,14],"killed_by":"The Guardian","ascension_level":20}