{"gold_per_floor":[113,113,38,52,127,127,160,160,160,160,192,205,27,37,37,135,135,147,147,176,193,210,210,85,85,85,85,117,133,133,1,1,106,106,116,136,152,162,177,177,35,49,49,49,66,78,89,106,106,106],"floor_reached":51,"playtime":2827,"items_purged":["Strike_G","Strike_G","Strike_G","Strike_G"],"score":877,"play_id":"a0093cb5-a6ff-4bbc-8fc6-432248cd7244","local_time":"20190927155943","is_ascension_mode":true,"campfire_choices":[{"data":"Sucker Punch","floor":6.0,"key":"SMITH"},{"data":"Neutralize","floor":8.0,"key":"SMITH"},{"data":"Survivor","floor":10.0,"key":"SMITH"},{"floor":15.0,"key":"REST"},{"data":"Noxious Fumes","floor":23.0,"key":"SMITH"},{"floor":27.0,"key":"REST"},{"floor":30.0,"key":"REST"},{"data":"Apotheosis","floor":32.0,"key":"SMITH"},{"data":"Glass Knife","floor":40.0,"key":"SMITH"},{"floor":44,"key":"REST"},{"floor":49,"key":"REST"}],"neow_cost":"NONE","seed_source_timestamp":0,"circlet_count":0,"master_deck":["Strike_G","Defend_G","Defend_G","Defend_G","Defend_G","Defend_G","Survivor+1","Neutralize+1","Sucker Punch+1","Dagger Throw","Backflip","Predator","Glass Knife+1","After Image","Dagger Spray+1","Noxious Fumes+1","Well Laid Plans+1","Apotheosis+1","Night Terror","Backflip","Deadly Poison","Bane+1","Footwork","Dodge and Roll+1"],"special_seed":0,"relics":["Ring of the Snake","Bronze Scales","Omamori","Incense Burner","PreservedInsect","Philosopher\u0027s Stone","Red Mask","The Courier","Oddly Smooth Stone","Cursed Key"],"potions_floor_usage":[50,50],"damage_taken":[{"damage":12.0,"enemies":"Jaw Worm","floor":1.0,"turns":6.0},{"damage":1.0,"enemies":"2 Louse","floor":4.0,"turns":3.0},{"damage":18.0,"enemies":"Lagavulin","floor":7.0,"turns":10.0},{"damage":36.0,"enemies":"Gremlin Nob","floor":11.0,"turns":5.0},{"damage":0.0,"enemies":"Cultist","floor":12.0,"turns":4.0},{"damage":0.0,"enemies":"Lots of Slimes","floor":14.0,"turns":4.0},{"damage":16.0,"enemies":"The Guardian","floor":16.0,"turns":13.0},{"damage":0.0,"enemies":"Chosen","floor":18.0,"turns":4.0},{"damage":28.0,"enemies":"Masked Bandits","floor":20.0,"turns":4.0},{"damage":2.0,"enemies":"2 Thieves","floor":21.0,"turns":4.0},{"damage":0.0,"enemies":"Snecko","floor":22.0,"turns":5.0},{"damage":14.0,"enemies":"Book of Stabbing","floor":28.0,"turns":4.0},{"damage":10.0,"enemies":"Shelled Parasite and Fungi","floor":29.0,"turns":5.0},{"damage":16.0,"enemies":"Automaton","floor":33.0,"turns":10.0},{"damage":7.0,"enemies":"3 Shapes","floor":35.0,"turns":4.0},{"damage":18.0,"enemies":"3 Darklings","floor":36.0,"turns":5.0},{"damage":0.0,"enemies":"Spire Growth","floor":37.0,"turns":6.0},{"damage":0.0,"enemies":"4 Shapes","floor":38.0,"turns":5.0},{"damage":0.0,"enemies":"Writhing Mass","floor":39.0,"turns":10.0},{"damage":29,"enemies":"Jaw Worm Horde","floor":42,"turns":5},{"damage":0,"enemies":"Transient","floor":45,"turns":5},{"damage":0,"enemies":"Writhing Mass","floor":46,"turns":7},{"damage":9,"enemies":"3 Darklings","floor":47,"turns":4},{"damage":0,"enemies":"Jaw Worm Horde","floor":48,"turns":4},{"damage":12,"enemies":"Time Eater","floor":50,"turns":12}],"seed_played":"-2607040537799370971","potions_obtained":[{"floor":4.0,"key":"PowerPotion"},{"floor":7.0,"key":"FairyPotion"},{"floor":12.0,"key":"Fire Potion"},{"floor":20.0,"key":"GamblersBrew"},{"floor":25.0,"key":"FearPotion"},{"floor":25.0,"key":"Explosive Potion"},{"floor":25.0,"key":"AttackPotion"},{"floor":28.0,"key":"Ancient Potion"},{"floor":35.0,"key":"Swift Potion"},{"floor":36.0,"key":"Strength Potion"},{"floor":38.0,"key":"SkillPotion"}],"is_trial":false,"path_per_floor":["M","?","$","M","?","R","E","R","T","R","E","M","$","M","R","B",null,"M","?","?","M","M","R","$","?","T","R","E","M","R","$","R","B",null,"M","M","M","M","M","R","$","M","T","R","M","M","M","M","R","B",null],"character_chosen":"THE_SILENT","items_purchased":["Predator","Apotheosis","Deadly Poison"],"campfire_rested":5,"item_purchase_floors":[13,31,41],"current_hp_per_floor":[51,51,51,50,39,39,21,21,21,21,7,7,7,7,28,12,56,56,56,28,26,26,26,26,26,26,47,33,23,44,44,44,28,60,53,35,35,35,35,35,35,6,6,27,27,27,18,18,39,27],"gold":106,"neow_bonus":"RANDOM_COMMON_RELIC","is_prod":false,"is_daily":false,"chose_seed":false,"campfire_upgraded":6,"win_rate":0,"timestamp":1569625183,"path_taken":["M","?","$","M","?","R","E","R","T","R","E","M","$","M","R","BOSS","M","?","?","M","M","R","$","?","T","R","E","?","R","$","R","BOSS","M","M","M","M","M","R","$","M","T","R","M","?","?","?","R","BOSS"],"build_version":"2019-07-17","purchased_purges":4,"victory":true,"max_hp_per_floor":[70,70,70,70,70,70,70,70,70,70,70,70,70,70,70,70,70,70,70,70,70,70,70,70,70,70,70,70,70,70,70,70,70,70,70,70,70,70,70,70,70,70,70,70,70,70,70,70,70,70],"card_choices":[{"not_picked":["Quick Slash","Distraction"],"picked":"Sucker Punch","floor":1.0},{"not_picked":["Outmaneuver","Blur"],"picked":"Dagger Throw","floor":4.0},{"not_picked":["Dagger Throw","Heel Hook","Quick Slash"],"picked":"SKIP","floor":7.0},{"not_picked":["Poisoned Stab","Quick Slash","Deadly Poison"],"picked":"SKIP","floor":11.0},{"not_picked":["Prepared","Masterful Stab"],"picked":"Backflip","floor":12.0},{"not_picked":["Riddle With Holes","Bouncing Flask"],"picked":"Glass Knife","floor":14.0},{"not_picked":["Night Terror","Venomology"],"picked":"After Image","floor":16.0},{"not_picked":["PiercingWail+1","Poisoned Stab+1"],"picked":"Dagger Spray+1","floor":18.0},{"not_picked":["Poisoned Stab","Eviscerate","Riddle With Holes"],"picked":"SKIP","floor":21.0},{"not_picked":["Slice","Backflip"],"picked":"Well Laid Plans+1","floor":22.0},{"not_picked":["Distraction","Concentrate+1","PiercingWail+1"],"picked":"SKIP","floor":28.0},{"not_picked":["Cloak And Dagger+1","Deadly Poison","Underhanded Strike"],"picked":"SKIP","floor":29.0},{"not_picked":["Die Die Die","Glass Knife"],"picked":"Night Terror","floor":33.0},{"not_picked":["Finisher+1","Escape Plan+1","Acrobatics+1"],"picked":"SKIP","floor":35.0},{"not_picked":["Sucker Punch","Expertise","Escape Plan"],"picked":"SKIP","floor":36.0},{"not_picked":["Dodge and Roll","Crippling Poison","Dagger Throw"],"picked":"SKIP","floor":37.0},{"not_picked":["Tactician","Flechettes"],"picked":"Backflip","floor":38.0},{"not_picked":["Poisoned Stab","Distraction+1","Accuracy"],"picked":"SKIP","floor":39.0},{"not_picked":["Backstab+1","Riddle With Holes","Deflect"],"picked":"SKIP","floor":42},{"not_picked":["Riddle With Holes+1","Dagger Spray","Flying Knee"],"picked":"SKIP","floor":45},{"not_picked":["Riddle With Holes+1","Dagger Spray","Flying Knee"],"picked":"SKIP","floor":45},{"not_picked":["Distraction+1","Heel Hook"],"picked":"Bane+1","floor":46},{"not_picked":["Die Die Die","Flechettes+1"],"picked":"Footwork","floor":47},{"not_picked":["Setup+1","Prepared"],"picked":"Dodge and Roll+1","floor":48}],"player_experience":257683,"relics_obtained":[{"floor":7.0,"key":"Omamori"},{"floor":9.0,"key":"Incense Burner"},{"floor":11.0,"key":"PreservedInsect"},{"floor":20.0,"key":"Red Mask"},{"floor":26.0,"key":"The Courier"},{"floor":28.0,"key":"Oddly Smooth Stone"}],"event_choices":[{"damage_healed":0.0,"max_hp_gain":0.0,"max_hp_loss":0.0,"gold_gain":0.0,"event_name":"Shining Light","player_choice":"Ignored","floor":2.0,"gold_loss":0.0,"damage_taken":0.0},{"damage_healed":0.0,"max_hp_gain":0.0,"max_hp_loss":0.0,"gold_gain":75.0,"event_name":"World of Goop","player_choice":"Gather Gold","floor":5.0,"gold_loss":0.0,"damage_taken":11.0},{"damage_healed":0.0,"max_hp_gain":0.0,"max_hp_loss":0.0,"gold_gain":0.0,"event_name":"The Library","player_choice":"Read","floor":19.0,"gold_loss":0.0,"damage_taken":0.0,"cards_obtained":["Noxious Fumes"]},{"damage_healed":0.0,"max_hp_gain":0.0,"max_hp_loss":0.0,"gold_gain":0.0,"event_name":"Masked Bandits","player_choice":"Fought Bandits","floor":20.0,"gold_loss":0.0,"damage_taken":0.0},{"damage_healed":0.0,"max_hp_gain":0.0,"max_hp_loss":0.0,"gold_gain":0.0,"event_name":"Lab","player_choice":"Got Potions","floor":25.0,"gold_loss":0.0,"damage_taken":0.0}],"is_beta":false,"boss_relics":[{"not_picked":["Busted Crown","Black Star"],"picked":"Philosopher\u0027s Stone"},{"not_picked":["Velvet Choker","Tiny House"],"picked":"Cursed Key"}],"items_purged_floors":[3,13,24,41],"is_endless":false,"potions_floor_spawned":[4,7,12,20,28,35,36,38,48],"ascension_level":7}