{"gold_per_floor":[109,119,119,44,319,319,350,13,36,54,54,54,74,86,86,164,164,177,177,102,118,118,118,130,130,130,130,141,160,260,260],"floor_reached":31,"playtime":1130,"items_purged":["Regret"],"score":458,"play_id":"5ef582de-d392-45e2-b077-f7534dc42b54","local_time":"20190901070950","is_ascension_mode":true,"campfire_choices":[{"data":"Bash","floor":6,"key":"SMITH"},{"data":"Armaments","floor":11,"key":"SMITH"},{"floor":15,"key":"REST"},{"data":"Metallicize","floor":23,"key":"SMITH"},{"data":"Juggernaut","floor":25,"key":"SMITH"},{"data":"Metallicize","floor":27,"key":"SMITH"}],"neow_cost":"PERCENT_DAMAGE","seed_source_timestamp":116239671397800,"circlet_count":0,"master_deck":["AscendersBane","Strike_R","Strike_R","Defend_R","Defend_R","Defend_R","Bash+1","Metallicize","Battle Trance","Burning Pact","Metallicize+1","Spot Weakness","Heavy Blade","Armaments+1","Sword Boomerang","Juggernaut+1","Wild Strike","Juggernaut","Clothesline","Ghostly","Ghostly","Ghostly+1","Metallicize+1","Warcry","Feel No Pain","Shockwave","Flex"],"relics":["Burning Blood","Dream Catcher","Blood Vial","Sozu","Mercury Hourglass","Unceasing Top","Shuriken"],"potions_floor_usage":[7,10,13,14,30],"damage_taken":[{"damage":4,"enemies":"Jaw Worm","floor":1,"turns":5},{"damage":4,"enemies":"Small Slimes","floor":2,"turns":4},{"damage":54,"enemies":"Lagavulin","floor":7,"turns":8},{"damage":3,"enemies":"Cultist","floor":10,"turns":4},{"damage":4,"enemies":"Exordium Wildlife","floor":13,"turns":6},{"damage":16,"enemies":"Red Slaver","floor":14,"turns":6},{"damage":32,"enemies":"The Guardian","floor":16,"turns":12},{"damage":7,"enemies":"Chosen","floor":18,"turns":4},{"damage":0,"enemies":"Spheric Guardian","floor":21,"turns":5},{"damage":16,"enemies":"Shelled Parasite and Fungi","floor":24,"turns":7},{"damage":20,"enemies":"Centurion and Healer","floor":28,"turns":6},{"damage":0,"enemies":"Snecko","floor":29,"turns":5},{"damage":6,"enemies":"Colosseum Slavers","floor":30,"turns":5},{"damage":26,"enemies":"Colosseum Nobs","floor":30,"turns":5},{"damage":12,"enemies":"Snake Plant","floor":31,"turns":4}],"seed_played":"1587652637251940741","potions_obtained":[{"floor":1,"key":"Strength Potion"},{"floor":7,"key":"PowerPotion"},{"floor":12,"key":"EssenceOfSteel"},{"floor":16,"key":"Explosive Potion"}],"is_trial":false,"path_per_floor":["M","M","?","?","?","R","E","$","T","M","R","?","M","M","R","B",null,"M","?","?","M","?","R","M","R","T","R","M","M","?","M"],"character_chosen":"IRONCLAD","items_purchased":["Metallicize","Spot Weakness","Heavy Blade","SkillPotion"],"campfire_rested":1,"item_purchase_floors":[8,8,8,8],"current_hp_per_floor":[52,54,59,59,59,59,11,11,11,16,16,16,20,12,36,12,63,64,40,40,40,40,40,30,30,30,30,18,26,10,0],"gold":260,"neow_bonus":"REMOVE_TWO","is_prod":false,"is_daily":false,"chose_seed":false,"campfire_upgraded":5,"win_rate":0,"timestamp":1567314590,"path_taken":["M","M","?","?","?","R","E","$","T","?","R","?","M","M","R","BOSS","M","?","?","M","?","R","?","R","T","R","M","M","?","M"],"build_version":"2019-07-17","purchased_purges":1,"victory":false,"max_hp_per_floor":[75,75,80,80,80,80,80,80,80,80,80,80,80,80,80,80,80,80,40,40,40,40,40,40,40,40,40,40,40,40,40],"card_choices":[{"not_picked":["Infernal Blade","Power Through"],"picked":"Metallicize","floor":1},{"not_picked":["True Grit","Thunderclap"],"picked":"Battle Trance","floor":2},{"not_picked":["Perfected Strike","Pummel"],"picked":"Burning Pact","floor":7},{"not_picked":["Thunderclap","Searing Blow"],"picked":"Armaments","floor":10},{"not_picked":["Evolve","Pummel"],"picked":"Sword Boomerang","floor":13},{"not_picked":["Perfected Strike","Armaments"],"picked":"Juggernaut","floor":14},{"not_picked":["Pommel Strike","Immolate"],"picked":"Wild Strike","floor":15},{"not_picked":["Reaper","Feed"],"picked":"Juggernaut","floor":16},{"not_picked":["Perfected Strike","Iron Wave"],"picked":"Clothesline","floor":18},{"not_picked":["Pummel","Corruption"],"picked":"Metallicize","floor":21},{"not_picked":["Armaments","Fire Breathing"],"picked":"Warcry","floor":24},{"not_picked":["Clash","Metallicize"],"picked":"Feel No Pain","floor":28},{"not_picked":["Twin Strike+1","Thunderclap"],"picked":"Shockwave","floor":29},{"not_picked":["Impervious","Warcry"],"picked":"Flex","floor":30}],"player_experience":1984119,"relics_obtained":[{"floor":7,"key":"Dream Catcher"},{"floor":9,"key":"Blood Vial"},{"floor":26,"key":"Mercury Hourglass"},{"floor":30,"key":"Unceasing Top"},{"floor":30,"key":"Shuriken"}],"event_choices":[{"damage_healed":0,"gold_gain":0,"player_choice":"Donut","damage_taken":0,"max_hp_gain":5,"max_hp_loss":0,"event_name":"Big Fish","floor":3,"gold_loss":0},{"cards_removed":["Strike_R"],"damage_healed":0,"gold_gain":0,"player_choice":"Card Removal","damage_taken":0,"max_hp_gain":0,"max_hp_loss":0,"event_name":"The Cleric","floor":4,"gold_loss":75},{"damage_healed":0,"gold_gain":275,"player_choice":"Desecrate","damage_taken":0,"max_hp_gain":0,"max_hp_loss":0,"event_name":"Golden Shrine","floor":5,"gold_loss":0,"cards_obtained":["Regret"]},{"damage_healed":0,"gold_gain":0,"player_choice":"Got Potions","damage_taken":0,"max_hp_gain":0,"max_hp_loss":0,"event_name":"Lab","floor":12,"gold_loss":0},{"damage_healed":0,"gold_gain":0,"player_choice":"Became a Ghost","damage_taken":0,"max_hp_gain":0,"max_hp_loss":40,"event_name":"Ghosts","floor":19,"gold_loss":0,"cards_obtained":["Ghostly","Ghostly","Ghostly"]},{"cards_removed":["Defend_R"],"damage_healed":0,"gold_gain":0,"player_choice":"Gave Gold","damage_taken":0,"max_hp_gain":0,"max_hp_loss":0,"event_name":"Beggar","floor":20,"gold_loss":75},{"damage_healed":0,"gold_gain":0,"player_choice":"Upgraded","damage_taken":0,"max_hp_gain":0,"max_hp_loss":0,"event_name":"Upgrade Shrine","floor":22,"gold_loss":0,"cards_upgraded":["Ghostly"]},{"damage_healed":0,"gold_gain":0,"player_choice":"Fight","damage_taken":0,"max_hp_gain":0,"max_hp_loss":0,"event_name":"Colosseum","floor":30,"gold_loss":0},{"damage_healed":0,"gold_gain":0,"player_choice":"Fought Nobs","damage_taken":0,"max_hp_gain":0,"max_hp_loss":0,"event_name":"Colosseum","floor":30,"gold_loss":0}],"is_beta":false,"boss_relics":[{"not_picked":["Black Blood","Tiny House"],"picked":"Sozu"}],"items_purged_floors":[8],"is_endless":false,"potions_floor_spawned":[1,7,16,24,29],"killed_by":"Snake Plant","ascension_level":19}