{"gold_per_floor":[19,19,19,33,52,52,65,65,65,65,81,95,95,20,20,95,95,112,112,130,143,160,160,160],"floor_reached":24,"playtime":1434,"items_purged":["Strike_G"],"score":342,"play_id":"232fc99d-9911-4a80-8c3e-d8a4750fa695","local_time":"20190616063214","is_ascension_mode":true,"campfire_choices":[{"data":"Neutralize","floor":6,"key":"SMITH"},{"data":"Wraith Form v2","floor":8,"key":"SMITH"},{"data":"Predator","floor":10,"key":"SMITH"},{"floor":13,"key":"REST"},{"data":"1","floor":15,"key":"LIFT"},{"data":"Accuracy","floor":23,"key":"SMITH"}],"neow_cost":"NO_GOLD","seed_source_timestamp":367124901596200,"circlet_count":0,"master_deck":["AscendersBane","Defend_G","Defend_G","Defend_G","Defend_G","Survivor","Neutralize+1","Wraith Form v2+1","Blade Dance","Slice","Predator+1","Poisoned Stab","All Out Attack","Flying Knee","Blade Dance","After Image","Flying Knee+1","Corpse Explosion+1","PiercingWail+1","Blade Dance","Backflip","Accuracy+1","Deflect","Catalyst","Blur"],"relics":["Ring of the Snake","Girya","Astrolabe"],"potions_floor_usage":[16,18,18,20,24],"damage_taken":[{"damage":3,"enemies":"Jaw Worm","floor":1,"turns":5},{"damage":0,"enemies":"Cultist","floor":4,"turns":4},{"damage":7,"enemies":"Small Slimes","floor":5,"turns":5},{"damage":22,"enemies":"Exordium Thugs","floor":7,"turns":7},{"damage":12,"enemies":"Lots of Slimes","floor":11,"turns":2},{"damage":1,"enemies":"Exordium Wildlife","floor":12,"turns":4},{"damage":21,"enemies":"The Guardian","floor":16,"turns":15},{"damage":14,"enemies":"3 Byrds","floor":18,"turns":5},{"damage":6,"enemies":"Chosen","floor":20,"turns":6},{"damage":4,"enemies":"Centurion and Healer","floor":21,"turns":5},{"damage":3,"enemies":"Snake Plant","floor":22,"turns":6},{"damage":42,"enemies":"Book of Stabbing","floor":24,"turns":5}],"seed_played":"-1330417759781408254","potions_obtained":[{"floor":7,"key":"SneckoOil"},{"floor":12,"key":"GhostInAJar"},{"floor":16,"key":"Regen Potion"},{"floor":18,"key":"Swift Potion"},{"floor":21,"key":"Block Potion"}],"is_trial":false,"path_per_floor":["M","?","$","M","M","R","M","R","T","R","M","M","R","$","R","B",null,"M","?","M","M","M","R","E"],"character_chosen":"THE_SILENT","items_purchased":[],"campfire_rested":1,"item_purchase_floors":[],"current_hp_per_floor":[56,56,56,56,49,49,27,27,27,27,15,14,33,33,33,12,53,53,53,47,43,40,40,0],"gold":160,"neow_bonus":"TRANSFORM_TWO_CARDS","is_prod":false,"is_daily":false,"chose_seed":false,"campfire_upgraded":4,"win_rate":0,"timestamp":1560659534,"path_taken":["M","?","$","M","M","R","M","R","T","R","M","M","R","$","R","BOSS","M","?","M","M","M","R","E"],"build_version":"2019-01-23","purchased_purges":1,"victory":false,"max_hp_per_floor":[66,66,66,66,66,66,66,66,66,66,66,66,66,66,66,66,66,66,66,66,66,66,66,66],"card_choices":[{"not_picked":["Bane","Concentrate"],"picked":"Slice","floor":1},{"not_picked":["Poisoned Stab","Terror"],"picked":"Predator","floor":4},{"not_picked":["Dodge and Roll","Finisher"],"picked":"Poisoned Stab","floor":5},{"not_picked":["Reflex","Outmaneuver"],"picked":"All Out Attack","floor":7},{"not_picked":["Acrobatics","Glass Knife"],"picked":"Flying Knee","floor":11},{"not_picked":["Prepared","Poisoned Stab"],"picked":"Blade Dance","floor":12},{"not_picked":["Grand Finale","Storm of Steel"],"picked":"After Image","floor":16},{"not_picked":["Underhanded Strike","Dagger Throw"],"picked":"Blade Dance","floor":18},{"not_picked":["Slice","Dagger Throw"],"picked":"Deflect","floor":20},{"not_picked":["Skewer","Outmaneuver"],"picked":"Catalyst","floor":21},{"not_picked":["Slice","Outmaneuver"],"picked":"Blur","floor":22}],"player_experience":1365474,"relics_obtained":[{"floor":9,"key":"Girya"}],"event_choices":[{"damage_healed":0,"gold_gain":0,"player_choice":"Leave","damage_taken":0,"max_hp_gain":0,"max_hp_loss":0,"event_name":"The Cleric","floor":2,"gold_loss":0},{"damage_healed":0,"gold_gain":0,"player_choice":"2 cards matched","damage_taken":0,"max_hp_gain":0,"max_hp_loss":0,"event_name":"Match and Keep!","floor":19,"gold_loss":0,"cards_obtained":["Backflip","Accuracy"]}],"is_beta":false,"boss_relics":[{"not_picked":["Cursed Key","Calling Bell"],"picked":"Astrolabe"}],"items_purged_floors":[14],"is_endless":false,"potions_floor_spawned":[7,12,16,18,21],"killed_by":"Book of Stabbing","ascension_level":16}