{"gold_per_floor":[115,190,201,76,76,111,123,123,147,147,162,162,162,172,172,274,274,291,138,138,154,179,179,208,208,208,241,241,252,263,291,291,291],"floor_reached":33,"playtime":1783,"items_purged":["Strike_B","Hello World+1"],"score":344,"play_id":"0d4c6573-2643-46d0-85e6-5bc5f04b1c7e","local_time":"20190325212732","is_ascension_mode":true,"campfire_choices":[{"data":"Hyperbeam","floor":8,"key":"SMITH"},{"data":"Dualcast","floor":10,"key":"SMITH"},{"data":"Zap","floor":13,"key":"SMITH"},{"data":"Go for the Eyes","floor":15,"key":"SMITH"},{"data":"Hologram","floor":23,"key":"SMITH"},{"data":"Beam Cell","floor":28,"key":"SMITH"},{"data":"Dualcast+1","floor":32,"key":"PURGE"}],"neow_cost":"NONE","seed_source_timestamp":213676654289969,"circlet_count":0,"master_deck":["Defend_B","Defend_B","Defend_B","Defend_B","Zap+1","Steam","Steam","Sweeping Beam","Gash","Hyperbeam+1","Go for the Eyes+1","Fission","Sweeping Beam+1","Echo Form+1","Hologram+1","Beam Cell+1"],"relics":["Cracked Core","NeowsBlessing","Bag of Marbles","Anchor","Ice Cream","Astrolabe","Peace Pipe","Red Mask","Ornamental Fan","Girya","Smiling Mask","Bag of Preparation"],"potions_floor_usage":[27],"damage_taken":[{"damage":0,"enemies":"2 Louse","floor":1,"turns":1},{"damage":0,"enemies":"Cultist","floor":3,"turns":1},{"damage":0,"enemies":"Gremlin Nob","floor":6,"turns":1},{"damage":1,"enemies":"Jaw Worm","floor":7,"turns":3},{"damage":0,"enemies":"Looter","floor":11,"turns":2},{"damage":0,"enemies":"Blue Slaver","floor":14,"turns":2},{"damage":39,"enemies":"Slime Boss","floor":16,"turns":8},{"damage":0,"enemies":"3 Byrds","floor":18,"turns":2},{"damage":14,"enemies":"2 Thieves","floor":21,"turns":4},{"damage":0,"enemies":"Masked Bandits","floor":22,"turns":1},{"damage":20,"enemies":"Book of Stabbing","floor":24,"turns":5},{"damage":7,"enemies":"Slavers","floor":27,"turns":3},{"damage":0,"enemies":"Chosen and Byrds","floor":29,"turns":3},{"damage":0,"enemies":"Snake Plant","floor":30,"turns":2},{"damage":10,"enemies":"Book of Stabbing","floor":31,"turns":6},{"damage":47,"enemies":"Champ","floor":33,"turns":8}],"seed_played":"8703353005579353741","potions_obtained":[{"floor":1,"key":"LiquidBronze"},{"floor":6,"key":"Explosive Potion"},{"floor":14,"key":"Block Potion"},{"floor":21,"key":"SteroidPotion"}],"is_trial":false,"path_per_floor":["M","?","M","$","?","E","M","R","T","R","M","?","R","M","R","B",null,"M","$","?","M","?","R","E","$","T","E","R","M","M","E","R","B"],"character_chosen":"DEFECT","items_purchased":["Sweeping Beam","Beam Cell"],"campfire_rested":0,"item_purchase_floors":[4,19],"current_hp_per_floor":[75,68,68,68,68,68,67,67,67,67,67,60,60,60,60,21,75,75,75,75,61,61,61,41,41,41,34,34,34,34,24,24,0],"gold":291,"neow_bonus":"THREE_ENEMY_KILL","is_prod":false,"is_daily":false,"chose_seed":false,"campfire_upgraded":6,"win_rate":0,"timestamp":1553574452,"path_taken":["M","?","?","$","?","E","M","R","T","R","M","?","R","M","R","BOSS","M","$","?","M","?","R","E","$","T","E","R","M","M","E","R","BOSS"],"build_version":"2019-01-23","purchased_purges":2,"victory":false,"max_hp_per_floor":[75,75,75,75,75,75,75,75,75,75,75,75,75,75,75,75,75,75,75,75,75,75,75,75,75,75,75,75,75,75,75,75,75],"card_choices":[{"not_picked":["Recycle","Sunder"],"picked":"Steam","floor":1},{"not_picked":["Hello World","Compile Driver"],"picked":"Steam","floor":3},{"not_picked":["Streamline","Leap"],"picked":"Gash","floor":6},{"not_picked":["Streamline","Rebound"],"picked":"Hyperbeam","floor":7},{"not_picked":["Defragment","Chill"],"picked":"Go for the Eyes","floor":11},{"not_picked":["Barrage","Static Discharge","Turbo"],"picked":"SKIP","floor":14},{"not_picked":["Electrodynamics","Thunder Strike"],"picked":"Fission","floor":16},{"not_picked":["White Noise","Rebound+1"],"picked":"Hologram","floor":18},{"not_picked":["Chill+1","Streamline","Steam"],"picked":"SKIP","floor":21},{"not_picked":["Recycle","Barrage+1","Go for the Eyes"],"picked":"SKIP","floor":24},{"not_picked":["Ball Lightning","Coolheaded+1","Streamline+1"],"picked":"SKIP","floor":27},{"not_picked":["Genetic Algorithm","Static Discharge","Chill"],"picked":"SKIP","floor":29},{"not_picked":["Rainbow","Tempest","Conserve Battery"],"picked":"SKIP","floor":30},{"not_picked":["Fusion","Doom and Gloom","Streamline+1"],"picked":"SKIP","floor":31}],"player_experience":32616,"relics_obtained":[{"floor":6,"key":"Bag of Marbles"},{"floor":9,"key":"Anchor"},{"floor":22,"key":"Red Mask"},{"floor":24,"key":"Ornamental Fan"},{"floor":26,"key":"Girya"},{"floor":27,"key":"Smiling Mask"},{"floor":31,"key":"Bag of Preparation"}],"event_choices":[{"damage_healed":0,"gold_gain":75,"player_choice":"Touch","damage_taken":7,"max_hp_gain":0,"max_hp_loss":0,"event_name":"FaceTrader","floor":2,"gold_loss":0},{"damage_healed":0,"gold_gain":0,"player_choice":"Ignored","damage_taken":0,"max_hp_gain":0,"max_hp_loss":0,"event_name":"Liars Game","floor":5,"gold_loss":0},{"damage_healed":0,"gold_gain":0,"player_choice":"Success","damage_taken":7,"relics_obtained":["Ice Cream"],"max_hp_gain":0,"max_hp_loss":0,"event_name":"Scrap Ooze","floor":12,"gold_loss":0},{"damage_healed":0,"gold_gain":0,"player_choice":"Opened","damage_taken":0,"relics_obtained":["Peace Pipe"],"max_hp_gain":0,"max_hp_loss":0,"event_name":"The Mausoleum","floor":20,"gold_loss":0},{"damage_healed":0,"gold_gain":0,"player_choice":"Fought Bandits","damage_taken":0,"max_hp_gain":0,"max_hp_loss":0,"event_name":"Masked Bandits","floor":22,"gold_loss":0}],"is_beta":false,"boss_relics":[{"not_picked":["Runic Pyramid","Empty Cage"],"picked":"Astrolabe"}],"items_purged_floors":[4,19],"is_endless":false,"potions_floor_spawned":[1,6,14,18,21,24],"killed_by":"Champ","ascension_level":1}