{"gold_per_floor":[118,68,82,82,96,96,43,43,123,123,123,138,148,158,158,262,262,282,282,382,401,23,23,23,23,23,23,34,34,49,49,49,148,148,159,171,171,171,187,187],"floor_reached":40,"playtime":679,"items_purged":[],"score":401,"play_id":"94a4fa45-6e62-4812-9312-212a145cd33f","local_time":"20190905143406","is_ascension_mode":false,"campfire_choices":[{"data":"Bash","floor":6,"key":"SMITH"},{"data":"Anger","floor":8,"key":"SMITH"},{"data":"Twin Strike","floor":11,"key":"SMITH"},{"data":"Uppercut","floor":15,"key":"SMITH"},{"data":"Inflame","floor":23,"key":"SMITH"},{"data":"Sword Boomerang","floor":25,"key":"SMITH"},{"data":"Anger","floor":27,"key":"SMITH"},{"data":"Anger","floor":29,"key":"SMITH"},{"floor":32,"key":"REST"}],"neow_cost":"NONE","seed_source_timestamp":506924621253393,"circlet_count":0,"master_deck":["Strike_R+1","Strike_R+1","Strike_R+1","Defend_R+1","Defend_R+1","Defend_R+1","Defend_R+1","Bash+1","Inflame+1","Twin Strike+1","Anger+1","Uppercut+1","Anger+1","Demon Form","Sword Boomerang+1","Anger+1","Regret","Heavy Blade+1","Whirlwind","Immolate","Shrug It Off+1","True Grit+1","Master of Strategy","Anger"],"relics":["Burning Blood","NeowsBlessing","Blue Candle","Cursed Key","Orichalcum","ClockworkSouvenir","Shuriken","Black Star"],"potions_floor_usage":[16,40,40,40],"damage_taken":[{"damage":0,"enemies":"2 Louse","floor":1,"turns":1},{"damage":0,"enemies":"Small Slimes","floor":3,"turns":1},{"damage":0,"enemies":"Cultist","floor":5,"turns":1},{"damage":11,"enemies":"Large Slime","floor":12,"turns":3},{"damage":9,"enemies":"Blue Slaver","floor":13,"turns":2},{"damage":14,"enemies":"3 Louse","floor":14,"turns":2},{"damage":1,"enemies":"Slime Boss","floor":16,"turns":7},{"damage":5,"enemies":"Chosen","floor":18,"turns":3},{"damage":20,"enemies":"2 Thieves","floor":21,"turns":4},{"damage":16,"enemies":"Shelled Parasite and Fungi","floor":28,"turns":3},{"damage":17,"enemies":"Sentry and Sphere","floor":30,"turns":4},{"damage":37,"enemies":"Collector","floor":33,"turns":6},{"damage":16,"enemies":"3 Darklings","floor":35,"turns":4},{"damage":21,"enemies":"3 Shapes","floor":36,"turns":3},{"damage":40,"enemies":"Maw","floor":39,"turns":6},{"damage":28,"enemies":"Nemesis","floor":40,"turns":2}],"seed_played":"-2432691061972492404","potions_obtained":[{"floor":1,"key":"Strength Potion"},{"floor":14,"key":"Fire Potion"},{"floor":16,"key":"LiquidBronze"},{"floor":18,"key":"PowerPotion"},{"floor":21,"key":"SteroidPotion"}],"is_trial":false,"path_per_floor":["M","?","M","?","M","R","$","R","T","?","R","M","M","M","R","B",null,"M","?","?","M","$","R","?","R","T","R","M","R","M","?","R","B",null,"M","M","?","?","M","E"],"character_chosen":"IRONCLAD","items_purchased":["Anger","Anger","Orichalcum","ClockworkSouvenir"],"campfire_rested":1,"item_purchase_floors":[7,22,22,22],"current_hp_per_floor":[80,80,80,80,80,80,80,80,80,64,64,59,56,48,48,53,80,80,80,80,66,66,66,66,66,66,66,56,56,45,45,69,38,80,70,55,55,55,21,0],"gold":187,"neow_bonus":"THREE_ENEMY_KILL","is_prod":false,"is_daily":false,"chose_seed":false,"campfire_upgraded":8,"win_rate":0,"timestamp":1567708446,"path_taken":["M","?","M","?","?","R","$","R","T","?","R","M","M","M","R","BOSS","M","?","?","?","$","R","?","R","T","R","M","R","M","?","R","BOSS","M","M","?","?","M","E"],"build_version":"2019-07-17","purchased_purges":0,"victory":false,"max_hp_per_floor":[80,80,80,80,80,80,80,80,80,80,80,80,80,80,80,80,80,80,80,80,80,80,80,80,80,80,80,80,80,80,80,80,80,80,80,80,80,80,80,80],"card_choices":[{"not_picked":["Sword Boomerang","Headbutt"],"picked":"Inflame","floor":3},{"not_picked":["Wild Strike","Dual Wield"],"picked":"Twin Strike","floor":5},{"not_picked":["Thunderclap","Intimidate"],"picked":"Uppercut","floor":12},{"not_picked":["Warcry","Exhume","Iron Wave"],"picked":"SKIP","floor":13},{"not_picked":["Combust","Thunderclap"],"picked":"Anger","floor":14},{"not_picked":["Dark Embrace","Juggernaut"],"picked":"Demon Form","floor":16},{"not_picked":["True Grit","Havoc"],"picked":"Sword Boomerang","floor":18},{"not_picked":["Armaments","Rage","Entrench"],"picked":"SKIP","floor":21},{"not_picked":["Armaments","Rage","Entrench"],"picked":"SKIP","floor":21},{"not_picked":["Wild Strike","Havoc"],"picked":"Heavy Blade+1","floor":28},{"not_picked":["Flame Barrier","Reckless Charge"],"picked":"Whirlwind","floor":30},{"not_picked":["Reaper","Impervious"],"picked":"Immolate","floor":33},{"not_picked":["Perfected Strike","Evolve"],"picked":"Shrug It Off+1","floor":35},{"not_picked":["Armaments+1","Combust"],"picked":"True Grit+1","floor":36},{"not_picked":["Discovery","Finesse"],"picked":"Master of Strategy","floor":37},{"not_picked":["Twin Strike+1","Pommel Strike"],"picked":"Anger","floor":39}],"player_experience":346201,"relics_obtained":[{"floor":9,"key":"Blue Candle"},{"floor":26,"key":"Shuriken"}],"event_choices":[{"cards_removed":["Strike_R"],"damage_healed":0,"gold_gain":0,"player_choice":"Card Removal","damage_taken":0,"max_hp_gain":0,"max_hp_loss":0,"event_name":"The Cleric","floor":2,"gold_loss":50},{"cards_removed":["Strike_R"],"damage_healed":0,"gold_gain":0,"player_choice":"Purged","damage_taken":0,"max_hp_gain":0,"max_hp_loss":0,"event_name":"Purifier","floor":4,"gold_loss":0},{"damage_healed":0,"gold_gain":0,"player_choice":"Entered Light","damage_taken":16,"max_hp_gain":0,"max_hp_loss":0,"event_name":"Shining Light","floor":10,"gold_loss":0,"cards_upgraded":["Strike_R","Strike_R"]},{"damage_healed":0,"gold_gain":0,"player_choice":"Ignored","damage_taken":0,"max_hp_gain":0,"max_hp_loss":0,"event_name":"Ghosts","floor":19,"gold_loss":0},{"damage_healed":0,"gold_gain":100,"player_choice":"Pray","damage_taken":0,"max_hp_gain":0,"max_hp_loss":0,"event_name":"Golden Shrine","floor":20,"gold_loss":0},{"damage_healed":0,"gold_gain":0,"player_choice":"Simplicity","damage_taken":0,"max_hp_gain":0,"max_hp_loss":0,"event_name":"Back to Basics","floor":24,"gold_loss":0,"cards_upgraded":["Strike_R","Defend_R","Defend_R","Defend_R","Defend_R"]},{"damage_healed":0,"gold_gain":0,"player_choice":"Ignored","damage_taken":0,"max_hp_gain":0,"max_hp_loss":0,"event_name":"Vampires","floor":31,"gold_loss":0},{"damage_healed":0,"gold_gain":0,"player_choice":"Memory 1","damage_taken":0,"max_hp_gain":0,"max_hp_loss":0,"event_name":"SensoryStone","floor":37,"gold_loss":0},{"damage_healed":0,"gold_gain":0,"player_choice":"Bought 0 Potions","damage_taken":0,"max_hp_gain":0,"max_hp_loss":0,"event_name":"The Woman in Blue","floor":38,"gold_loss":0}],"is_beta":false,"boss_relics":[{"not_picked":["Astrolabe","Coffee Dripper"],"picked":"Cursed Key"},{"not_picked":["Runic Cube","Pandora\u0027s Box"],"picked":"Black Star"}],"items_purged_floors":[],"is_endless":false,"potions_floor_spawned":[1,14,16,18,21,28,33],"killed_by":"Nemesis","ascension_level":0}