{"gold_per_floor":[109,109,109,122,122,156,176,211,211,246,18,18,18,42,42,135,135,155,179,104,140,140,140,163,163,163,163,178,198,17,17,17,108,108,133,489,489,489,489,489,489],"floor_reached":41,"playtime":2526,"items_purged":[],"score":840,"play_id":"7d696a6f-a6fb-4e3e-b0f0-5033ef113f16","local_time":"20190423134417","is_ascension_mode":true,"campfire_choices":[{"data":"Whirlwind","floor":12.0,"key":"SMITH"},{"data":"Bash","floor":15.0,"key":"SMITH"},{"floor":23,"key":"REST"},{"data":"Shrug It Off","floor":25,"key":"SMITH"},{"data":"Corruption","floor":27,"key":"SMITH"},{"floor":32,"key":"REST"},{"data":"Immolate","floor":40,"key":"SMITH"}],"neow_cost":"NONE","seed_source_timestamp":0,"circlet_count":0,"master_deck":["AscendersBane","Defend_R","Defend_R","Defend_R","Defend_R","Bash+1","Feel No Pain+1","Shrug It Off+1","Disarm+1","Corruption+1","Shockwave+1","Warcry+1","Enlightenment+1","Spot Weakness+1","Whirlwind+1","Disarm+1","Carnage+1","Shockwave+1","Armaments+1","Offering+1","True Grit+1","Immolate+1","Dual Wield+1","Sadistic Nature+1","Double Tap+1","Headbutt+1","Burning Pact+1","Dark Shackles+1"],"special_seed":0,"relics":["Burning Blood","NeowsBlessing","Golden Idol","Toxic Egg 2","Unceasing Top","Frozen Egg 2","MawBank","Empty Cage","Red Mask","Gremlin Horn","Mark of Pain","Old Coin"],"potions_floor_usage":[19,24,33,35],"damage_taken":[{"damage":0.0,"enemies":"Jaw Worm","floor":1.0,"turns":1.0},{"damage":0.0,"enemies":"Small Slimes","floor":4.0,"turns":2.0},{"damage":0.0,"enemies":"Gremlin Nob","floor":6.0,"turns":2.0},{"damage":7.0,"enemies":"2 Louse","floor":7.0,"turns":4.0},{"damage":28.0,"enemies":"Lagavulin","floor":8.0,"turns":9.0},{"damage":22.0,"enemies":"3 Sentries","floor":10.0,"turns":16.0},{"damage":8.0,"enemies":"Blue Slaver","floor":14.0,"turns":4.0},{"damage":0.0,"enemies":"Hexaghost","floor":16.0,"turns":10.0},{"damage":8,"enemies":"Spheric Guardian","floor":18,"turns":5},{"damage":21,"enemies":"2 Thieves","floor":19,"turns":4},{"damage":46,"enemies":"Masked Bandits","floor":21,"turns":5},{"damage":13,"enemies":"Cultist and Chosen","floor":24,"turns":6},{"damage":30,"enemies":"Snake Plant","floor":28,"turns":5},{"damage":6,"enemies":"Centurion and Healer","floor":29,"turns":5},{"damage":35,"enemies":"Champ","floor":33,"turns":11},{"damage":36,"enemies":"3 Shapes","floor":35,"turns":6},{"damage":31,"enemies":"2 Orb Walkers","floor":36,"turns":3},{"damage":72,"enemies":"Giant Head","floor":41,"turns":6}],"seed_played":"-357901200506536081","potions_obtained":[{"floor":6.0,"key":"SpeedPotion"},{"floor":7.0,"key":"LiquidBronze"},{"floor":10.0,"key":"Strength Potion"},{"floor":18,"key":"Block Potion"},{"floor":21,"key":"Regen Potion"},{"floor":29,"key":"BloodPotion"},{"floor":33,"key":"SkillPotion"},{"floor":36,"key":"Explosive Potion"}],"is_trial":false,"path_per_floor":["M","?","?","M","?","E","M","E","T","E","$","R","?","M","R","B",null,"M","M","?","?","?","R","M","R","T","R","M","M","$","?","R","B",null,"M","?","?","?","?","R","E"],"character_chosen":"IRONCLAD","items_purchased":["Enlightenment+1","Spot Weakness+1","Whirlwind","Sadistic Nature+1"],"campfire_rested":2,"item_purchase_floors":[11,11,11,30],"current_hp_per_floor":[74,67,41,47,52,58,57,35,35,19,19,19,19,17,17,23,66,64,49,49,9,9,33,41,41,41,41,17,17,17,33,57,36,69,39,14,14,14,66,66,0],"gold":489,"neow_bonus":"THREE_ENEMY_KILL","is_prod":false,"is_daily":false,"chose_seed":false,"campfire_upgraded":5,"win_rate":0,"timestamp":1556019857,"path_taken":["M","?","?","M","?","E","M","E","T","E","$","R","?","M","R","BOSS","M","M","?","?","?","R","?","R","T","R","?","M","$","?","R","BOSS","M","?","?","?","?","R","E"],"build_version":"2019-01-23","purchased_purges":0,"victory":false,"max_hp_per_floor":[75,75,75,75,80,80,80,80,80,80,80,80,80,80,80,80,80,80,80,80,80,80,80,80,80,80,80,80,80,80,80,80,80,80,80,80,80,80,66,66,66],"card_choices":[{"not_picked":["Flex","Seeing Red"],"picked":"Feel No Pain","floor":1.0},{"not_picked":["Perfected Strike","Thunderclap"],"picked":"Shrug It Off","floor":4.0},{"not_picked":["Thunderclap","Rampage"],"picked":"Disarm","floor":6.0},{"not_picked":["Headbutt","Armaments+1"],"picked":"Corruption","floor":7.0},{"not_picked":["Wild Strike","Limit Break+1"],"picked":"Shockwave+1","floor":8.0},{"not_picked":["Havoc+1","Sword Boomerang"],"picked":"Warcry+1","floor":10.0},{"not_picked":["Uppercut","Sword Boomerang"],"picked":"Disarm+1","floor":14.0},{"not_picked":["Reaper","Impervious+1"],"picked":"Berserk+1","floor":16.0},{"not_picked":["Metallicize+1","Disarm+1"],"picked":"Carnage+1","floor":18},{"not_picked":["Perfected Strike+1","Corruption+1"],"picked":"Shockwave+1","floor":19},{"not_picked":["Evolve+1","Thunderclap"],"picked":"Armaments+1","floor":21},{"not_picked":["Inflame+1","Body Slam"],"picked":"True Grit+1","floor":24},{"not_picked":["Warcry+1","Combust+1"],"picked":"Immolate","floor":28},{"not_picked":["Warcry+1","Feel No Pain+1"],"picked":"Dual Wield+1","floor":29},{"not_picked":["Demon Form+1","Bludgeon"],"picked":"Double Tap+1","floor":33},{"not_picked":["Warcry+1","Uppercut"],"picked":"Headbutt+1","floor":35},{"not_picked":["Clothesline","Anger+1"],"picked":"Burning Pact+1","floor":36},{"not_picked":["Madness+1","Thinking Ahead+1"],"picked":"Dark Shackles+1","floor":38}],"player_experience":1046426,"relics_obtained":[{"floor":6.0,"key":"Toxic Egg 2"},{"floor":8.0,"key":"Unceasing Top"},{"floor":9.0,"key":"Frozen Egg 2"},{"floor":10.0,"key":"MawBank"},{"floor":21,"key":"Red Mask"},{"floor":26,"key":"Gremlin Horn"},{"floor":36,"key":"Old Coin"}],"event_choices":[{"cards_removed":["Strike_R"],"damage_healed":0.0,"max_hp_gain":0.0,"max_hp_loss":0.0,"gold_gain":0.0,"event_name":"Golden Wing","player_choice":"Card Removal","floor":2.0,"gold_loss":0.0,"damage_taken":7.0},{"damage_healed":0.0,"max_hp_gain":0.0,"max_hp_loss":0.0,"gold_gain":0.0,"event_name":"Golden Idol","player_choice":"Take Damage","floor":3.0,"gold_loss":0.0,"damage_taken":26.0,"relics_obtained":["Golden Idol"]},{"damage_healed":0.0,"max_hp_gain":5.0,"max_hp_loss":0.0,"gold_gain":0.0,"event_name":"Big Fish","player_choice":"Donut","floor":5.0,"gold_loss":0.0,"damage_taken":0.0},{"damage_healed":0.0,"max_hp_gain":0.0,"max_hp_loss":0.0,"gold_gain":0.0,"event_name":"Living Wall","player_choice":"Grow","floor":13.0,"gold_loss":0.0,"damage_taken":0.0,"cards_upgraded":["Feel No Pain"]},{"cards_removed":["Strike_R"],"damage_healed":0,"gold_gain":0,"player_choice":"Gave Gold","damage_taken":0,"max_hp_gain":0,"max_hp_loss":0,"event_name":"Beggar","floor":20,"gold_loss":75},{"damage_healed":0,"gold_gain":0,"player_choice":"Fought Bandits","damage_taken":0,"max_hp_gain":0,"max_hp_loss":0,"event_name":"Masked Bandits","floor":21,"gold_loss":0},{"damage_healed":0,"gold_gain":0,"cards_transformed":["Strike_R"],"player_choice":"Transformed","damage_taken":0,"max_hp_gain":0,"max_hp_loss":0,"event_name":"Transmorgrifier","floor":22,"gold_loss":0,"cards_obtained":["Offering"]},{"damage_healed":16,"gold_gain":0,"player_choice":"Heal","damage_taken":0,"max_hp_gain":0,"max_hp_loss":0,"event_name":"The Library","floor":31,"gold_loss":0},{"damage_healed":0,"gold_gain":0,"player_choice":"Fight","damage_taken":0,"max_hp_gain":0,"max_hp_loss":0,"event_name":"Mysterious Sphere","floor":36,"gold_loss":0},{"cards_removed":["Berserk"],"damage_healed":0,"gold_gain":0,"player_choice":"Removed Power","damage_taken":0,"max_hp_gain":0,"max_hp_loss":0,"event_name":"Falling","floor":37,"gold_loss":0},{"damage_healed":0,"gold_gain":0,"player_choice":"Memory 1","damage_taken":0,"max_hp_gain":0,"max_hp_loss":0,"event_name":"SensoryStone","floor":38,"gold_loss":0},{"damage_healed":66,"gold_gain":0,"player_choice":"Heal","damage_taken":0,"max_hp_gain":0,"max_hp_loss":14,"event_name":"The Moai Head","floor":39,"gold_loss":0}],"is_beta":false,"boss_relics":[{"not_picked":["Busted Crown","Runic Dome"],"picked":"Empty Cage"},{"not_picked":["Calling Bell","Philosopher\u0027s Stone"],"picked":"Mark of Pain"}],"items_purged_floors":[],"is_endless":false,"potions_floor_spawned":[6,7,10,18,21,29,33,36],"killed_by":"Giant Head","ascension_level":15}