{"gold_per_floor":[119,119,132,152,177,221,221,256,309,309,344,344],"floor_reached":12,"playtime":327,"items_purged":[],"score":196,"play_id":"b377b3ca-6f21-43da-9fe5-95fa3498385d","local_time":"20190107202356","is_ascension_mode":true,"campfire_choices":[{"data":"Bludgeon","floor":7,"key":"SMITH"},{"floor":10,"key":"REST"}],"neow_cost":"NONE","seed_source_timestamp":441684338732433,"circlet_count":0,"master_deck":["AscendersBane","Strike_R","Strike_R","Strike_R","Strike_R","Strike_R","Defend_R","Defend_R","Defend_R","Defend_R","Bash","Bludgeon+1","Metallicize","Sentinel","Clothesline","Sentinel","Cleave","Battle Trance"],"relics":["Burning Blood","Golden Idol","Vajra","Bottled Flame","Omamori","Art of War"],"potions_floor_usage":[5,6,12],"damage_taken":[{"damage":2,"enemies":"2 Louse","floor":1,"turns":3},{"damage":6,"enemies":"Small Slimes","floor":3,"turns":2},{"damage":0,"enemies":"Cultist","floor":4,"turns":3},{"damage":0,"enemies":"Red Slaver","floor":5,"turns":1},{"damage":21,"enemies":"3 Sentries","floor":6,"turns":7},{"damage":38,"enemies":"Gremlin Nob","floor":8,"turns":5},{"damage":31,"enemies":"3 Sentries","floor":11,"turns":7},{"damage":23,"enemies":"Gremlin Gang","floor":12,"turns":2}],"seed_played":"-992953749706514362","potions_obtained":[{"floor":1,"key":"AttackPotion"},{"floor":3,"key":"Fire Potion"},{"floor":11,"key":"BloodPotion"}],"is_trial":false,"path_per_floor":["M","?","M","M","M","E","R","E","T","R","E","M"],"character_chosen":"IRONCLAD","items_purchased":[],"campfire_rested":1,"item_purchase_floors":[],"current_hp_per_floor":[72,68,68,68,68,53,53,21,21,41,16,0],"gold":344,"neow_bonus":"ONE_RANDOM_RARE_CARD","is_prod":false,"is_daily":false,"chose_seed":false,"campfire_upgraded":1,"win_rate":0,"timestamp":1546889036,"path_taken":["M","?","M","M","M","E","R","E","T","R","E","M"],"build_version":"2019-01-03v4","purchased_purges":0,"victory":false,"max_hp_per_floor":[75,68,68,68,68,68,68,68,68,68,68,68],"card_choices":[{"not_picked":["Thunderclap","Reckless Charge"],"picked":"Metallicize","floor":1},{"not_picked":["Pummel","Perfected Strike"],"picked":"Sentinel","floor":3},{"not_picked":["Twin Strike","Power Through"],"picked":"Clothesline","floor":4},{"not_picked":["Power Through","Flex"],"picked":"Sentinel","floor":5},{"not_picked":["Bludgeon","Flex","Dropkick"],"picked":"SKIP","floor":6},{"not_picked":["Power Through","Flame Barrier"],"picked":"Cleave","floor":8},{"not_picked":["Clothesline","Havoc"],"picked":"Battle Trance","floor":11}],"player_experience":584068,"relics_obtained":[{"floor":6,"key":"Vajra"},{"floor":8,"key":"Bottled Flame"},{"floor":9,"key":"Omamori"},{"floor":11,"key":"Art of War"}],"event_choices":[{"damage_healed":0,"gold_gain":0,"player_choice":"Lose Max HP","damage_taken":0,"relics_obtained":["Golden Idol"],"max_hp_gain":0,"max_hp_loss":7,"event_name":"Golden Idol","floor":2,"gold_loss":0}],"is_beta":false,"boss_relics":[],"items_purged_floors":[],"is_endless":false,"potions_floor_spawned":[1,3,11],"killed_by":"Gremlin Gang","ascension_level":20}