{"gold_per_floor":[118,393,412,424,424,451,451,470,493,507,507],"floor_reached":11,"playtime":225,"items_purged":[],"score":150,"play_id":"a252bf7a-6a34-4e3a-8008-230069c6ea76","local_time":"20190202025139","is_ascension_mode":true,"campfire_choices":[],"neow_cost":"NONE","seed_source_timestamp":2017056596444554,"circlet_count":0,"master_deck":["AscendersBane","Strike_R","Strike_R","Strike_R","Strike_R","Strike_R","Defend_R","Defend_R","Defend_R","Defend_R","Bash","Shrug It Off","Regret","Hemokinesis+1","Burning Pact","Double Tap","Flame Barrier","Clothesline"],"special_seed":0,"relics":["Burning Blood","NeowsBlessing","Regal Pillow","PreservedInsect"],"potions_floor_usage":[],"damage_taken":[{"damage":0.0,"enemies":"Jaw Worm","floor":1.0,"turns":1.0},{"damage":0.0,"enemies":"Cultist","floor":3.0,"turns":1.0},{"damage":0.0,"enemies":"Small Slimes","floor":4.0,"turns":1.0},{"damage":42.0,"enemies":"Gremlin Nob","floor":6.0,"turns":4.0},{"damage":14.0,"enemies":"2 Fungi Beasts","floor":8.0,"turns":4.0},{"damage":12.0,"enemies":"Blue Slaver","floor":10.0,"turns":3.0},{"damage":39,"enemies":"3 Sentries","floor":11,"turns":6}],"seed_played":"565752375717049304","potions_obtained":[{"floor":4.0,"key":"Energy Potion"},{"floor":6.0,"key":"Energy Potion"},{"floor":8.0,"key":"PowerPotion"},{"floor":10.0,"key":"Fruit Juice"}],"is_trial":false,"path_per_floor":["M","?","M","M","?","E","?","M","T","M","E"],"character_chosen":"IRONCLAD","items_purchased":[],"campfire_rested":0,"item_purchase_floors":[],"current_hp_per_floor":[74,74,75,75,80,44,44,36,36,35,0],"gold":507,"neow_bonus":"THREE_ENEMY_KILL","is_prod":false,"is_daily":false,"chose_seed":false,"campfire_upgraded":0,"win_rate":0,"timestamp":1549072299,"path_taken":["M","?","?","M","?","E","?","M","T","M","E"],"build_version":"2019-01-23","purchased_purges":0,"victory":false,"max_hp_per_floor":[75,75,75,75,80,80,80,80,80,85,85],"card_choices":[{"not_picked":["Headbutt","Rupture"],"picked":"Shrug It Off","floor":1.0},{"not_picked":["Body Slam","Thunderclap"],"picked":"Hemokinesis","floor":3.0},{"not_picked":["Bloodletting","Heavy Blade"],"picked":"Burning Pact","floor":4.0},{"not_picked":["Perfected Strike","Thunderclap"],"picked":"Double Tap","floor":6.0},{"not_picked":["Cleave","Body Slam"],"picked":"Flame Barrier","floor":8.0},{"not_picked":["Flame Barrier","Clash"],"picked":"Clothesline","floor":10.0}],"player_experience":628156,"relics_obtained":[{"floor":6.0,"key":"Regal Pillow"},{"floor":9.0,"key":"PreservedInsect"}],"event_choices":[{"damage_healed":0.0,"max_hp_gain":0.0,"max_hp_loss":0.0,"gold_gain":275.0,"event_name":"Golden Shrine","player_choice":"Desecrate","floor":2.0,"gold_loss":0.0,"damage_taken":0.0,"cards_obtained":["Regret"]},{"damage_healed":0.0,"max_hp_gain":5.0,"max_hp_loss":0.0,"gold_gain":0.0,"event_name":"Big Fish","player_choice":"Donut","floor":5.0,"gold_loss":0.0,"damage_taken":0.0},{"damage_healed":0.0,"max_hp_gain":0.0,"max_hp_loss":0.0,"gold_gain":0.0,"event_name":"Living Wall","player_choice":"Grow","floor":7.0,"gold_loss":0.0,"damage_taken":0.0,"cards_upgraded":["Hemokinesis"]}],"is_beta":false,"boss_relics":[],"items_purged_floors":[],"is_endless":false,"potions_floor_spawned":[4,6,8,10],"killed_by":"3 Sentries","ascension_level":20}