{"gold_per_floor":[119,44,63,38,38,38,68,88,88,88,122,134,165,178,178,251,251,268,278,163,163,163,163,88,88],"floor_reached":25,"playtime":835,"items_purged":["Strike_B"],"score":513,"play_id":"e038c551-cfa9-4a97-b27d-543ee2acaa28","local_time":"20190106162021","is_ascension_mode":true,"campfire_choices":[{"data":"Hologram","floor":6.0,"key":"SMITH"},{"data":"Chaos","floor":10.0,"key":"SMITH"},{"floor":15.0,"key":"REST"},{"floor":23,"key":"REST"}],"neow_cost":"NONE","seed_source_timestamp":340035594677699,"circlet_count":0,"master_deck":["AscendersBane","Defend_B","Defend_B","Defend_B","Defend_B","Ball Lightning","Hologram+1","Chaos+1","Reinforced Body","Rebound","Multi-Cast","Conserve Battery","Loop","Hologram+1","Sunder","Bite","Bite","Bite","Bite","Mayhem","Genetic Algorithm"],"special_seed":0,"relics":["Cracked Core","NeowsBlessing","Singing Bowl","Omamori","Bottled Flame","Dodecahedron","PreservedInsect","Nuclear Battery"],"potions_floor_usage":[19,19],"damage_taken":[{"damage":0.0,"enemies":"Small Slimes","floor":1.0,"turns":1.0},{"damage":0.0,"enemies":"Jaw Worm","floor":3.0,"turns":1.0},{"damage":0.0,"enemies":"Gremlin Nob","floor":7.0,"turns":1.0},{"damage":0.0,"enemies":"Cultist","floor":8.0,"turns":3.0},{"damage":15.0,"enemies":"Lagavulin","floor":11.0,"turns":5.0},{"damage":5.0,"enemies":"Exordium Wildlife","floor":12.0,"turns":3.0},{"damage":24.0,"enemies":"Gremlin Nob","floor":13.0,"turns":4.0},{"damage":16.0,"enemies":"Large Slime","floor":14.0,"turns":5.0},{"damage":31.0,"enemies":"The Guardian","floor":16.0,"turns":16.0},{"damage":8.0,"enemies":"3 Byrds","floor":18.0,"turns":5.0},{"damage":27,"enemies":"Shell Parasite","floor":19,"turns":3},{"damage":48,"enemies":"Shelled Parasite and Fungi","floor":25,"turns":2}],"seed_played":"-3432100550211396311","potions_obtained":[{"floor":3.0,"key":"Ancient Potion"},{"floor":7.0,"key":"Swift Potion"},{"floor":11.0,"key":"Regen Potion"},{"floor":18.0,"key":"PowerPotion"}],"is_trial":false,"path_per_floor":["M","?","M","$","?","R","E","M","T","R","E","M","E","M","R","B",null,"M","M","$","?","?","R","?","M"],"character_chosen":"DEFECT","items_purchased":["Hologram","Sunder"],"campfire_rested":2,"item_purchase_floors":[4,20],"current_hp_per_floor":[64,64,64,64,64,64,66,66,66,66,51,46,31,15,36,7,58,50,23,23,23,23,38,38,0],"gold":88,"neow_bonus":"THREE_ENEMY_KILL","is_prod":false,"is_daily":false,"chose_seed":false,"campfire_upgraded":2,"win_rate":0,"timestamp":1546788021,"path_taken":["M","?","M","$","?","R","E","?","T","R","E","M","E","M","R","BOSS","M","M","$","?","?","R","?","M"],"build_version":"2019-01-03v4","purchased_purges":1,"victory":false,"max_hp_per_floor":[71,71,71,71,71,71,73,73,73,73,73,73,73,73,73,75,75,75,75,75,52,52,52,52,52],"card_choices":[{"not_picked":["Gash","Beam Cell"],"picked":"Ball Lightning","floor":1.0},{"not_picked":["Hologram","Chaos"],"picked":"Compile Driver","floor":3.0},{"not_picked":["Storm","Steam","Hologram"],"picked":"Singing Bowl","floor":7.0},{"not_picked":["Beam Cell","Turbo"],"picked":"Chaos","floor":8.0},{"not_picked":["Darkness","Ball Lightning"],"picked":"Reinforced Body","floor":11.0},{"not_picked":["FTL","Gash"],"picked":"Rebound","floor":12.0},{"not_picked":["Redo","Sunder"],"picked":"Multi-Cast","floor":13.0},{"not_picked":["Stack","Steam"],"picked":"Conserve Battery","floor":14.0},{"not_picked":["Thunder Strike","Rainbow","Hyperbeam"],"picked":"Singing Bowl","floor":16.0},{"not_picked":["Barrage","Gash+1"],"picked":"Loop","floor":18.0},{"not_picked":["Go for the Eyes","Barrage"],"picked":"Hologram+1","floor":19}],"player_experience":577429,"relics_obtained":[{"floor":7.0,"key":"Omamori"},{"floor":9.0,"key":"Bottled Flame"},{"floor":11.0,"key":"Dodecahedron"},{"floor":13.0,"key":"PreservedInsect"}],"event_choices":[{"cards_removed":["Strike_B"],"damage_healed":0.0,"max_hp_gain":0.0,"max_hp_loss":0.0,"gold_gain":0.0,"event_name":"The Cleric","player_choice":"Card Removal","floor":2.0,"gold_loss":75.0,"damage_taken":0.0},{"cards_removed":["Compile Driver"],"damage_healed":0.0,"max_hp_gain":0.0,"max_hp_loss":0.0,"gold_gain":0.0,"event_name":"WeMeetAgain","player_choice":"Gave Card","floor":5.0,"gold_loss":0.0,"damage_taken":0.0,"relics_obtained":["Singing Bowl"]},{"damage_healed":0,"gold_gain":0,"player_choice":"Became a vampire","damage_taken":0,"max_hp_gain":0,"max_hp_loss":23,"event_name":"Vampires","floor":21,"gold_loss":0,"cards_obtained":["Bite","Bite","Bite","Bite","Bite"]},{"damage_healed":0,"gold_gain":0,"cards_transformed":["Bite","Zap"],"player_choice":"Became Test Subject","damage_taken":0,"max_hp_gain":0,"max_hp_loss":0,"event_name":"Drug Dealer","floor":22,"gold_loss":0,"cards_obtained":["Mayhem","Genetic Algorithm"]},{"cards_removed":["Dualcast"],"damage_healed":0,"gold_gain":0,"player_choice":"Gave Gold","damage_taken":0,"max_hp_gain":0,"max_hp_loss":0,"event_name":"Beggar","floor":24,"gold_loss":75}],"is_beta":false,"boss_relics":[{"not_picked":["Lizard Tail","Velvet Choker"],"picked":"Nuclear Battery"}],"items_purged_floors":[20],"is_endless":false,"potions_floor_spawned":[3,7,11,18],"killed_by":"Shelled Parasite and Fungi","ascension_level":20}