{"gold_per_floor":[110,124,139,159,174,174,186,186,186,461,461,481,481,492,492,566,566,566,566,491,491,491],"floor_reached":22,"playtime":758,"items_purged":[],"score":333,"play_id":"fcdd80ff-ff5c-4325-b692-d22f0977553b","local_time":"20190701090153","is_ascension_mode":true,"campfire_choices":[{"data":"Shockwave","floor":6,"key":"SMITH"},{"floor":11,"key":"REST"},{"data":"Dual Wield","floor":13,"key":"SMITH"},{"data":"Body Slam","floor":15,"key":"SMITH"}],"neow_cost":"NONE","seed_source_timestamp":1154874553529500,"circlet_count":0,"master_deck":["AscendersBane","Strike_R","Strike_R","Strike_R","Strike_R","Defend_R","Defend_R","Defend_R","Defend_R","Bash","Pummel","Inflame","Fiend Fire","Spot Weakness","Shockwave+1","Dual Wield+1","Clash","Body Slam+1","Dark Embrace","Body Slam","Fire Breathing"],"relics":["Burning Blood","Mercury Hourglass","Ectoplasm","Oddly Smooth Stone"],"potions_floor_usage":[3,5,14,16,16,18,22],"damage_taken":[{"damage":17,"enemies":"Cultist","floor":1,"turns":5},{"damage":9,"enemies":"Jaw Worm","floor":2,"turns":5},{"damage":2,"enemies":"2 Louse","floor":3,"turns":3},{"damage":13,"enemies":"Exordium Wildlife","floor":4,"turns":3},{"damage":37,"enemies":"Gremlin Gang","floor":5,"turns":8},{"damage":11,"enemies":"Looter","floor":7,"turns":2},{"damage":1,"enemies":"Exordium Wildlife","floor":12,"turns":4},{"damage":7,"enemies":"Blue Slaver","floor":14,"turns":3},{"damage":9,"enemies":"Hexaghost","floor":16,"turns":7},{"damage":24,"enemies":"Shell Parasite","floor":18,"turns":3},{"damage":30,"enemies":"Spheric Guardian","floor":19,"turns":4},{"damage":27,"enemies":"Centurion and Healer","floor":22,"turns":3}],"seed_played":"5268672041392144099","potions_obtained":[{"floor":2,"key":"SkillPotion"},{"floor":4,"key":"Poison Potion"},{"floor":7,"key":"LiquidBronze"},{"floor":12,"key":"BloodPotion"},{"floor":14,"key":"PowerPotion"},{"floor":16,"key":"PowerPotion"},{"floor":18,"key":"Poison Potion"}],"is_trial":false,"path_per_floor":["M","M","M","M","M","R","M","?","T","?","R","M","R","M","R","B",null,"M","M","?","T","M"],"character_chosen":"IRONCLAD","items_purchased":[],"campfire_rested":1,"item_purchase_floors":[],"current_hp_per_floor":[57,54,58,51,20,20,15,15,15,15,37,42,42,48,48,45,68,50,26,26,26,0],"gold":491,"neow_bonus":"TRANSFORM_CARD","is_prod":false,"is_daily":false,"chose_seed":false,"campfire_upgraded":3,"win_rate":0,"timestamp":1561964513,"path_taken":["M","M","?","M","M","R","M","?","T","?","R","?","R","M","R","BOSS","M","M","?","?","M"],"build_version":"2019-01-23","purchased_purges":0,"victory":false,"max_hp_per_floor":[75,75,75,75,75,75,75,75,75,75,75,75,75,75,75,75,75,75,75,75,75,75],"card_choices":[{"not_picked":["Shrug It Off","Body Slam"],"picked":"Inflame","floor":1},{"not_picked":["Iron Wave","Havoc"],"picked":"Fiend Fire","floor":2},{"not_picked":["Iron Wave","Twin Strike"],"picked":"Spot Weakness","floor":3},{"not_picked":["Rage","Cleave","Inflame"],"picked":"SKIP","floor":4},{"not_picked":["Headbutt","True Grit"],"picked":"Shockwave","floor":5},{"not_picked":["Body Slam","Havoc"],"picked":"Dual Wield","floor":7},{"not_picked":["Thunderclap","Reckless Charge"],"picked":"Clash","floor":12},{"not_picked":["Flex","True Grit"],"picked":"Body Slam","floor":14},{"not_picked":["Double Tap","Barricade"],"picked":"Dark Embrace","floor":16},{"not_picked":["Havoc","Armaments"],"picked":"Body Slam","floor":18},{"not_picked":["Carnage","Twin Strike"],"picked":"Fire Breathing","floor":19}],"player_experience":1534997,"relics_obtained":[{"floor":9,"key":"Mercury Hourglass"},{"floor":21,"key":"Oddly Smooth Stone"}],"event_choices":[{"damage_healed":0,"gold_gain":0,"player_choice":"Ignored","damage_taken":0,"max_hp_gain":0,"max_hp_loss":0,"event_name":"Shining Light","floor":8,"gold_loss":0},{"damage_healed":0,"gold_gain":275,"player_choice":"Desecrate","damage_taken":0,"max_hp_gain":0,"max_hp_loss":0,"event_name":"Golden Shrine","floor":10,"gold_loss":0,"cards_obtained":["Regret"]},{"cards_removed":["Regret"],"damage_healed":0,"gold_gain":0,"player_choice":"Gave Gold","damage_taken":0,"max_hp_gain":0,"max_hp_loss":0,"event_name":"Beggar","floor":20,"gold_loss":75}],"is_beta":false,"boss_relics":[{"not_picked":["Coffee Dripper","Philosopher\u0027s Stone"],"picked":"Ectoplasm"}],"items_purged_floors":[],"is_endless":false,"potions_floor_spawned":[2,4,7,12,14,16,18],"killed_by":"Centurion and Healer","ascension_level":17}