{"gold_per_floor":[109,184,32,32,46,46,74,74,74,24,34,60,74,88,88,88],"floor_reached":16,"playtime":396,"items_purged":["Strike_R"],"score":230,"play_id":"6cfa2f12-0fc2-483c-bd83-68d871a47bc6","local_time":"20190326025156","is_ascension_mode":true,"campfire_choices":[{"data":"Corruption","floor":6,"key":"SMITH"},{"data":"Bash","floor":8,"key":"SMITH"},{"data":"True Grit","floor":15,"key":"SMITH"}],"neow_cost":"NONE","seed_source_timestamp":1123913181929400,"circlet_count":0,"master_deck":["AscendersBane","Strike_R","Strike_R","Strike_R","Defend_R","Defend_R","Defend_R","Defend_R","Bash+1","Pommel Strike","Corruption+1","Shrug It Off","Fire Breathing","Spot Weakness","Ghostly Armor","Wild Strike","True Grit+1"],"relics":["Burning Blood","NeowsBlessing","Girya","Meat on the Bone","Bottled Flame"],"potions_floor_usage":[14,14],"damage_taken":[{"damage":0,"enemies":"2 Louse","floor":1,"turns":1},{"damage":0,"enemies":"Jaw Worm","floor":5,"turns":1},{"damage":0,"enemies":"3 Sentries","floor":7,"turns":2},{"damage":3,"enemies":"Cultist","floor":11,"turns":4},{"damage":24,"enemies":"Gremlin Nob","floor":12,"turns":4},{"damage":0,"enemies":"Large Slime","floor":13,"turns":6},{"damage":12,"enemies":"Lots of Slimes","floor":14,"turns":4},{"damage":64,"enemies":"Hexaghost","floor":16,"turns":9}],"seed_played":"-4100565560333866165","potions_obtained":[{"floor":5,"key":"EssenceOfSteel"},{"floor":7,"key":"SneckoOil"}],"is_trial":false,"path_per_floor":["M","?","$","?","M","R","E","R","T","?","M","E","M","M","R","B"],"character_chosen":"IRONCLAD","items_purchased":["Corruption"],"campfire_rested":0,"item_purchase_floors":[3],"current_hp_per_floor":[74,63,63,68,74,74,80,80,80,80,80,62,68,62,62,0],"gold":88,"neow_bonus":"THREE_ENEMY_KILL","is_prod":false,"is_daily":false,"chose_seed":false,"campfire_upgraded":3,"win_rate":0,"timestamp":1553565116,"path_taken":["M","?","$","?","M","R","E","R","T","?","?","E","M","M","R","BOSS"],"build_version":"2019-01-23","purchased_purges":1,"victory":false,"max_hp_per_floor":[75,75,75,80,80,80,80,80,80,80,80,80,80,80,80,80],"card_choices":[{"not_picked":["Cleave","Iron Wave"],"picked":"Pommel Strike","floor":1},{"not_picked":["Clothesline","Infernal Blade"],"picked":"Shrug It Off","floor":5},{"not_picked":["Berserk","Perfected Strike"],"picked":"Fire Breathing","floor":7},{"not_picked":["Flex","True Grit"],"picked":"Spot Weakness","floor":11},{"not_picked":["Headbutt","Twin Strike"],"picked":"Ghostly Armor","floor":12},{"not_picked":["Corruption","Havoc"],"picked":"Wild Strike","floor":13},{"not_picked":["Clothesline","Wild Strike"],"picked":"True Grit","floor":14}],"player_experience":1007060,"relics_obtained":[{"floor":7,"key":"Girya"},{"floor":9,"key":"Meat on the Bone"},{"floor":12,"key":"Bottled Flame"}],"event_choices":[{"damage_healed":0,"gold_gain":75,"player_choice":"Gather Gold","damage_taken":11,"max_hp_gain":0,"max_hp_loss":0,"event_name":"World of Goop","floor":2,"gold_loss":0},{"damage_healed":0,"gold_gain":0,"player_choice":"Donut","damage_taken":0,"max_hp_gain":5,"max_hp_loss":0,"event_name":"Big Fish","floor":4,"gold_loss":0},{"cards_removed":["Strike_R"],"damage_healed":0,"gold_gain":0,"player_choice":"Card Removal","damage_taken":0,"max_hp_gain":0,"max_hp_loss":0,"event_name":"The Cleric","floor":10,"gold_loss":50}],"is_beta":false,"boss_relics":[],"items_purged_floors":[3],"is_endless":false,"potions_floor_spawned":[5,7],"killed_by":"Hexaghost","ascension_level":14}