{"gold_per_floor":[118,129,148,160,176,206,206,232,232,245,245,16,16,16,16,93,93,109,127,127,139,139,139,167,167,167,167,92,105,105,105],"floor_reached":31,"playtime":1736,"items_purged":[],"score":530,"play_id":"11ea4d4f-b3a1-4da9-935a-e2546a72bca2","local_time":"20190109232635","is_ascension_mode":true,"campfire_choices":[{"floor":7.0,"key":"REST"},{"data":"Limit Break","floor":15.0,"key":"SMITH"},{"data":"Trip","floor":23.0,"key":"SMITH"},{"floor":25.0,"key":"REST"}],"neow_cost":"NONE","seed_source_timestamp":15822336010958,"circlet_count":0,"master_deck":["AscendersBane","Strike_R","Strike_R","Strike_R","Strike_R","Strike_R","Defend_R","Defend_R","Defend_R","Defend_R","Bash","Trip+1","Spot Weakness","Cleave","Sentinel","Sword Boomerang","Iron Wave","Carnage","Limit Break+1","Blood for Blood","Shrug It Off","Limit Break","Body Slam+1","Ghostly","Ghostly","Ghostly","Dropkick","Writhe"],"special_seed":0,"relics":["Burning Blood","Gremlin Horn","Ornamental Fan","Kunai","Bronze Scales","Busted Crown","PreservedInsect","Darkstone Periapt","Matryoshka","Juzu Bracelet"],"potions_floor_usage":[],"damage_taken":[{"damage":14.0,"enemies":"Jaw Worm","floor":1.0,"turns":3.0},{"damage":7.0,"enemies":"Small Slimes","floor":2.0,"turns":3.0},{"damage":0.0,"enemies":"2 Louse","floor":3.0,"turns":1.0},{"damage":13.0,"enemies":"Blue Slaver","floor":4.0,"turns":2.0},{"damage":12.0,"enemies":"Looter","floor":5.0,"turns":3.0},{"damage":39.0,"enemies":"Gremlin Nob","floor":6.0,"turns":4.0},{"damage":25.0,"enemies":"Lagavulin","floor":8.0,"turns":5.0},{"damage":3.0,"enemies":"2 Fungi Beasts","floor":10.0,"turns":2.0},{"damage":24.0,"enemies":"Hexaghost","floor":16.0,"turns":7.0},{"damage":22.0,"enemies":"2 Thieves","floor":18.0,"turns":3.0},{"damage":20.0,"enemies":"Spheric Guardian","floor":19.0,"turns":5.0},{"damage":1.0,"enemies":"Snecko","floor":21.0,"turns":4.0},{"damage":27.0,"enemies":"Gremlin Leader","floor":24.0,"turns":4.0},{"damage":19.0,"enemies":"Snake Plant","floor":29.0,"turns":4.0},{"damage":0.0,"enemies":"Colosseum Slavers","floor":30.0,"turns":3.0},{"damage":31,"enemies":"Shelled Parasite and Fungi","floor":31,"turns":3}],"seed_played":"-5504845186888147412","potions_obtained":[{"floor":1.0,"key":"Explosive Potion"},{"floor":5.0,"key":"GamblersBrew"},{"floor":10.0,"key":"Strength Potion"},{"floor":19.0,"key":"GamblersBrew"},{"floor":29.0,"key":"GamblersBrew"}],"is_trial":false,"path_per_floor":["M","M","M","M","M","E","R","E","T","M","?","$","?","?","R","B",null,"M","M","?","M","?","R","E","R","T","?","?","M","?","M"],"character_chosen":"IRONCLAD","items_purchased":["Bronze Scales","Shrug It Off"],"campfire_rested":2,"item_purchase_floors":[12,12],"current_hp_per_floor":[60,59,65,58,52,19,41,22,22,25,25,25,25,30,30,12,63,47,33,33,38,38,38,17,29,29,35,35,22,28,0],"gold":105,"neow_bonus":"RANDOM_COLORLESS","is_prod":false,"is_daily":false,"chose_seed":false,"campfire_upgraded":2,"win_rate":0,"timestamp":1547072795,"path_taken":["M","M","M","M","M","E","R","E","T","M","?","$","?","?","R","BOSS","M","M","?","M","?","R","E","R","T","?","?","M","?","M"],"build_version":"2019-01-03v4","purchased_purges":0,"victory":false,"max_hp_per_floor":[75,75,75,75,75,75,75,75,75,75,75,75,75,80,80,80,80,80,80,40,40,40,40,40,40,40,46,46,46,46,46],"card_choices":[{"not_picked":["Armaments","True Grit"],"picked":"Spot Weakness","floor":1.0},{"not_picked":["Shockwave","Anger"],"picked":"Cleave","floor":2.0},{"not_picked":["Wild Strike","Body Slam"],"picked":"Sentinel","floor":3.0},{"not_picked":["Spot Weakness","Corruption"],"picked":"Sword Boomerang","floor":4.0},{"not_picked":["Combust","Twin Strike"],"picked":"Iron Wave","floor":5.0},{"not_picked":["Reckless Charge","Second Wind"],"picked":"Carnage","floor":6.0},{"not_picked":["Warcry","Power Through"],"picked":"Limit Break","floor":8.0},{"not_picked":["Cleave","Second Wind"],"picked":"Blood for Blood","floor":10.0},{"not_picked":["Double Tap","Juggernaut"],"picked":"Limit Break","floor":16.0},{"not_picked":[],"picked":"Body Slam+1","floor":18.0},{"not_picked":["Blood for Blood"],"picked":"SKIP","floor":19.0},{"not_picked":[],"picked":"Dropkick","floor":21.0},{"not_picked":["Searing Blow"],"picked":"SKIP","floor":24.0},{"not_picked":["Anger"],"picked":"SKIP","floor":29.0}],"player_experience":589855,"relics_obtained":[{"floor":6.0,"key":"Gremlin Horn"},{"floor":8.0,"key":"Ornamental Fan"},{"floor":9.0,"key":"Kunai"},{"floor":24.0,"key":"Darkstone Periapt"},{"floor":26.0,"key":"Matryoshka"}],"event_choices":[{"damage_healed":0.0,"max_hp_gain":0.0,"max_hp_loss":0.0,"gold_gain":0.0,"event_name":"Scrap Ooze","player_choice":"Fled","floor":11.0,"gold_loss":0.0,"damage_taken":0.0},{"damage_healed":0.0,"max_hp_gain":0.0,"max_hp_loss":0.0,"gold_gain":0.0,"event_name":"Dead Adventurer","player_choice":"Searched \u00270\u0027 times","floor":13.0,"gold_loss":0.0,"damage_taken":0.0},{"damage_healed":0.0,"max_hp_gain":5.0,"max_hp_loss":0.0,"gold_gain":0.0,"event_name":"Big Fish","player_choice":"Donut","floor":14.0,"gold_loss":0.0,"damage_taken":0.0},{"damage_healed":0.0,"max_hp_gain":0.0,"max_hp_loss":40.0,"gold_gain":0.0,"event_name":"Ghosts","player_choice":"Became a Ghost","floor":20.0,"gold_loss":0.0,"damage_taken":0.0,"cards_obtained":["Ghostly","Ghostly","Ghostly"]},{"damage_healed":0.0,"max_hp_gain":0.0,"max_hp_loss":0.0,"gold_gain":0.0,"event_name":"The Mausoleum","player_choice":"Opened","floor":22.0,"gold_loss":0.0,"damage_taken":0.0,"relics_obtained":["PreservedInsect"],"cards_obtained":["Writhe"]},{"damage_healed":0.0,"max_hp_gain":0.0,"max_hp_loss":0.0,"gold_gain":0.0,"event_name":"Addict","player_choice":"Stole Relic","floor":27.0,"gold_loss":0.0,"damage_taken":0.0,"relics_obtained":["Juzu Bracelet"],"cards_obtained":["Shame"]},{"cards_removed":["Shame"],"damage_healed":0.0,"max_hp_gain":0.0,"max_hp_loss":0.0,"gold_gain":0.0,"event_name":"Beggar","player_choice":"Gave Gold","floor":28.0,"gold_loss":75.0,"damage_taken":0.0},{"damage_healed":0.0,"max_hp_gain":0.0,"max_hp_loss":0.0,"gold_gain":0.0,"event_name":"Colosseum","player_choice":"Fight","floor":30.0,"gold_loss":0.0,"damage_taken":0.0},{"damage_healed":0.0,"max_hp_gain":0.0,"max_hp_loss":0.0,"gold_gain":0.0,"event_name":"Colosseum","player_choice":"Fled From Nobs","floor":30.0,"gold_loss":0.0,"damage_taken":0.0}],"is_beta":false,"boss_relics":[{"not_picked":["Philosopher\u0027s Stone","Astrolabe"],"picked":"Busted Crown"}],"items_purged_floors":[],"is_endless":false,"potions_floor_spawned":[1,5,10,19,29],"killed_by":"Shelled Parasite and Fungi","ascension_level":20}