{"gold_per_floor":[214,139,289,307,232,232,282,62,62,92,112,112],"floor_reached":12,"playtime":272,"items_purged":["Doubt","Strike_G"],"score":137,"play_id":"363ae816-2f44-41de-ad66-64718fdd26f5","local_time":"20190617092726","is_ascension_mode":true,"campfire_choices":[{"data":"Neutralize","floor":6,"key":"SMITH"}],"neow_cost":"NONE","seed_source_timestamp":24125079282000,"circlet_count":0,"master_deck":["AscendersBane","Defend_G","Defend_G","Defend_G","Defend_G","Defend_G","Strike_G","Strike_G","Strike_G","Survivor","Neutralize+1","Setup","Predator","Footwork","Leg Sweep","Backflip","Skewer"],"relics":["Ring of the Snake","Paper Crane","Blue Candle"],"potions_floor_usage":[10],"damage_taken":[{"damage":0,"enemies":"2 Louse","floor":1,"turns":3},{"damage":13,"enemies":"Jaw Worm","floor":4,"turns":8},{"damage":18,"enemies":"Gremlin Nob","floor":10,"turns":5},{"damage":0,"enemies":"Cultist","floor":11,"turns":5}],"seed_played":"2451219683976930147","potions_obtained":[{"floor":1,"key":"FearPotion"},{"floor":4,"key":"SpeedPotion"},{"floor":11,"key":"Swift Potion"}],"is_trial":false,"path_per_floor":["M","?","?","M","$","R","?","$","T","E","M","?"],"character_chosen":"THE_SILENT","items_purchased":["Footwork","Leg Sweep"],"campfire_rested":0,"item_purchase_floors":[8,8],"current_hp_per_floor":[59,59,59,46,46,46,40,40,40,22,22,0],"gold":112,"neow_bonus":"HUNDRED_GOLD","is_prod":false,"is_daily":false,"chose_seed":false,"campfire_upgraded":1,"win_rate":0,"timestamp":1560756446,"path_taken":["M","?","?","M","$","R","?","$","T","E","?","?"],"build_version":"2019-01-23","purchased_purges":2,"victory":false,"max_hp_per_floor":[66,66,66,66,66,66,66,66,66,66,66,66],"card_choices":[{"not_picked":["Cloak And Dagger","Riddle With Holes"],"picked":"Setup","floor":1},{"not_picked":["Riddle With Holes","Slice"],"picked":"Predator","floor":4},{"not_picked":["Prepared","Flechettes"],"picked":"Backflip","floor":10},{"not_picked":["Poisoned Stab","Underhanded Strike"],"picked":"Skewer","floor":11}],"player_experience":1386443,"relics_obtained":[{"floor":9,"key":"Paper Crane"},{"floor":10,"key":"Blue Candle"}],"event_choices":[{"cards_removed":["Strike_G"],"damage_healed":0,"gold_gain":0,"player_choice":"Card Removal","damage_taken":0,"max_hp_gain":0,"max_hp_loss":0,"event_name":"The Cleric","floor":2,"gold_loss":75},{"damage_healed":0,"gold_gain":150,"player_choice":"AGREE","damage_taken":0,"max_hp_gain":0,"max_hp_loss":0,"event_name":"Liars Game","floor":3,"gold_loss":0,"cards_obtained":["Doubt"]},{"damage_healed":0,"gold_gain":50,"player_choice":"Touch","damage_taken":6,"max_hp_gain":0,"max_hp_loss":0,"event_name":"FaceTrader","floor":7,"gold_loss":0}],"is_beta":false,"boss_relics":[],"items_purged_floors":[5,8],"is_endless":false,"potions_floor_spawned":[1,4,11],"ascension_level":16}