{"gold_per_floor":[119,194,469,482,8,8,8,8,86,86,86,236,262,278,278,278],"floor_reached":16,"playtime":322,"items_purged":["Regret"],"score":218,"play_id":"fd5e76aa-d413-4708-8d0b-577d7d5a1bc7","local_time":"20190627200917","is_ascension_mode":true,"campfire_choices":[{"data":"Neutralize","floor":6,"key":"SMITH"},{"data":"Infinite Blades","floor":8,"key":"SMITH"},{"data":"Leg Sweep","floor":10,"key":"SMITH"},{"data":"Caltrops","floor":15,"key":"SMITH"}],"neow_cost":"NONE","seed_source_timestamp":849746577319700,"circlet_count":0,"master_deck":["AscendersBane","Defend_G","Defend_G","Defend_G","Defend_G","Defend_G","Strike_G","Strike_G","Strike_G","Strike_G","Strike_G","Survivor","Neutralize+1","Calculated Gamble","Leg Sweep+1","Infinite Blades+1","Backflip","Doubt","Malaise","Caltrops+1"],"relics":["Ring of the Snake","NeowsBlessing","Shuriken","Ornamental Fan","Letter Opener","Dream Catcher"],"potions_floor_usage":[14,16],"damage_taken":[{"damage":0,"enemies":"Cultist","floor":1,"turns":1},{"damage":0,"enemies":"Small Slimes","floor":4,"turns":1},{"damage":0,"enemies":"3 Sentries","floor":13,"turns":2},{"damage":0,"enemies":"2 Louse","floor":14,"turns":3},{"damage":42,"enemies":"Slime Boss","floor":16,"turns":13}],"seed_played":"-1327161352614653823","potions_obtained":[{"floor":1,"key":"Energy Potion"},{"floor":4,"key":"Dexterity Potion"}],"is_trial":false,"path_per_floor":["M","?","?","M","$","R","?","R","T","R","?","?","E","M","R","B"],"character_chosen":"THE_SILENT","items_purchased":["Shuriken","Infinite Blades","Backflip"],"campfire_rested":0,"item_purchase_floors":[5,5,5],"current_hp_per_floor":[59,48,48,48,48,48,37,37,37,37,42,42,42,42,42,0],"gold":278,"neow_bonus":"THREE_ENEMY_KILL","is_prod":false,"is_daily":false,"chose_seed":false,"campfire_upgraded":4,"win_rate":0,"timestamp":1561658957,"path_taken":["M","?","?","?","?","R","?","R","T","R","?","?","E","?","R","BOSS"],"build_version":"2019-01-23","purchased_purges":1,"victory":false,"max_hp_per_floor":[66,66,66,66,66,66,66,66,66,66,71,71,71,71,71,71],"card_choices":[{"not_picked":["Concentrate","Bane"],"picked":"Calculated Gamble","floor":1},{"not_picked":["Poisoned Stab","Setup"],"picked":"Leg Sweep","floor":4},{"not_picked":["Outmaneuver","Dodge and Roll"],"picked":"Malaise","floor":13},{"not_picked":["Flying Knee","Poisoned Stab"],"picked":"Caltrops","floor":14}],"player_experience":1505466,"relics_obtained":[{"floor":9,"key":"Letter Opener"},{"floor":13,"key":"Dream Catcher"}],"event_choices":[{"damage_healed":0,"gold_gain":75,"player_choice":"Gather Gold","damage_taken":11,"max_hp_gain":0,"max_hp_loss":0,"event_name":"World of Goop","floor":2,"gold_loss":0},{"damage_healed":0,"gold_gain":275,"player_choice":"Desecrate","damage_taken":0,"max_hp_gain":0,"max_hp_loss":0,"event_name":"Golden Shrine","floor":3,"gold_loss":0,"cards_obtained":["Regret"]},{"damage_healed":0,"gold_gain":0,"player_choice":"Success","damage_taken":11,"relics_obtained":["Ornamental Fan"],"max_hp_gain":0,"max_hp_loss":0,"event_name":"Scrap Ooze","floor":7,"gold_loss":0},{"damage_healed":0,"gold_gain":0,"player_choice":"Donut","damage_taken":0,"max_hp_gain":5,"max_hp_loss":0,"event_name":"Big Fish","floor":11,"gold_loss":0},{"damage_healed":0,"gold_gain":150,"player_choice":"AGREE","damage_taken":0,"max_hp_gain":0,"max_hp_loss":0,"event_name":"Liars Game","floor":12,"gold_loss":0,"cards_obtained":["Doubt"]}],"is_beta":false,"boss_relics":[],"items_purged_floors":[5],"is_endless":false,"potions_floor_spawned":[1,4,13],"killed_by":"Slime Boss","ascension_level":16}