{"gold_per_floor":[113,129,129,150,150,150,194,194,194,214,214,23,42,42],"floor_reached":14,"playtime":951,"items_purged":[],"score":167,"play_id":"7f05a9d7-c3ac-4abd-9651-c8fe3ced964f","local_time":"20190704222825","is_ascension_mode":true,"campfire_choices":[{"data":"Uppercut","floor":6,"key":"SMITH"},{"data":"Bash","floor":8,"key":"SMITH"},{"data":"Spot Weakness","floor":11,"key":"SMITH"}],"neow_cost":"PERCENT_DAMAGE","seed_source_timestamp":1462282048009400,"circlet_count":0,"master_deck":["AscendersBane","Strike_R","Strike_R","Strike_R","Strike_R","Defend_R","Defend_R","Defend_R","Defend_R","Bash+1","Finesse","Dramatic Entrance","Heavy Blade","Uppercut+1","Injury","Spot Weakness+1","Havoc","Seeing Red","True Grit","Apotheosis","Metallicize"],"relics":["Burning Blood","Golden Idol","Kunai","Boot"],"potions_floor_usage":[7],"damage_taken":[{"damage":4,"enemies":"Small Slimes","floor":1,"turns":3},{"damage":6,"enemies":"2 Louse","floor":2,"turns":3},{"damage":14,"enemies":"Jaw Worm","floor":4,"turns":4},{"damage":28,"enemies":"Gremlin Nob","floor":7,"turns":4},{"damage":10,"enemies":"Blue Slaver","floor":10,"turns":3},{"damage":17,"enemies":"Large Slime","floor":13,"turns":6},{"damage":10,"enemies":"2 Fungi Beasts","floor":14,"turns":2}],"seed_played":"-1158535548342004615","potions_obtained":[{"floor":1,"key":"PowerPotion"}],"is_trial":false,"path_per_floor":["M","M","?","M","?","R","E","R","T","M","R","$","M","M"],"character_chosen":"IRONCLAD","items_purchased":["Apotheosis"],"campfire_rested":0,"item_purchase_floors":[12],"current_hp_per_floor":[52,52,52,44,44,44,22,22,22,18,18,18,7,0],"gold":42,"neow_bonus":"RANDOM_COLORLESS_2","is_prod":false,"is_daily":false,"chose_seed":false,"campfire_upgraded":3,"win_rate":0,"timestamp":1562272105,"path_taken":["M","M","?","M","?","R","E","R","T","M","R","$","M","M"],"build_version":"2019-07-01","purchased_purges":0,"victory":false,"max_hp_per_floor":[75,75,75,75,75,75,75,75,75,75,75,75,75,75],"card_choices":[{"not_picked":["Clash","Armaments"],"picked":"Heavy Blade","floor":1},{"not_picked":["Thunderclap","Cleave"],"picked":"Uppercut","floor":2},{"not_picked":["Shrug It Off","Rampage"],"picked":"Spot Weakness","floor":4},{"not_picked":["Spot Weakness","Searing Blow"],"picked":"Seeing Red","floor":7},{"not_picked":["Armaments","Wild Strike"],"picked":"True Grit","floor":10},{"not_picked":["Clothesline","Impervious"],"picked":"Metallicize","floor":13}],"player_experience":1587114,"relics_obtained":[{"floor":7,"key":"Kunai"},{"floor":9,"key":"Boot"}],"event_choices":[{"damage_healed":0,"gold_gain":0,"player_choice":"Take Wound","damage_taken":0,"relics_obtained":["Golden Idol"],"max_hp_gain":0,"max_hp_loss":0,"event_name":"Golden Idol","floor":3,"gold_loss":0,"cards_obtained":["Injury"]},{"damage_healed":0,"gold_gain":0,"cards_transformed":["Strike_R"],"player_choice":"Change","damage_taken":0,"max_hp_gain":0,"max_hp_loss":0,"event_name":"Living Wall","floor":5,"gold_loss":0,"cards_obtained":["Havoc"]}],"is_beta":false,"boss_relics":[],"items_purged_floors":[],"is_endless":false,"potions_floor_spawned":[1],"killed_by":"2 Fungi Beasts","ascension_level":17}