{"gold_per_floor":[113,38,38,57,57,57,100,100,174,174,212,230,255,269,269,367,367,383,28,51,51,67,67],"floor_reached":23,"playtime":933,"items_purged":["Strike_R","Strike_R"],"score":392,"play_id":"8f52c228-a6c9-47f1-8b82-22f9350234dc","local_time":"20181029225203","is_ascension_mode":true,"campfire_choices":[{"data":"Searing Blow","floor":6,"key":"SMITH"},{"data":"Searing Blow+1","floor":8,"key":"SMITH"},{"data":"Searing Blow+2","floor":10,"key":"SMITH"},{"data":"Searing Blow+3","floor":15,"key":"SMITH"}],"neow_cost":"NONE","seed_source_timestamp":137231490363720,"circlet_count":0,"master_deck":["Strike_R","Strike_R","Strike_R","Defend_R","Defend_R","Defend_R","Defend_R","Bash","AscendersBane","Searing Blow+4","Uppercut","Pommel Strike","Feed","Combust","Exhume","Flame Barrier+1","Shockwave"],"relics":["Snecko Eye","Golden Idol","Omamori","Strawberry","The Courier","Self Forming Clay","Busted Crown","Molten Egg 2"],"potions_floor_usage":[16,22],"damage_taken":[{"damage":0,"enemies":"Cultist","floor":1,"turns":2},{"damage":0,"enemies":"2 Louse","floor":4,"turns":2},{"damage":6,"enemies":"Gremlin Nob","floor":7,"turns":3},{"damage":20,"enemies":"3 Sentries","floor":11,"turns":4},{"damage":4,"enemies":"Jaw Worm","floor":12,"turns":2},{"damage":0,"enemies":"Large Slime","floor":13,"turns":2},{"damage":13,"enemies":"Blue Slaver","floor":14,"turns":2},{"damage":12,"enemies":"Hexaghost","floor":16,"turns":7},{"damage":0,"enemies":"Shell Parasite","floor":18,"turns":1},{"damage":2,"enemies":"2 Thieves","floor":20,"turns":3},{"damage":28,"enemies":"Snake Plant","floor":22,"turns":4},{"damage":43,"enemies":"Slavers","floor":23,"turns":4}],"seed_played":"-3299286351366515209","potions_obtained":[{"floor":4,"key":"GamblersBrew"},{"floor":11,"key":"Dexterity Potion"},{"floor":16,"key":"GamblersBrew"},{"floor":18,"key":"SteroidPotion"}],"is_trial":false,"path_per_floor":["M","$","?","M","?","R","E","R","T","R","E","M","M","M","R","B",null,"M","$","M","$","M"],"character_chosen":"IRONCLAD","items_purchased":["Molten Egg 2","Shockwave"],"campfire_rested":0,"item_purchase_floors":[19,19],"current_hp_per_floor":[68,68,68,68,63,63,64,64,64,64,44,40,40,30,30,18,63,63,63,64,64,36,0],"gold":67,"neow_bonus":"BOSS_RELIC","is_prod":false,"is_daily":false,"chose_seed":false,"campfire_upgraded":4,"win_rate":0,"timestamp":1540853523,"path_taken":["M","$","?","M","?","R","E","R","T","R","E","M","M","M","R","BOSS","M","?","M","$","M","E"],"build_version":"2018-10-25v2","purchased_purges":2,"victory":false,"max_hp_per_floor":[75,75,68,68,68,68,75,75,75,75,75,75,75,78,78,78,78,78,78,81,81,81,81],"card_choices":[{"not_picked":["Body Slam","Sword Boomerang"],"picked":"Searing Blow","floor":1},{"not_picked":["Battle Trance","Ghostly Armor"],"picked":"Uppercut","floor":4},{"not_picked":["Hemokinesis","True Grit","Intimidate"],"picked":"SKIP","floor":7},{"not_picked":["Hemokinesis","Heavy Blade","Wild Strike"],"picked":"SKIP","floor":11},{"not_picked":["Warcry","Havoc"],"picked":"Pommel Strike","floor":12},{"not_picked":["Body Slam","Headbutt"],"picked":"Feed","floor":13},{"not_picked":["Anger","Clothesline"],"picked":"Combust","floor":14},{"not_picked":["Juggernaut","Limit Break"],"picked":"Exhume","floor":16},{"not_picked":[],"picked":"Flame Barrier+1","floor":18},{"not_picked":["Iron Wave+1"],"picked":"SKIP","floor":20},{"not_picked":["Rupture+1"],"picked":"SKIP","floor":22},{"not_picked":["Rupture+1"],"picked":"SKIP","floor":22}],"player_experience":939352,"relics_obtained":[{"floor":7,"key":"Strawberry"},{"floor":9,"key":"The Courier"},{"floor":11,"key":"Self Forming Clay"}],"event_choices":[{"damage_healed":0,"gold_gain":0,"player_choice":"Lose Max HP","damage_taken":0,"relics_obtained":["Golden Idol"],"max_hp_gain":0,"max_hp_loss":7,"event_name":"Golden Idol","floor":3,"gold_loss":0},{"damage_healed":0,"gold_gain":0,"player_choice":"Success","damage_taken":5,"relics_obtained":["Omamori"],"max_hp_gain":0,"max_hp_loss":0,"event_name":"Scrap Ooze","floor":5,"gold_loss":0}],"is_beta":false,"boss_relics":[{"not_picked":["Runic Cube","Runic Dome"],"picked":"Busted Crown"}],"items_purged_floors":[2,19],"is_endless":false,"potions_floor_spawned":[4,11,13,16,18,20],"killed_by":"Slavers","ascension_level":19}