{"gold_per_floor":[219,237,16,16,27,27,57,57,126,126,126,137,149,166,166,242,242,259,259,273,273,284,284,284,300,380,399,159,170,15,34,34,105,105,119,168,178,196,196,196,230,240,240,240],"floor_reached":44,"playtime":3062,"items_purged":["Strike_B"],"score":755,"play_id":"7577c985-1d42-4729-bcb8-77f2d9754f23","local_time":"20180922012710","is_ascension_mode":true,"campfire_choices":[{"data":"Genetic Algorithm","floor":6,"key":"SMITH"},{"data":"Sunder","floor":8,"key":"SMITH"},{"floor":11,"key":"REST"},{"data":"Streamline","floor":15,"key":"SMITH"},{"data":"Sweeping Beam","floor":23,"key":"SMITH"},{"floor":32,"key":"REST"},{"data":"Sunder","floor":40,"key":"SMITH"}],"neow_cost":"NONE","seed_source_timestamp":16324792387319,"circlet_count":0,"master_deck":["Defend_B","Defend_B","Defend_B","Zap","Dualcast","AscendersBane","Gash","Glacier","Genetic Algorithm+1","Sunder+1","Hologram","Stack","Streamline+1","Echo Form","Auto Shields+1","Multi-Cast+1","FTL+1","Rebound","Sweeping Beam+1","Capacitor","Gash","Seek","Doom and Gloom","Sunder+1","Defragment","Coolheaded","Electrodynamics","Redo","Static Discharge","Go for the Eyes+1","Reinforced Body","Turbo+1","Regret"],"relics":["Cracked Core","Omamori","Strawberry","Gremlin Horn","Mercury Hourglass","Astrolabe","Necronomicon","Blue Candle","Shuriken","Cursed Key","Pocketwatch","Peace Pipe","Calipers"],"potions_floor_usage":[7,16,33,33,38,44,44],"damage_taken":[{"damage":6,"enemies":"Cultist","floor":1,"turns":3},{"damage":0,"enemies":"2 Louse","floor":2,"turns":3},{"damage":4,"enemies":"Jaw Worm","floor":5,"turns":5},{"damage":14,"enemies":"3 Sentries","floor":7,"turns":13},{"damage":0,"enemies":"Large Slime","floor":12,"turns":4},{"damage":5,"enemies":"Looter","floor":13,"turns":3},{"damage":0,"enemies":"Red Slaver","floor":14,"turns":3},{"damage":41,"enemies":"Hexaghost","floor":16,"turns":10},{"damage":9,"enemies":"Chosen","floor":18,"turns":4},{"damage":2,"enemies":"Shell Parasite","floor":20,"turns":7},{"damage":3,"enemies":"Snake Plant","floor":22,"turns":3},{"damage":3,"enemies":"Chosen and Byrds","floor":25,"turns":5},{"damage":2,"enemies":"Cultist and Chosen","floor":27,"turns":6},{"damage":24,"enemies":"Snake Plant","floor":29,"turns":2},{"damage":0,"enemies":"3 Cultists","floor":31,"turns":3},{"damage":44,"enemies":"Champ","floor":33,"turns":13},{"damage":14,"enemies":"3 Darklings","floor":35,"turns":3},{"damage":8,"enemies":"Mysterious Sphere","floor":36,"turns":4},{"damage":4,"enemies":"3 Shapes","floor":37,"turns":5},{"damage":26,"enemies":"Reptomancer","floor":38,"turns":4},{"damage":18,"enemies":"Giant Head","floor":41,"turns":10},{"damage":6,"enemies":"Maw","floor":42,"turns":6},{"damage":7,"enemies":"Spire Growth","floor":44,"turns":2}],"seed_played":"4953980662984071386","potions_obtained":[{"floor":1,"key":"Dexterity Potion"},{"floor":5,"key":"GamblersBrew"},{"floor":12,"key":"SpeedPotion"},{"floor":13,"key":"SteroidPotion"},{"floor":16,"key":"GamblersBrew"},{"floor":20,"key":"Ancient Potion"},{"floor":33,"key":"SkillPotion"},{"floor":35,"key":"Strength Potion"},{"floor":38,"key":"Strength Potion"}],"is_trial":false,"path_per_floor":["M","M","$","?","M","R","E","R","T","?","R","M","M","M","R","B",null,"M","?","M","?","M","R","?","M","T","M","$","M","$","M","R","B",null,"M","?","M","M","?","R","E","M","T"],"character_chosen":"DEFECT","items_purchased":["Omamori","Shuriken","Sunder","Defragment"],"campfire_rested":2,"item_purchase_floors":[3,28,30,30],"current_hp_per_floor":[58,58,58,47,43,43,29,29,29,29,52,52,47,47,47,6,60,51,77,75,75,72,72,56,53,53,51,51,27,27,27,50,6,60,46,38,34,8,28,28,10,4,4,0],"gold":240,"neow_bonus":"HUNDRED_GOLD","is_prod":false,"is_daily":false,"chose_seed":false,"campfire_upgraded":5,"win_rate":0,"timestamp":1537576030,"path_taken":["M","M","$","?","M","R","E","R","T","?","R","M","M","?","R","BOSS","M","?","M","?","?","R","?","M","T","M","$","M","$","M","R","BOSS","M","?","M","M","?","R","E","M","T","M"],"build_version":"2018-09-20","purchased_purges":1,"victory":false,"max_hp_per_floor":[71,71,71,78,78,78,78,78,78,78,78,78,78,78,78,78,78,78,78,78,78,78,78,78,78,78,78,78,78,78,78,78,78,78,78,78,78,78,78,78,78,78,78,78],"card_choices":[{"not_picked":["Auto Shields","Rebound"],"picked":"Gash","floor":1},{"not_picked":["Go for the Eyes","Self Repair"],"picked":"Glacier","floor":2},{"not_picked":["Cold Snap","Conserve Battery"],"picked":"Genetic Algorithm","floor":5},{"not_picked":["Turbo","Multi-Cast"],"picked":"Sunder","floor":7},{"not_picked":["Redo","FTL"],"picked":"Hologram","floor":12},{"not_picked":["Beam Cell","Blizzard"],"picked":"Stack","floor":13},{"not_picked":["Hologram","Compile Driver"],"picked":"Streamline","floor":14},{"not_picked":["Thunder Strike","Meteor Strike"],"picked":"Echo Form","floor":16},{"not_picked":["Steam+1","Barrage"],"picked":"Rebound","floor":18},{"not_picked":["Redo","Rebound"],"picked":"Sweeping Beam","floor":20},{"not_picked":["Consume","Blizzard"],"picked":"Capacitor","floor":22},{"not_picked":["Tempest","Streamline"],"picked":"Gash","floor":25},{"not_picked":["Go for the Eyes","Recycle"],"picked":"Seek","floor":27},{"not_picked":["Fusion+1","Streamline"],"picked":"Doom and Gloom","floor":29},{"not_picked":["Rip and Tear","Barrage"],"picked":"Coolheaded","floor":31},{"not_picked":["Machine Learning","Reboot"],"picked":"Electrodynamics","floor":33},{"not_picked":["Melter","Rebound"],"picked":"Redo","floor":35},{"not_picked":["Chaos","Lockon"],"picked":"Static Discharge","floor":36},{"not_picked":["Rebound+1","Hologram"],"picked":"Go for the Eyes+1","floor":37},{"not_picked":["Stack","Rainbow"],"picked":"Reinforced Body","floor":38},{"not_picked":["Go for the Eyes","Scrape"],"picked":"Turbo+1","floor":41},{"not_picked":["Compile Driver","Doom and Gloom","Redo"],"picked":"SKIP","floor":42}],"player_experience":754811,"relics_obtained":[{"floor":7,"key":"Gremlin Horn"},{"floor":9,"key":"Mercury Hourglass"},{"floor":24,"key":"Necronomicon"},{"floor":26,"key":"Blue Candle"},{"floor":36,"key":"Pocketwatch"},{"floor":41,"key":"Peace Pipe"},{"floor":43,"key":"Calipers"}],"event_choices":[{"event_name":"Scrap Ooze","player_choice":"success","floor":4,"damage_taken":18},{"event_name":"Liars Game","player_choice":"disagreed","floor":10,"damage_taken":0},{"event_name":"The Library","player_choice":"Heal","floor":19,"damage_taken":0},{"event_name":"Bonfire Elementals","player_choice":"BASIC","floor":21,"damage_taken":0},{"event_name":"Cursed Tome","player_choice":"Obtained Book","floor":24,"damage_taken":0},{"event_name":"Mysterious Sphere","player_choice":"Fight","floor":36,"damage_taken":0},{"event_name":"Winding Halls","player_choice":"Writhe","floor":39,"damage_taken":0}],"is_beta":false,"boss_relics":[{"not_picked":["White Beast Statue","Tiny House"],"picked":"Astrolabe"},{"not_picked":["Orrery","Runic Pyramid"],"picked":"Cursed Key"}],"items_purged_floors":[3],"is_endless":false,"potions_floor_spawned":[1,5,12,13,16,20,29,33,35,38],"killed_by":"Spire Growth","ascension_level":14}