{"gold_per_floor":[113,113,124,24,37,37,66,134,134,134,134,162,162,174,174,174],"floor_reached":16,"playtime":597,"items_purged":["Strike_G"],"score":194,"play_id":"05b941dd-ba1a-4c8f-92bd-4523245f6e0b","local_time":"20190622122724","is_ascension_mode":true,"campfire_choices":[{"data":"Neutralize","floor":6,"key":"SMITH"},{"data":"Dash","floor":11,"key":"SMITH"},{"floor":13,"key":"REST"},{"data":"Flechettes","floor":15,"key":"SMITH"}],"neow_cost":"PERCENT_DAMAGE","seed_source_timestamp":389747837079900,"circlet_count":0,"master_deck":["AscendersBane","Defend_G","Defend_G","Defend_G","Defend_G","Defend_G","Strike_G","Strike_G","Strike_G","Survivor","Neutralize+1","Flechettes+1","Dash+1","Poisoned Stab","Cloak And Dagger","Deadly Poison","Distraction","Blade Dance","Flying Knee"],"relics":["Ring of the Snake","Gremlin Horn","Bottled Lightning","Ninja Scroll"],"potions_floor_usage":[12,16],"damage_taken":[{"damage":0,"enemies":"Cultist","floor":1,"turns":4},{"damage":0,"enemies":"Small Slimes","floor":3,"turns":4},{"damage":0,"enemies":"2 Louse","floor":5,"turns":2},{"damage":30,"enemies":"Gremlin Nob","floor":7,"turns":6},{"damage":15,"enemies":"3 Sentries","floor":12,"turns":10},{"damage":0,"enemies":"Exordium Thugs","floor":14,"turns":4},{"damage":41,"enemies":"Slime Boss","floor":16,"turns":9}],"seed_played":"-2474519351543112849","potions_obtained":[{"floor":5,"key":"Ancient Potion"},{"floor":7,"key":"AttackPotion"},{"floor":14,"key":"GhostInAJar"}],"is_trial":false,"path_per_floor":["M","$","M","$","M","R","E","?","T","?","R","E","R","M","R","B"],"character_chosen":"THE_SILENT","items_purchased":["Poisoned Stab"],"campfire_rested":1,"item_purchase_floors":[4],"current_hp_per_floor":[56,56,56,56,56,56,26,26,26,26,26,11,34,34,34,0],"gold":174,"neow_bonus":"TWENTY_PERCENT_HP_BONUS","is_prod":false,"is_daily":false,"chose_seed":false,"campfire_upgraded":3,"win_rate":0,"timestamp":1561199244,"path_taken":["M","?","M","$","M","R","E","?","T","?","R","E","R","?","R","BOSS"],"build_version":"2019-01-23","purchased_purges":1,"victory":false,"max_hp_per_floor":[78,78,78,78,78,78,78,78,78,78,78,78,78,78,78,78],"card_choices":[{"not_picked":["Sucker Punch","Dagger Throw"],"picked":"Flechettes","floor":1},{"not_picked":["Slice","Poisoned Stab"],"picked":"Dash","floor":3},{"not_picked":["Riddle With Holes","Heel Hook"],"picked":"Cloak And Dagger","floor":5},{"not_picked":["Distraction","Deflect"],"picked":"Deadly Poison","floor":7},{"not_picked":["Quick Slash","Prepared"],"picked":"Blade Dance","floor":12},{"not_picked":["Acrobatics","Blade Dance"],"picked":"Flying Knee","floor":14}],"player_experience":1434146,"relics_obtained":[{"floor":7,"key":"Gremlin Horn"},{"floor":9,"key":"Bottled Lightning"},{"floor":12,"key":"Ninja Scroll"}],"event_choices":[{"damage_healed":0,"gold_gain":68,"player_choice":"Gained Gold","damage_taken":0,"max_hp_gain":0,"max_hp_loss":0,"event_name":"Golden Wing","floor":8,"gold_loss":0},{"damage_healed":0,"gold_gain":0,"cards_transformed":["Strike_G"],"player_choice":"Change","damage_taken":0,"max_hp_gain":0,"max_hp_loss":0,"event_name":"Living Wall","floor":10,"gold_loss":0,"cards_obtained":["Distraction"]}],"is_beta":false,"boss_relics":[],"items_purged_floors":[4],"is_endless":false,"potions_floor_spawned":[5,7,14],"killed_by":"Slime Boss","ascension_level":16}