{"gold_per_floor":[113,128,146,146,296,296,334,334,334,369,369],"floor_reached":11,"playtime":434,"items_purged":[],"score":187,"play_id":"0b76d4f4-72a3-4691-ad9b-380eda8aab4d","local_time":"20181123234407","is_ascension_mode":true,"campfire_choices":[{"data":"Feed","floor":6.0,"key":"SMITH"},{"floor":8.0,"key":"REST"}],"neow_cost":"NONE","seed_source_timestamp":795076682387225,"circlet_count":0,"master_deck":["AscendersBane","Strike_R","Strike_R","Strike_R","Strike_R","Strike_R","Defend_R","Defend_R","Defend_R","Defend_R","Bash","Heavy Blade","Feed+1","Pommel Strike","Injury","Doubt","Feed","Spot Weakness"],"special_seed":0,"relics":["Burning Blood","Golden Idol","Girya","Turnip","Ancient Tea Set"],"potions_floor_usage":[],"damage_taken":[{"damage":7.0,"enemies":"Cultist","floor":1.0,"turns":4.0},{"damage":0.0,"enemies":"2 Louse","floor":2.0,"turns":2.0},{"damage":10.0,"enemies":"Small Slimes","floor":3.0,"turns":4.0},{"damage":56.0,"enemies":"Lagavulin","floor":7.0,"turns":9.0},{"damage":65.0,"enemies":"3 Sentries","floor":10.0,"turns":14.0},{"damage":8,"enemies":"Blue Slaver","floor":11,"turns":1}],"seed_played":"-2804131840554626172","potions_obtained":[{"floor":2.0,"key":"Dexterity Potion"}],"is_trial":false,"path_per_floor":["M","M","M","?","?","R","E","R","T","E","M"],"character_chosen":"IRONCLAD","items_purchased":[],"campfire_rested":1,"item_purchase_floors":[],"current_hp_per_floor":[74,80,79,79,79,79,33,59,59,7,0],"gold":369,"neow_bonus":"TEN_PERCENT_HP_BONUS","is_prod":false,"is_daily":false,"chose_seed":false,"campfire_upgraded":1,"win_rate":0,"timestamp":1543013047,"path_taken":["M","?","M","?","?","R","E","R","T","E","M"],"build_version":"2018-11-15","purchased_purges":0,"victory":false,"max_hp_per_floor":[82,82,85,85,85,85,89,89,89,96,96],"card_choices":[{"not_picked":["Feel No Pain","Twin Strike"],"picked":"Heavy Blade","floor":1.0},{"not_picked":["Body Slam","Headbutt"],"picked":"Feed","floor":2.0},{"not_picked":["Corruption","Rage"],"picked":"Pommel Strike","floor":3.0},{"not_picked":["Heavy Blade","Rupture"],"picked":"Feed","floor":7.0},{"not_picked":["Battle Trance","Clothesline"],"picked":"Spot Weakness","floor":10.0}],"player_experience":507392,"relics_obtained":[{"floor":7.0,"key":"Girya"},{"floor":9.0,"key":"Turnip"},{"floor":10.0,"key":"Ancient Tea Set"}],"event_choices":[{"damage_healed":0.0,"max_hp_gain":0.0,"max_hp_loss":0.0,"gold_gain":0.0,"event_name":"Golden Idol","player_choice":"Take Wound","floor":4.0,"gold_loss":0.0,"damage_taken":0.0,"relics_obtained":["Golden Idol"],"cards_obtained":["Injury"]},{"damage_healed":0.0,"max_hp_gain":0.0,"max_hp_loss":0.0,"gold_gain":150.0,"event_name":"Liars Game","player_choice":"AGREE","floor":5.0,"gold_loss":0.0,"damage_taken":0.0,"cards_obtained":["Doubt"]}],"is_beta":false,"boss_relics":[],"items_purged_floors":[],"is_endless":false,"potions_floor_spawned":[2],"killed_by":"Blue Slaver","ascension_level":20}