{"gold_per_floor":[116,146,163,45,61,93,105,150,185,197],"floor_reached":10,"playtime":467,"items_purged":[],"score":125,"play_id":"95be272b-9e0e-459c-8c5a-94c3ca5030d9","local_time":"20181031221140","is_ascension_mode":true,"campfire_choices":[{"floor":7,"key":"REST"}],"neow_cost":"NONE","seed_source_timestamp":308084149696829,"circlet_count":0,"master_deck":["Defend_G","Defend_G","Defend_G","Defend_G","Defend_G","Strike_G","Strike_G","Strike_G","Strike_G","Strike_G","Survivor","Neutralize","AscendersBane","Dagger Throw","Footwork","Quick Slash","Slice","Calculated Gamble"],"relics":["Runic Pyramid","Tiny Chest","MawBank","Gremlin Horn","Regal Pillow"],"potions_floor_usage":[6,8],"damage_taken":[{"damage":1,"enemies":"Small Slimes","floor":1,"turns":4},{"damage":7,"enemies":"Jaw Worm","floor":3,"turns":4},{"damage":0,"enemies":"2 Louse","floor":5,"turns":3},{"damage":35,"enemies":"Lagavulin","floor":6,"turns":8},{"damage":24,"enemies":"Gremlin Nob","floor":8,"turns":4},{"damage":18,"enemies":"Lagavulin","floor":10,"turns":10}],"seed_played":"-5754112736054736411","potions_obtained":[{"floor":3,"key":"GamblersBrew"},{"floor":6,"key":"FearPotion"}],"is_trial":false,"path_per_floor":["M","?","M","$","M","E","R","E","T"],"character_chosen":"THE_SILENT","items_purchased":["Footwork","Fire Potion"],"campfire_rested":1,"item_purchase_floors":[4,4],"current_hp_per_floor":[62,50,43,43,43,8,29,5,5,0],"gold":197,"neow_bonus":"BOSS_RELIC","is_prod":false,"is_daily":false,"chose_seed":false,"campfire_upgraded":0,"win_rate":0,"timestamp":1541023900,"path_taken":["M","?","M","$","M","E","R","E","T","E"],"build_version":"2018-10-25v2","purchased_purges":0,"victory":false,"max_hp_per_floor":[70,70,70,70,70,70,70,70,70,70],"card_choices":[{"not_picked":["Bane","Flying Knee"],"picked":"Dagger Throw","floor":1},{"not_picked":["Dodge and Roll","Bane","Cloak And Dagger"],"picked":"SKIP","floor":3},{"not_picked":["Riddle With Holes","Cloak And Dagger"],"picked":"Quick Slash","floor":5},{"not_picked":["Prepared","Riddle With Holes"],"picked":"Slice","floor":6},{"not_picked":["Acrobatics","Deadly Poison"],"picked":"Calculated Gamble","floor":8}],"player_experience":953555,"relics_obtained":[{"floor":6,"key":"MawBank"},{"floor":8,"key":"Gremlin Horn"},{"floor":9,"key":"Regal Pillow"}],"event_choices":[{"damage_healed":0,"gold_gain":0,"player_choice":"Success","damage_taken":12,"relics_obtained":["Tiny Chest"],"max_hp_gain":0,"max_hp_loss":0,"event_name":"Scrap Ooze","floor":2,"gold_loss":0}],"is_beta":false,"boss_relics":[],"items_purged_floors":[],"is_endless":false,"potions_floor_spawned":[3,6],"killed_by":"Lagavulin","ascension_level":13}