{"gold_per_floor":[214,389,389,99,46,46,63,81,106,106,106,140,140,169,169,266,266,281,28,28,28,0,28,28,28,28,28,28,47,47,82,82,184,184,197,121,121,40,50,50,67,98,98,98,98,98,117,147,147,147],"floor_reached":51,"playtime":5089,"items_purged":["Doubt"],"score":1005,"play_id":"35b92364-5d63-4da1-9db1-62066520e815","local_time":"20180827130920","is_ascension_mode":true,"campfire_choices":[{"data":"Stack","floor":6.0,"key":"SMITH"},{"data":"Defragment","floor":10.0,"key":"SMITH"},{"data":"Zap","floor":13.0,"key":"SMITH"},{"floor":15.0,"key":"REST"},{"data":"Beam Cell","floor":25.0,"key":"SMITH"},{"floor":27.0,"key":"REST"},{"data":"Multi-Cast","floor":32,"key":"SMITH"},{"data":"Capacitor","floor":40,"key":"SMITH"},{"floor":44,"key":"REST"},{"data":"Defragment","floor":49,"key":"SMITH"}],"neow_cost":"NONE","seed_source_timestamp":0,"circlet_count":0,"master_deck":["Zap+1","Dualcast","Glacier","Stack+1","Sweeping Beam","Coolheaded","Defragment+1","Steam","Multi-Cast+1","Hello World","Beam Cell+1","Stack","FTL","Coolheaded","Steam","Turbo","Hologram+1","Scrape","Echo Form","Aggregate","Capacitor+1","Defragment+1","Hello World+1","Sweeping Beam+1","Go for the Eyes","Defragment+1"],"special_seed":0,"relics":["Cracked Core","Potion Belt","Bag of Preparation","Lantern","Oddly Smooth Stone","DataDisk","Anchor","Pandora\u0027s Box","Gremlin Horn","Orichalcum","Ornamental Fan","Nunchaku","White Beast Statue","Bottled Tornado","Question Card","Blue Candle"],"potions_floor_usage":[33,47,50,50,50],"damage_taken":[{"damage":1.0,"enemies":"Cultist","floor":1.0,"turns":4.0},{"damage":0.0,"enemies":"Jaw Worm","floor":7.0,"turns":5.0},{"damage":7.0,"enemies":"Small Slimes","floor":8.0,"turns":3.0},{"damage":2.0,"enemies":"Lagavulin","floor":12.0,"turns":9.0},{"damage":3.0,"enemies":"3 Sentries","floor":14.0,"turns":8.0},{"damage":13.0,"enemies":"Slime Boss","floor":16.0,"turns":16.0},{"damage":0.0,"enemies":"3 Byrds","floor":18.0,"turns":5.0},{"damage":0.0,"enemies":"2 Thieves","floor":22.0,"turns":5.0},{"damage":12.0,"enemies":"Slavers","floor":23.0,"turns":8.0},{"damage":0.0,"enemies":"Chosen and Byrds","floor":29.0,"turns":8.0},{"damage":11,"enemies":"Book of Stabbing","floor":31,"turns":9},{"damage":19,"enemies":"Collector","floor":33,"turns":27},{"damage":3,"enemies":"Flame Bruiser 1 Orb","floor":35,"turns":8},{"damage":7,"enemies":"Orb Walker","floor":39,"turns":6},{"damage":0,"enemies":"Maw","floor":41,"turns":9},{"damage":29,"enemies":"Nemesis","floor":42,"turns":11},{"damage":3,"enemies":"Sphere and 2 Shapes","floor":47,"turns":9},{"damage":0,"enemies":"Giant Head","floor":48,"turns":12},{"damage":2,"enemies":"Donu and Deca","floor":50,"turns":14}],"seed_played":"1935352694549667987","potions_obtained":[{"floor":1.0,"key":"FocusPotion"},{"floor":12.0,"key":"Block Potion"},{"floor":16.0,"key":"EssenceOfSteel"},{"floor":18.0,"key":"Ancient Potion"},{"floor":31,"key":"EssenceOfSteel"},{"floor":35,"key":"EssenceOfSteel"},{"floor":39,"key":"Explosive Potion"},{"floor":41,"key":"Swift Potion"},{"floor":42,"key":"Poison Potion"},{"floor":47,"key":"FearPotion"},{"floor":48,"key":"FocusPotion"}],"is_trial":false,"path_per_floor":["M","?","?","$","$","R","M","M","T","R","?","E","R","E","R","B",null,"M","$","?","$","M","E","$","R","T","R","?","M","?","E","R","B",null,"M","$","?","$","M","R","M","E","T","R","?","$","M","E","R","B"],"character_chosen":"DEFECT","items_purchased":["Bag of Preparation","Stack","Sweeping Beam","Coolheaded","Gremlin Horn","Capacitor","Defragment"],"campfire_rested":3,"item_purchase_floors":[4,4,4,5,19,36,38],"current_hp_per_floor":[67,67,42,42,42,42,42,35,35,35,35,33,33,30,52,39,66,66,66,66,66,66,54,54,54,54,75,75,75,75,64,64,45,68,65,65,65,65,58,58,58,29,29,51,51,51,48,48,48,46],"gold":147,"neow_bonus":"HUNDRED_GOLD","is_prod":false,"is_daily":false,"chose_seed":false,"campfire_upgraded":7,"win_rate":0,"timestamp":1535371760,"path_taken":["M","?","?","?","$","R","M","?","T","R","?","E","R","E","R","BOSS","M","?","?","$","M","E","$","R","T","R","?","M","?","E","R","BOSS","M","$","?","$","M","R","M","E","T","R","?","?","?","E","R","BOSS"],"build_version":"2018-08-23v2","purchased_purges":1,"victory":true,"max_hp_per_floor":[75,75,75,75,75,75,75,75,75,75,75,75,75,75,75,75,75,75,75,75,75,75,75,75,75,75,75,75,75,75,75,75,75,75,75,75,75,75,75,75,75,75,75,75,75,75,75,75,75,75],"card_choices":[{"not_picked":["Recycle","Storm"],"picked":"Glacier","floor":1.0},{"not_picked":["Chaos","Barrage","Coolheaded"],"picked":"SKIP","floor":7.0},{"not_picked":["Stack","Hologram"],"picked":"Defragment","floor":8.0},{"not_picked":["Melter","Blizzard"],"picked":"Steam","floor":12.0},{"not_picked":["Sweeping Beam","Leap","Rebound"],"picked":"SKIP","floor":14.0},{"not_picked":["Fission","Thunder Strike"],"picked":"Multi-Cast","floor":16.0},{"not_picked":["Gash","Beam Cell","Compile Driver"],"picked":"SKIP","floor":18.0},{"not_picked":["Turbo","Coolheaded","Beam Cell"],"picked":"SKIP","floor":22.0},{"not_picked":["Stack","Leap"],"picked":"Hologram+1","floor":23.0},{"not_picked":["Barrage","Tempest","Go for the Eyes"],"picked":"SKIP","floor":29.0},{"not_picked":["Stack","Fusion"],"picked":"Scrape","floor":31},{"not_picked":["Seek","Machine Learning"],"picked":"Echo Form","floor":33},{"not_picked":["Turbo","Leap+1"],"picked":"Aggregate","floor":35},{"not_picked":["Barrage","Conserve Battery"],"picked":"Hello World+1","floor":39},{"not_picked":["BootSequence","Stack"],"picked":"Sweeping Beam+1","floor":41},{"not_picked":["Sweeping Beam+1","Self Repair"],"picked":"Go for the Eyes","floor":42},{"not_picked":["Storm","Go for the Eyes","Gash","Coolheaded+1"],"picked":"SKIP","floor":47},{"not_picked":["Multi-Cast","Coolheaded+1","Compile Driver","Cold Snap"],"picked":"SKIP","floor":48}],"player_experience":608178,"relics_obtained":[{"floor":9.0,"key":"Lantern"},{"floor":12.0,"key":"DataDisk"},{"floor":14.0,"key":"Anchor"},{"floor":23.0,"key":"Orichalcum"},{"floor":26.0,"key":"Ornamental Fan"},{"floor":31,"key":"Nunchaku"},{"floor":42,"key":"Bottled Tornado"},{"floor":43,"key":"Question Card"},{"floor":48,"key":"Blue Candle"}],"event_choices":[{"event_name":"Liars Game","player_choice":"agreed","floor":2.0,"damage_taken":0.0},{"event_name":"Scrap Ooze","player_choice":"success","floor":3.0,"damage_taken":25.0},{"event_name":"WeMeetAgain","player_choice":"Potion","floor":11.0,"damage_taken":0.0},{"event_name":"Back to Basics","player_choice":"Elegance","floor":20.0,"damage_taken":0.0},{"event_name":"Beggar","player_choice":"Ignored","floor":28.0,"damage_taken":0.0},{"event_name":"Transmorgrifier","player_choice":"Skipped","floor":30,"damage_taken":0},{"event_name":"Tomb of Lord Red Mask","player_choice":"Ignored","floor":37,"damage_taken":0},{"event_name":"Duplicator","player_choice":"One dupe","floor":45,"damage_taken":0}],"is_beta":false,"boss_relics":[{"not_picked":["Empty Cage","Orrery"],"picked":"Pandora\u0027s Box"},{"not_picked":["Tiny House","Velvet Choker"],"picked":"White Beast Statue"}],"items_purged_floors":[4],"is_endless":false,"potions_floor_spawned":[1,12,16,18,31,35,39,41,42,47,48],"ascension_level":8}