{"gold_per_floor":[113,38,55,55,55,55,74,74,101,101,101,113,11,36,36,141,141,116,116,41,41,41,41,72,72,125,140,153,170,170,190,190],"floor_reached":32,"playtime":1559,"items_purged":["Strike_G"],"score":258,"play_id":"6792500c-eb14-4311-9b8e-4c2418fe2a58","local_time":"20191007103244","is_ascension_mode":false,"campfire_choices":[{"data":"Neutralize","floor":6.0,"key":"SMITH"},{"data":"Sucker Punch","floor":8.0,"key":"SMITH"},{"data":"Footwork","floor":15.0,"key":"SMITH"},{"data":"Backflip","floor":23.0,"key":"SMITH"},{"data":"Quick Slash","floor":25.0,"key":"SMITH"},{"data":"Skewer","floor":30,"key":"SMITH"}],"neow_cost":"NONE","seed_source_timestamp":0,"circlet_count":0,"master_deck":["Defend_G","Defend_G","Defend_G+1","Defend_G","Defend_G","Survivor","Neutralize+1","Sucker Punch+1","Backflip+1","Footwork+1","Quick Slash+1","Malaise+1","Blade Dance+1","Terror+1","Venomology","Skewer+1","Well Laid Plans"],"special_seed":0,"relics":["Ring of the Snake","Juzu Bracelet","Smiling Mask","Coffee Dripper","Pen Nib","Anchor"],"potions_floor_usage":[31],"damage_taken":[{"damage":0.0,"enemies":"Small Slimes","floor":1.0,"turns":4.0},{"damage":3.0,"enemies":"2 Louse","floor":3.0,"turns":3.0},{"damage":0.0,"enemies":"Jaw Worm","floor":7.0,"turns":4.0},{"damage":5.0,"enemies":"3 Louse","floor":12.0,"turns":5.0},{"damage":12.0,"enemies":"Lagavulin","floor":14.0,"turns":11.0},{"damage":30.0,"enemies":"The Guardian","floor":16.0,"turns":19.0},{"damage":0.0,"enemies":"2 Thieves","floor":18.0,"turns":5.0},{"damage":16.0,"enemies":"Gremlin Leader","floor":24.0,"turns":12.0},{"damage":0.0,"enemies":"3 Byrds","floor":27.0,"turns":5.0},{"damage":0.0,"enemies":"Centurion and Healer","floor":28.0,"turns":8.0},{"damage":0.0,"enemies":"Cultist and Chosen","floor":29.0,"turns":7.0},{"damage":0,"enemies":"Snecko","floor":31,"turns":2}],"seed_played":"3223196905278627248","potions_obtained":[{"floor":3.0,"key":"Weak Potion"},{"floor":14.0,"key":"Fire Potion"},{"floor":16.0,"key":"Energy Potion"},{"floor":18.0,"key":"SkillPotion"},{"floor":27.0,"key":"SkillPotion"}],"is_trial":false,"path_per_floor":["M","$","M","?","?","R","M","R","T","$","?","M","$","E","R","B",null,"M","?","?","?","?","R","E","R","T","M","M","M","R","M","R"],"character_chosen":"THE_SILENT","items_purchased":["Footwork","Quick Slash"],"campfire_rested":0,"item_purchase_floors":[13,13],"current_hp_per_floor":[77,77,74,59,59,59,59,59,59,59,52,47,47,35,35,5,77,77,77,77,77,77,77,61,61,61,61,61,61,61,61,61],"gold":190,"neow_bonus":"TEN_PERCENT_HP_BONUS","is_prod":false,"is_daily":false,"chose_seed":false,"campfire_upgraded":6,"win_rate":0,"timestamp":1570469564,"path_taken":["M","$","M","?","?","R","M","R","T","$","?","M","$","E","R","BOSS","M","?","?","?","?","R","E","R","T","M","M","M","R","M","R"],"build_version":"2019-07-17","purchased_purges":1,"victory":false,"max_hp_per_floor":[77,77,77,77,77,77,77,77,77,77,77,77,77,77,77,77,77,77,77,77,77,77,77,77,77,77,77,77,77,77,77,77],"card_choices":[{"not_picked":["PiercingWail","Blade Dance","Riddle With Holes"],"picked":"SKIP","floor":1.0},{"not_picked":["PiercingWail","Blade Dance","Riddle With Holes"],"picked":"SKIP","floor":1.0},{"not_picked":["Underhanded Strike","Bane","Prepared"],"picked":"SKIP","floor":3.0},{"not_picked":["Flechettes","Catalyst"],"picked":"Sucker Punch","floor":7.0},{"not_picked":["All Out Attack","Deadly Poison"],"picked":"Backflip","floor":12.0},{"not_picked":["Unload","Cloak And Dagger","Prepared"],"picked":"SKIP","floor":14.0},{"not_picked":["Corpse Explosion","Wraith Form v2"],"picked":"Malaise","floor":16.0},{"not_picked":["Deadly Poison","Catalyst+1"],"picked":"Blade Dance+1","floor":18.0},{"not_picked":["Bane","Deadly Poison"],"picked":"Terror+1","floor":24.0},{"not_picked":["Underhanded Strike","Bane","Finisher"],"picked":"SKIP","floor":27.0},{"not_picked":["Riddle With Holes","Bane+1"],"picked":"Venomology","floor":28.0},{"not_picked":["Bane","Heel Hook+1"],"picked":"Skewer","floor":29.0},{"not_picked":["All Out Attack","Crippling Poison"],"picked":"Well Laid Plans","floor":31}],"player_experience":349512,"relics_obtained":[{"floor":9.0,"key":"Juzu Bracelet"},{"floor":14.0,"key":"Smiling Mask"},{"floor":24.0,"key":"Pen Nib"},{"floor":26.0,"key":"Anchor"}],"event_choices":[{"damage_healed":0.0,"max_hp_gain":0.0,"max_hp_loss":0.0,"gold_gain":0.0,"event_name":"Shining Light","player_choice":"Entered Light","floor":4.0,"gold_loss":0.0,"damage_taken":15.0,"cards_upgraded":["Strike_G","Defend_G"]},{"cards_removed":["Strike_G"],"damage_healed":0.0,"max_hp_gain":0.0,"max_hp_loss":0.0,"gold_gain":0.0,"event_name":"Living Wall","player_choice":"Forget","floor":5.0,"gold_loss":0.0,"damage_taken":0.0},{"cards_removed":["Strike_G"],"damage_healed":0.0,"max_hp_gain":0.0,"max_hp_loss":0.0,"gold_gain":0.0,"event_name":"Golden Wing","player_choice":"Card Removal","floor":11.0,"gold_loss":0.0,"damage_taken":7.0},{"damage_healed":0.0,"max_hp_gain":0.0,"max_hp_loss":0.0,"gold_gain":0.0,"event_name":"The Mausoleum","player_choice":"Ignored","floor":19.0,"gold_loss":0.0,"damage_taken":0.0},{"cards_removed":["Strike_G"],"damage_healed":0.0,"max_hp_gain":0.0,"max_hp_loss":0.0,"gold_gain":0.0,"event_name":"Beggar","player_choice":"Gave Gold","floor":20.0,"gold_loss":75.0,"damage_taken":0.0},{"cards_removed":["Strike_G"],"damage_healed":0.0,"max_hp_gain":0.0,"max_hp_loss":0.0,"gold_gain":0.0,"event_name":"Back to Basics","player_choice":"Elegance","floor":21.0,"gold_loss":0.0,"damage_taken":0.0},{"damage_healed":0.0,"max_hp_gain":0.0,"max_hp_loss":0.0,"gold_gain":0.0,"event_name":"Accursed Blacksmith","player_choice":"Forge","floor":22.0,"gold_loss":0.0,"damage_taken":0.0,"cards_upgraded":["Malaise"]}],"is_beta":false,"boss_relics":[{"not_picked":["Snecko Eye","Astrolabe"],"picked":"Coffee Dripper"}],"items_purged_floors":[2],"is_endless":false,"potions_floor_spawned":[3,14,16,18,27],"ascension_level":0}