{"gold_per_floor":[116,41,41,116,116,116,116,116,198,223,223,244,267,281,281,375,375,399,385,285,304,304,304,320,320,320,370,395,395,88,108,108,108],"floor_reached":33,"playtime":1343,"items_purged":["Strike_G","Injury","Strike_G"],"score":415,"play_id":"4af93f04-03a1-469c-98e5-dc46ed243117","local_time":"20190510051857","is_ascension_mode":true,"campfire_choices":[{"data":"Quick Slash","floor":6,"key":"SMITH"},{"data":"Survivor","floor":8,"key":"SMITH"},{"data":"Sucker Punch","floor":11,"key":"SMITH"},{"data":"Wraith Form v2","floor":15,"key":"SMITH"},{"floor":23,"key":"REST"},{"data":"Caltrops","floor":25,"key":"SMITH"},{"data":"Dash","floor":29,"key":"SMITH"},{"data":"Footwork","floor":32,"key":"SMITH"}],"neow_cost":"NONE","seed_source_timestamp":115266145874000,"circlet_count":0,"master_deck":["AscendersBane","Defend_G","Defend_G","Defend_G","Defend_G","Defend_G+1","Strike_G","Strike_G","Survivor+1","Neutralize+1","Quick Slash+1","Sucker Punch+1","Flying Knee","Wraith Form v2+1","Dagger Spray","Die Die Die","Backflip","Deflect","Caltrops+1","Dash+1","Poisoned Stab+1","Footwork+1"],"relics":["Ring of the Snake","Golden Idol","Pantograph","Runic Pyramid","Anchor","Orichalcum"],"potions_floor_usage":[16,16,28,33,33],"damage_taken":[{"damage":4,"enemies":"Small Slimes","floor":1,"turns":5},{"damage":0,"enemies":"2 Louse","floor":10,"turns":2},{"damage":0,"enemies":"Cultist","floor":12,"turns":4},{"damage":1,"enemies":"Blue Slaver","floor":13,"turns":5},{"damage":0,"enemies":"2 Fungi Beasts","floor":14,"turns":4},{"damage":18,"enemies":"Hexaghost","floor":16,"turns":10},{"damage":2,"enemies":"Chosen","floor":18,"turns":6},{"damage":6,"enemies":"2 Thieves","floor":19,"turns":4},{"damage":16,"enemies":"3 Cultists","floor":21,"turns":7},{"damage":7,"enemies":"Centurion and Healer","floor":24,"turns":10},{"damage":4,"enemies":"Snake Plant","floor":28,"turns":5},{"damage":1,"enemies":"Shelled Parasite and Fungi","floor":31,"turns":7},{"damage":75,"enemies":"Automaton","floor":33,"turns":16}],"seed_played":"4781520122871027629","potions_obtained":[{"floor":0,"key":"AttackPotion"},{"floor":0,"key":"PowerPotion"},{"floor":13,"key":"Strength Potion"},{"floor":21,"key":"GhostInAJar"},{"floor":24,"key":"Ancient Potion"},{"floor":31,"key":"SkillPotion"}],"is_trial":false,"path_per_floor":["M","$","?","?","?","R","?","R","T","M","R","M","M","M","R","B",null,"M","M","$","M","?","R","M","R","T","?","M","R","$","M","R","B"],"character_chosen":"THE_SILENT","items_purchased":["Footwork","Orichalcum"],"campfire_rested":1,"item_purchase_floors":[30,30],"current_hp_per_floor":[55,55,55,44,24,24,24,24,24,24,24,24,23,23,23,30,57,55,49,49,33,46,65,58,58,58,58,54,54,54,53,53,0],"gold":108,"neow_bonus":"THREE_SMALL_POTIONS","is_prod":false,"is_daily":false,"chose_seed":false,"campfire_upgraded":7,"win_rate":0,"timestamp":1557458337,"path_taken":["M","$","?","?","?","R","?","R","T","M","R","M","?","M","R","BOSS","M","M","$","M","?","R","M","R","T","?","M","R","$","?","R","BOSS"],"build_version":"2019-01-23","purchased_purges":3,"victory":false,"max_hp_per_floor":[66,66,66,66,66,66,66,66,66,66,66,66,66,66,66,66,66,66,66,66,66,66,66,66,66,66,66,66,66,66,66,66,66],"card_choices":[{"not_picked":["Deadly Poison","Outmaneuver"],"picked":"Quick Slash","floor":1},{"not_picked":["Slice","Setup"],"picked":"Sucker Punch","floor":10},{"not_picked":["All Out Attack","Masterful Stab"],"picked":"Flying Knee","floor":12},{"not_picked":["Noxious Fumes","Reflex"],"picked":"Wraith Form v2","floor":13},{"not_picked":["Flying Knee","Flechettes"],"picked":"Dagger Spray","floor":14},{"not_picked":["Phantasmal Killer","Night Terror"],"picked":"Die Die Die","floor":16},{"not_picked":["Outmaneuver","PiercingWail"],"picked":"Backflip","floor":18},{"not_picked":["Infinite Blades+1","Backflip"],"picked":"Deflect","floor":19},{"not_picked":["Deadly Poison","Adrenaline"],"picked":"Caltrops","floor":21},{"not_picked":["Bane","Dodge and Roll"],"picked":"Dash","floor":24},{"not_picked":["Outmaneuver","Slice"],"picked":"Poisoned Stab+1","floor":28},{"not_picked":["Poisoned Stab","All Out Attack","Terror"],"picked":"SKIP","floor":31}],"player_experience":1074554,"relics_obtained":[{"floor":9,"key":"Pantograph"},{"floor":26,"key":"Anchor"}],"event_choices":[{"damage_healed":0,"gold_gain":0,"player_choice":"Take Wound","damage_taken":0,"relics_obtained":["Golden Idol"],"max_hp_gain":0,"max_hp_loss":0,"event_name":"Golden Idol","floor":3,"gold_loss":0,"cards_obtained":["Injury"]},{"damage_healed":0,"gold_gain":75,"player_choice":"Gather Gold","damage_taken":11,"max_hp_gain":0,"max_hp_loss":0,"event_name":"World of Goop","floor":4,"gold_loss":0},{"damage_healed":0,"gold_gain":0,"player_choice":"Entered Light","damage_taken":20,"max_hp_gain":0,"max_hp_loss":0,"event_name":"Shining Light","floor":5,"gold_loss":0,"cards_upgraded":["Neutralize","Defend_G"]},{"cards_removed":["Strike_G"],"damage_healed":0,"gold_gain":0,"player_choice":"Offered Basic","damage_taken":0,"max_hp_gain":0,"max_hp_loss":0,"event_name":"Bonfire Elementals","floor":7,"gold_loss":0},{"damage_healed":13,"gold_gain":0,"player_choice":"Heal","damage_taken":0,"max_hp_gain":0,"max_hp_loss":0,"event_name":"The Library","floor":22,"gold_loss":0},{"damage_healed":0,"gold_gain":50,"player_choice":"Pray","damage_taken":0,"max_hp_gain":0,"max_hp_loss":0,"event_name":"Golden Shrine","floor":27,"gold_loss":0}],"is_beta":false,"boss_relics":[{"not_picked":["Sozu","Snecko Eye"],"picked":"Runic Pyramid"}],"items_purged_floors":[2,20,30],"is_endless":false,"potions_floor_spawned":[1,12,13,21,24,31],"killed_by":"Automaton","ascension_level":15}