{"gold_per_floor":[112,262,262,279,125,125,189,189,189,189,32,67,81,94,94,171,171,188,199,199,199],"floor_reached":21,"playtime":652,"items_purged":["Doubt","Strike_B"],"score":424,"play_id":"09e20f51-ca77-498a-aacd-fcaccd8c2efb","local_time":"20190314211544","is_ascension_mode":true,"campfire_choices":[{"data":"Streamline","floor":6,"key":"SMITH"},{"data":"Capacitor","floor":8,"key":"SMITH"},{"data":"Zap","floor":10,"key":"SMITH"},{"data":"Multi-Cast","floor":15,"key":"SMITH"}],"neow_cost":"NONE","seed_source_timestamp":3305728466604,"circlet_count":0,"master_deck":["AscendersBane","Defend_B","Defend_B","Defend_B","Defend_B","Zap+1","Streamline+1","Multi-Cast+1","Conserve Battery","Capacitor+1","Recycle","Ball Lightning","Compile Driver","Cold Snap","Machine Learning","Cold Snap","Reprogram","Glacier","Stack"],"relics":["Cracked Core","NeowsBlessing","Tiny Chest","Anchor","Torii","Empty Cage"],"potions_floor_usage":[12,18],"damage_taken":[{"damage":0,"enemies":"Jaw Worm","floor":1,"turns":1},{"damage":0,"enemies":"2 Louse","floor":4,"turns":1},{"damage":0,"enemies":"Gremlin Nob","floor":7,"turns":1},{"damage":10,"enemies":"3 Sentries","floor":12,"turns":7},{"damage":0,"enemies":"Cultist","floor":13,"turns":2},{"damage":8,"enemies":"Exordium Wildlife","floor":14,"turns":3},{"damage":12,"enemies":"Slime Boss","floor":16,"turns":8},{"damage":15,"enemies":"Shell Parasite","floor":18,"turns":5},{"damage":37,"enemies":"3 Byrds","floor":19,"turns":5},{"damage":21,"enemies":"Snecko","floor":21,"turns":3}],"seed_played":"265781572439304854","potions_obtained":[{"floor":4,"key":"Fire Potion"},{"floor":16,"key":"Fire Potion"},{"floor":19,"key":"SteroidPotion"}],"is_trial":false,"path_per_floor":["M","?","?","M","$","R","E","R","T","R","$","E","M","M","R","B",null,"M","M","?","M"],"character_chosen":"DEFECT","items_purchased":["Capacitor","Sweeping Beam"],"campfire_rested":0,"item_purchase_floors":[5,11],"current_hp_per_floor":[64,64,64,64,64,64,64,64,64,64,64,54,54,46,46,34,62,47,10,10,0],"gold":199,"neow_bonus":"THREE_ENEMY_KILL","is_prod":false,"is_daily":false,"chose_seed":false,"campfire_upgraded":4,"win_rate":0,"timestamp":1552594544,"path_taken":["M","?","?","M","$","R","E","R","T","R","?","E","?","M","R","BOSS","M","M","?","M"],"build_version":"2019-01-23","purchased_purges":2,"victory":false,"max_hp_per_floor":[71,71,71,71,71,71,71,71,71,71,71,71,71,71,71,71,71,71,71,71,71],"card_choices":[{"not_picked":["Hologram","Rebound"],"picked":"Streamline","floor":1},{"not_picked":["Redo","Go for the Eyes"],"picked":"Conserve Battery","floor":4},{"not_picked":["Rebound","Gash"],"picked":"Recycle","floor":7},{"not_picked":["Thunder Strike","Gash"],"picked":"Ball Lightning","floor":12},{"not_picked":["Hologram","Recycle"],"picked":"Compile Driver","floor":13},{"not_picked":["Storm","Compile Driver"],"picked":"Cold Snap","floor":14},{"not_picked":["Seek","Reboot"],"picked":"Machine Learning","floor":16},{"not_picked":["FTL","Undo"],"picked":"Cold Snap","floor":18},{"not_picked":["Fusion","Recycle"],"picked":"Reprogram","floor":19}],"player_experience":700359,"relics_obtained":[{"floor":7,"key":"Tiny Chest"},{"floor":9,"key":"Anchor"},{"floor":12,"key":"Torii"}],"event_choices":[{"damage_healed":0,"gold_gain":150,"player_choice":"AGREE","damage_taken":0,"max_hp_gain":0,"max_hp_loss":0,"event_name":"Liars Game","floor":2,"gold_loss":0,"cards_obtained":["Doubt"]},{"damage_healed":0,"gold_gain":0,"cards_transformed":["Strike_B"],"player_choice":"Change","damage_taken":0,"max_hp_gain":0,"max_hp_loss":0,"event_name":"Living Wall","floor":3,"gold_loss":0,"cards_obtained":["Multi-Cast"]},{"damage_healed":0,"gold_gain":0,"cards_transformed":["Dualcast","Sweeping Beam"],"player_choice":"Became Test Subject","damage_taken":0,"max_hp_gain":0,"max_hp_loss":0,"event_name":"Drug Dealer","floor":20,"gold_loss":0,"cards_obtained":["Glacier","Stack"]}],"is_beta":false,"boss_relics":[{"not_picked":["Tiny House","Pandora\u0027s Box"],"picked":"Empty Cage"}],"items_purged_floors":[5,11],"is_endless":false,"potions_floor_spawned":[4,16,19],"killed_by":"Snecko","ascension_level":20}