{"gold_per_floor":[112,112,112,127,144,144,174,174,174,18,43,43,71,71,71,71],"floor_reached":16,"playtime":572,"items_purged":["Strike_R"],"score":232,"play_id":"ca941db0-f70c-4d70-839e-78665ad8ccf4","local_time":"20190621074944","is_ascension_mode":true,"campfire_choices":[{"data":"Bash","floor":6,"key":"SMITH"},{"data":"Anger","floor":8,"key":"SMITH"},{"floor":12,"key":"REST"},{"data":"Corruption","floor":15,"key":"SMITH"}],"neow_cost":"NONE","seed_source_timestamp":18390958742419,"circlet_count":0,"master_deck":["AscendersBane","Strike_R","Strike_R","Strike_R","Strike_R","Defend_R","Defend_R","Defend_R","Defend_R","Bash+1","Clothesline","Combust","Perfected Strike","Anger+1","Corruption+1","Sentinel","Pommel Strike"],"relics":["Burning Blood","NeowsBlessing","Question Card","Bottled Flame","WingedGreaves","FossilizedHelix","Champion Belt"],"potions_floor_usage":[7],"damage_taken":[{"damage":0,"enemies":"2 Louse","floor":1,"turns":1},{"damage":0,"enemies":"Jaw Worm","floor":4,"turns":1},{"damage":0,"enemies":"Cultist","floor":5,"turns":1},{"damage":36,"enemies":"Gremlin Nob","floor":7,"turns":5},{"damage":40,"enemies":"Lagavulin","floor":11,"turns":6},{"damage":34,"enemies":"3 Sentries","floor":13,"turns":6},{"damage":24,"enemies":"Hexaghost","floor":16,"turns":8}],"seed_played":"-7854661496305810071","potions_obtained":[{"floor":4,"key":"Ancient Potion"},{"floor":7,"key":"FairyPotion"}],"is_trial":false,"path_per_floor":["M","?","T","M","M","R","E","R","T","$","E","R","E","$","R","B"],"character_chosen":"IRONCLAD","items_purchased":["Corruption"],"campfire_rested":1,"item_purchase_floors":[10],"current_hp_per_floor":[74,79,79,80,80,80,50,50,50,50,16,40,12,12,12,0],"gold":71,"neow_bonus":"THREE_ENEMY_KILL","is_prod":false,"is_daily":false,"chose_seed":false,"campfire_upgraded":3,"win_rate":0,"timestamp":1561099784,"path_taken":["M","?","?","?","M","R","E","R","T","$","E","R","E","$","R","BOSS"],"build_version":"2019-01-23","purchased_purges":1,"victory":false,"max_hp_per_floor":[75,80,80,80,80,80,80,80,80,80,80,80,80,80,80,80],"card_choices":[{"not_picked":["Perfected Strike","Evolve"],"picked":"Clothesline","floor":1},{"not_picked":["Sword Boomerang","Intimidate","Heavy Blade"],"picked":"Combust","floor":4},{"not_picked":["Cleave","Evolve","Sword Boomerang"],"picked":"Perfected Strike","floor":5},{"not_picked":["Combust","Warcry","Thunderclap"],"picked":"Anger","floor":7},{"not_picked":["Thunderclap","Rampage","Intimidate"],"picked":"Sentinel","floor":11},{"not_picked":["Searing Blow","True Grit","Dropkick"],"picked":"Pommel Strike","floor":13}],"player_experience":1097599,"relics_obtained":[{"floor":3,"key":"Question Card"},{"floor":7,"key":"Bottled Flame"},{"floor":9,"key":"WingedGreaves"},{"floor":11,"key":"FossilizedHelix"},{"floor":13,"key":"Champion Belt"}],"event_choices":[{"damage_healed":0,"gold_gain":0,"player_choice":"Donut","damage_taken":0,"max_hp_gain":5,"max_hp_loss":0,"event_name":"Big Fish","floor":2,"gold_loss":0}],"is_beta":false,"boss_relics":[],"items_purged_floors":[10],"is_endless":false,"potions_floor_spawned":[4,7],"killed_by":"Hexaghost","ascension_level":20}