{"gold_per_floor":[112,262,262,38,38,38,73,20,94,117,160,180,207,225,225,225],"floor_reached":16,"playtime":380,"items_purged":["Strike_R"],"score":246,"play_id":"4d781fb7-7f3c-454c-8bc0-8e1fd692d4c4","local_time":"20190720023314","is_ascension_mode":true,"campfire_choices":[{"data":"Bash","floor":6,"key":"SMITH"},{"data":"True Grit","floor":15,"key":"SMITH"}],"neow_cost":"NONE","seed_source_timestamp":626048971918500,"circlet_count":0,"master_deck":["AscendersBane","Strike_R","Strike_R","Strike_R","Strike_R","Defend_R","Defend_R","Defend_R","Defend_R","Bash+1","Thunderclap","Enlightenment","Headbutt","Anger","True Grit+1","Second Wind","Power Through","Evolve","Flex"],"relics":["Burning Blood","NeowsBlessing","Golden Idol","Centennial Puzzle","Kunai","Charon\u0027s Ashes","Lantern"],"potions_floor_usage":[11,16],"damage_taken":[{"damage":0,"enemies":"Small Slimes","floor":1,"turns":2},{"damage":0,"enemies":"Lagavulin","floor":7,"turns":1},{"damage":0,"enemies":"2 Louse","floor":10,"turns":1},{"damage":10,"enemies":"3 Sentries","floor":11,"turns":5},{"damage":7,"enemies":"Jaw Worm","floor":12,"turns":4},{"damage":3,"enemies":"Blue Slaver","floor":14,"turns":3},{"damage":58,"enemies":"Hexaghost","floor":16,"turns":7}],"seed_played":"-2907834014364640571","potions_obtained":[{"floor":1,"key":"Fire Potion"},{"floor":11,"key":"GamblersBrew"},{"floor":12,"key":"Poison Potion"},{"floor":14,"key":"Energy Potion"}],"is_trial":false,"path_per_floor":["M","?","?","$","?","R","E","$","T","M","E","M","T","M","R","B"],"character_chosen":"IRONCLAD","items_purchased":["Enlightenment","Headbutt","True Grit"],"campfire_rested":0,"item_purchase_floors":[4,4,8],"current_hp_per_floor":[74,74,74,74,48,48,54,54,54,60,56,55,55,58,58,0],"gold":225,"neow_bonus":"THREE_ENEMY_KILL","is_prod":false,"is_daily":false,"chose_seed":false,"campfire_upgraded":2,"win_rate":0,"timestamp":1563582794,"path_taken":["M","?","?","$","?","R","E","?","T","M","E","?","?","?","R","BOSS"],"build_version":"2019-07-17","purchased_purges":1,"victory":false,"max_hp_per_floor":[75,75,75,75,75,75,75,75,75,75,75,75,75,75,75,75],"card_choices":[{"not_picked":["Pommel Strike","Clash"],"picked":"Thunderclap","floor":1},{"not_picked":["Dropkick","Carnage"],"picked":"Anger","floor":7},{"not_picked":["Sever Soul","Flex"],"picked":"Second Wind","floor":10},{"not_picked":["Dropkick","Uppercut"],"picked":"Power Through","floor":11},{"not_picked":["Headbutt","Pommel Strike"],"picked":"Evolve","floor":12},{"not_picked":["Iron Wave","Cleave"],"picked":"Flex","floor":14}],"player_experience":1703698,"relics_obtained":[{"floor":7,"key":"Centennial Puzzle"},{"floor":9,"key":"Kunai"},{"floor":11,"key":"Charon\u0027s Ashes"},{"floor":13,"key":"Lantern"}],"event_choices":[{"damage_healed":0,"gold_gain":150,"player_choice":"AGREE","damage_taken":0,"max_hp_gain":0,"max_hp_loss":0,"event_name":"Liars Game","floor":2,"gold_loss":0,"cards_obtained":["Doubt"]},{"cards_removed":["Doubt"],"damage_healed":0,"gold_gain":0,"player_choice":"Forget","damage_taken":0,"max_hp_gain":0,"max_hp_loss":0,"event_name":"Living Wall","floor":3,"gold_loss":0},{"damage_healed":0,"gold_gain":0,"player_choice":"Take Damage","damage_taken":26,"relics_obtained":["Golden Idol"],"max_hp_gain":0,"max_hp_loss":0,"event_name":"Golden Idol","floor":5,"gold_loss":0}],"is_beta":false,"boss_relics":[],"items_purged_floors":[4],"is_endless":false,"potions_floor_spawned":[1,11,12,14],"killed_by":"Hexaghost","ascension_level":17}