{"gold_per_floor":[114,128,143,143,156,156,187,187,187,187,31,45,73,27,27,125,125,110,110,110,110,10,44,44,44,44,44,64,64,93,41,41,140,140,157,174,191,123,123,123,141,141,141,141,0,0,17,17,17,17],"floor_reached":50,"playtime":2733,"items_purged":["Strike_G","Defend_G+1"],"score":839,"play_id":"32d4dece-8d03-4ca2-b9eb-82c691949be9","local_time":"20190221235448","is_ascension_mode":true,"campfire_choices":[{"data":"Neutralize","floor":6,"key":"SMITH"},{"data":"Finisher","floor":8,"key":"SMITH"},{"data":"Leg Sweep","floor":10,"key":"SMITH"},{"floor":15,"key":"REST"},{"data":"A Thousand Cuts","floor":25,"key":"SMITH"},{"data":"Adrenaline","floor":27,"key":"SMITH"},{"floor":29,"key":"REST"},{"floor":32,"key":"REST"},{"floor":40,"key":"REST"},{"data":"Footwork","floor":42,"key":"SMITH"},{"data":"Terror","floor":44,"key":"SMITH"},{"floor":49,"key":"REST"}],"neow_cost":"TEN_PERCENT_HP_LOSS","seed_source_timestamp":157020166334500,"circlet_count":0,"master_deck":["AscendersBane","Survivor","Neutralize+1","Finisher+1","Underhanded Strike","Leg Sweep+1","Dagger Spray","Dash+1","Underhanded Strike","Backflip","Footwork+1","Adrenaline+1","Cloak And Dagger","Acrobatics","A Thousand Cuts+1","Escape Plan","All Out Attack","Flechettes","Heel Hook+1","Concentrate+1","Wraith Form v2","Poisoned Stab","Dagger Throw","Flying Knee","Wraith Form v2","PiercingWail","Underhanded Strike","Blade Dance","Blade Dance","Deflect+1","Flying Knee+1","Cloak And Dagger","Terror+1","Madness","Madness","Predator+1","Well Laid Plans","Master of Strategy","Enlightenment","Discovery","Tactician","Blade Dance"],"relics":["Ring of the Snake","Art of War","Ornamental Fan","Prayer Wheel","Snecko Eye","Juzu Bracelet","Strawberry","Nunchaku","Pen Nib","Pandora\u0027s Box","Blood Vial"],"potions_floor_usage":[7,13,16,16,30,33,33,35,41,50,50],"damage_taken":[{"damage":0,"enemies":"Cultist","floor":1,"turns":5},{"damage":0,"enemies":"Small Slimes","floor":2,"turns":7},{"damage":0,"enemies":"Jaw Worm","floor":3,"turns":4},{"damage":0,"enemies":"Blue Slaver","floor":5,"turns":3},{"damage":5,"enemies":"Gremlin Nob","floor":7,"turns":4},{"damage":0,"enemies":"2 Fungi Beasts","floor":12,"turns":4},{"damage":1,"enemies":"3 Sentries","floor":13,"turns":7},{"damage":30,"enemies":"Hexaghost","floor":16,"turns":19},{"damage":23,"enemies":"2 Thieves","floor":18,"turns":4},{"damage":29,"enemies":"Gremlin Leader","floor":23,"turns":9},{"damage":0,"enemies":"Spheric Guardian","floor":28,"turns":4},{"damage":0,"enemies":"Book of Stabbing","floor":30,"turns":3},{"damage":60,"enemies":"Automaton","floor":33,"turns":12},{"damage":0,"enemies":"3 Darklings","floor":35,"turns":4},{"damage":5,"enemies":"3 Shapes","floor":36,"turns":4},{"damage":3,"enemies":"Jaw Worm Horde","floor":37,"turns":3},{"damage":8,"enemies":"4 Shapes","floor":41,"turns":8},{"damage":16,"enemies":"Spire Growth","floor":47,"turns":5},{"damage":68,"enemies":"Donu and Deca","floor":50,"turns":4}],"seed_played":"-3747232957455568727","potions_obtained":[{"floor":1,"key":"GhostInAJar"},{"floor":3,"key":"Energy Potion"},{"floor":7,"key":"LiquidBronze"},{"floor":13,"key":"EssenceOfSteel"},{"floor":23,"key":"FearPotion"},{"floor":30,"key":"Fire Potion"},{"floor":33,"key":"Weak Potion"},{"floor":37,"key":"Regen Potion"},{"floor":41,"key":"Explosive Potion"}],"is_trial":false,"path_per_floor":["M","M","M","?","M","R","E","R","T","R","$","M","E","$","R","B",null,"M","?","?","?","$","E","?","R","T","R","M","R","E","$","R","B",null,"M","M","M","$","?","R","M","R","T","R","$","?","M","?","R","B"],"character_chosen":"THE_SILENT","items_purchased":["Footwork","Acrobatics","SkillPotion","Terror","Well Laid Plans","LiquidBronze"],"campfire_rested":5,"item_purchase_floors":[11,14,31,38,45,45],"current_hp_per_floor":[63,63,63,50,50,50,45,45,45,45,45,45,44,44,62,32,55,32,53,53,53,53,31,31,31,31,31,31,52,52,52,70,10,55,55,50,47,47,38,59,63,63,63,63,63,53,39,39,60,0],"gold":17,"neow_bonus":"TRANSFORM_TWO_CARDS","is_prod":false,"is_daily":false,"chose_seed":false,"campfire_upgraded":7,"win_rate":0,"timestamp":1550789688,"path_taken":["M","M","?","?","M","R","E","R","T","R","$","M","E","$","R","BOSS","M","?","?","?","$","E","?","R","T","R","M","R","E","$","R","BOSS","M","M","M","$","?","R","M","R","T","R","$","?","M","?","R","BOSS"],"build_version":"2019-01-23","purchased_purges":2,"victory":false,"max_hp_per_floor":[63,63,63,63,63,63,63,63,63,63,63,63,63,63,63,63,63,63,63,63,63,63,70,70,70,70,70,70,70,70,70,70,70,70,70,70,70,70,70,70,70,70,70,70,70,70,70,70,70,70],"card_choices":[{"not_picked":["Expertise","Deflect"],"picked":"Leg Sweep","floor":1},{"not_picked":["Reflex","Quick Slash"],"picked":"Dagger Spray","floor":2},{"not_picked":["Eviscerate","Underhanded Strike"],"picked":"Dash","floor":3},{"not_picked":["Prepared","Deadly Poison"],"picked":"Underhanded Strike","floor":5},{"not_picked":["Prepared","Underhanded Strike"],"picked":"Backflip","floor":7},{"not_picked":["Tactician","Prepared"],"picked":"Adrenaline","floor":12},{"not_picked":["Accuracy","Expertise"],"picked":"Cloak And Dagger","floor":13},{"not_picked":["Storm of Steel","Wraith Form v2"],"picked":"A Thousand Cuts","floor":16},{"not_picked":["Leg Sweep","Dodge and Roll"],"picked":"Escape Plan","floor":18},{"not_picked":["Bouncing Flask","Bane+1"],"picked":"All Out Attack","floor":18},{"not_picked":["Phantasmal Killer","Bane"],"picked":"Flechettes","floor":23},{"not_picked":["Flechettes","Dodge and Roll"],"picked":"Acrobatics","floor":28},{"not_picked":["Acrobatics","Prepared"],"picked":"Heel Hook+1","floor":28},{"not_picked":["A Thousand Cuts","Blade Dance"],"picked":"Concentrate+1","floor":30},{"not_picked":["Storm of Steel","A Thousand Cuts"],"picked":"Wraith Form v2","floor":33},{"not_picked":["Cloak And Dagger","Deadly Poison"],"picked":"Underhanded Strike","floor":35},{"not_picked":["Dagger Throw","Terror"],"picked":"Blade Dance","floor":35},{"not_picked":["PiercingWail+1","Flying Knee"],"picked":"Blade Dance","floor":36},{"not_picked":["Phantasmal Killer","Prepared"],"picked":"Deflect+1","floor":36},{"not_picked":["Accuracy","Sucker Punch"],"picked":"Flying Knee+1","floor":37},{"not_picked":["Dagger Throw","Flechettes"],"picked":"Cloak And Dagger","floor":37},{"not_picked":["PiercingWail","Underhanded Strike"],"picked":"Predator+1","floor":41},{"not_picked":["Flying Knee","Dagger Spray","Prepared"],"picked":"SKIP","floor":41},{"not_picked":["Dramatic Entrance","Panacea"],"picked":"Master of Strategy","floor":46},{"not_picked":["Forethought","Sadistic Nature"],"picked":"Enlightenment","floor":46},{"not_picked":["Impatience","PanicButton"],"picked":"Discovery","floor":46},{"not_picked":["Quick Slash","Slice"],"picked":"Tactician","floor":47},{"not_picked":["Quick Slash","Flying Knee"],"picked":"Blade Dance","floor":47}],"player_experience":833063,"relics_obtained":[{"floor":7,"key":"Art of War"},{"floor":9,"key":"Ornamental Fan"},{"floor":13,"key":"Prayer Wheel"},{"floor":23,"key":"Strawberry"},{"floor":26,"key":"Nunchaku"},{"floor":30,"key":"Pen Nib"},{"floor":43,"key":"Blood Vial"}],"event_choices":[{"damage_healed":0,"gold_gain":0,"player_choice":"Entered Light","damage_taken":13,"max_hp_gain":0,"max_hp_loss":0,"event_name":"Shining Light","floor":4,"gold_loss":0,"cards_upgraded":["Dash","Strike_G"]},{"damage_healed":21,"gold_gain":0,"player_choice":"Heal","damage_taken":0,"max_hp_gain":0,"max_hp_loss":0,"event_name":"The Library","floor":19,"gold_loss":0},{"damage_healed":0,"gold_gain":0,"player_choice":"Simplicity","damage_taken":0,"max_hp_gain":0,"max_hp_loss":0,"event_name":"Back to Basics","floor":20,"gold_loss":0,"cards_upgraded":["Defend_G","Defend_G","Defend_G","Defend_G","Defend_G","Strike_G"]},{"damage_healed":0,"gold_gain":0,"player_choice":"Opened","damage_taken":0,"relics_obtained":["Juzu Bracelet"],"max_hp_gain":0,"max_hp_loss":0,"event_name":"The Mausoleum","floor":21,"gold_loss":0},{"cards_removed":["Strike_G"],"damage_healed":0,"gold_gain":0,"player_choice":"Purged","damage_taken":0,"max_hp_gain":0,"max_hp_loss":0,"event_name":"Purifier","floor":24,"gold_loss":0},{"damage_healed":0,"gold_gain":0,"player_choice":"Embrace Madness","damage_taken":9,"max_hp_gain":0,"max_hp_loss":0,"event_name":"Winding Halls","floor":39,"gold_loss":0,"cards_obtained":["Madness","Madness"]},{"damage_healed":0,"gold_gain":0,"player_choice":"Memory 3","damage_taken":10,"max_hp_gain":0,"max_hp_loss":0,"event_name":"SensoryStone","floor":46,"gold_loss":0},{"cards_removed":["Acrobatics"],"damage_healed":0,"gold_gain":0,"player_choice":"Removed Skill","damage_taken":0,"max_hp_gain":0,"max_hp_loss":0,"event_name":"Falling","floor":48,"gold_loss":0}],"is_beta":false,"boss_relics":[{"not_picked":["Philosopher\u0027s Stone","Busted Crown"],"picked":"Snecko Eye"},{"not_picked":["Lizard Tail","White Beast Statue"],"picked":"Pandora\u0027s Box"}],"items_purged_floors":[11,22],"is_endless":false,"potions_floor_spawned":[1,3,5,7,13,23,30,33,37,41,47],"killed_by":"Donu and Deca","ascension_level":12}