{"gold_per_floor":[117,117,129,129,129,129,164,164,164,181,191,204,13,43,43,143,143,155,165,20,34,34,34,34],"floor_reached":24,"playtime":1371,"items_purged":["Strike_R"],"score":247,"play_id":"fe7a388d-2019-4272-a36b-20dc956063e3","local_time":"20190802181026","is_ascension_mode":true,"campfire_choices":[{"floor":6,"key":"REST"},{"floor":8,"key":"REST"},{"floor":15,"key":"REST"},{"data":"Apotheosis","floor":23,"key":"SMITH"}],"neow_cost":"PERCENT_DAMAGE","seed_source_timestamp":2054069040285333,"circlet_count":0,"master_deck":["Strike_R","Defend_R","Defend_R","Defend_R","Defend_R","Bash","Pommel Strike","Combust","Ghostly Armor","Havoc","Spot Weakness","Shrug It Off","Apotheosis+1","Dark Embrace","Offering","Iron Wave+1","Shockwave","Corruption+1","J.A.X."],"relics":["Burning Blood","Turnip","Dodecahedron","Red Skull","Empty Cage"],"potions_floor_usage":[12,16,24],"damage_taken":[{"damage":14,"enemies":"Jaw Worm","floor":1,"turns":3},{"damage":0,"enemies":"Small Slimes","floor":3,"turns":4},{"damage":35,"enemies":"Gremlin Nob","floor":7,"turns":4},{"damage":3,"enemies":"2 Louse","floor":10,"turns":2},{"damage":27,"enemies":"Exordium Thugs","floor":11,"turns":4},{"damage":0,"enemies":"Lots of Slimes","floor":12,"turns":2},{"damage":22,"enemies":"Lagavulin","floor":14,"turns":5},{"damage":63,"enemies":"Slime Boss","floor":16,"turns":8},{"damage":8,"enemies":"Chosen","floor":18,"turns":3},{"damage":13,"enemies":"Spheric Guardian","floor":19,"turns":6},{"damage":11,"enemies":"Shelled Parasite and Fungi","floor":21,"turns":6},{"damage":93,"enemies":"Slavers","floor":24,"turns":5}],"seed_played":"-7994782321827737981","potions_obtained":[{"floor":3,"key":"EssenceOfSteel"},{"floor":5,"key":"Explosive Potion"},{"floor":5,"key":"LiquidBronze"},{"floor":10,"key":"BloodPotion"},{"floor":12,"key":"BloodPotion"},{"floor":19,"key":"FearPotion"}],"is_trial":false,"path_per_floor":["M","?","M","?","?","R","E","R","T","M","M","M","$","E","R","B",null,"M","M","$","M","?","R","E"],"character_chosen":"IRONCLAD","items_purchased":["Apotheosis","Shockwave"],"campfire_rested":3,"item_purchase_floors":[13,20],"current_hp_per_floor":[48,41,47,47,47,71,42,66,66,69,48,54,54,38,62,25,80,78,71,71,66,66,66,0],"gold":34,"neow_bonus":"ONE_RARE_RELIC","is_prod":false,"is_daily":false,"chose_seed":false,"campfire_upgraded":1,"win_rate":0,"timestamp":1564783826,"path_taken":["M","?","M","?","?","R","E","R","T","M","?","M","$","E","R","BOSS","M","M","?","M","?","R","E"],"build_version":"2019-07-17","purchased_purges":1,"victory":false,"max_hp_per_floor":[80,80,80,80,80,80,80,80,80,80,80,80,80,80,80,80,80,80,80,80,80,80,80,80],"card_choices":[{"not_picked":["True Grit","Havoc"],"picked":"Pommel Strike","floor":1},{"not_picked":["Burning Pact","True Grit"],"picked":"Combust","floor":3},{"not_picked":["Dark Embrace","Clash"],"picked":"Ghostly Armor","floor":7},{"not_picked":["Flex","Anger"],"picked":"Havoc","floor":10},{"not_picked":["Warcry","Bloodletting"],"picked":"Spot Weakness","floor":11},{"not_picked":["Pommel Strike","Fire Breathing"],"picked":"Shrug It Off","floor":12},{"not_picked":["Dropkick","Disarm"],"picked":"Dark Embrace","floor":14},{"not_picked":["Berserk","Fiend Fire"],"picked":"Offering","floor":16},{"not_picked":["Warcry","Body Slam+1"],"picked":"Iron Wave+1","floor":18},{"not_picked":["Perfected Strike+1","Flex","Armaments"],"picked":"SKIP","floor":19},{"not_picked":["Warcry","Power Through"],"picked":"Corruption+1","floor":21}],"player_experience":326263,"relics_obtained":[{"floor":7,"key":"Dodecahedron"},{"floor":14,"key":"Red Skull"}],"event_choices":[{"cards_removed":["Strike_R"],"damage_healed":0,"gold_gain":0,"player_choice":"Card Removal","damage_taken":7,"max_hp_gain":0,"max_hp_loss":0,"event_name":"Golden Wing","floor":2,"gold_loss":0},{"damage_healed":0,"gold_gain":0,"player_choice":"Ignored","damage_taken":0,"max_hp_gain":0,"max_hp_loss":0,"event_name":"Golden Idol","floor":4,"gold_loss":0},{"damage_healed":0,"gold_gain":0,"player_choice":"Got Potions","damage_taken":0,"max_hp_gain":0,"max_hp_loss":0,"event_name":"Lab","floor":5,"gold_loss":0},{"damage_healed":0,"gold_gain":0,"player_choice":"Obtain J.A.X.","damage_taken":0,"max_hp_gain":0,"max_hp_loss":0,"event_name":"Drug Dealer","floor":22,"gold_loss":0,"cards_obtained":["J.A.X."]}],"is_beta":false,"boss_relics":[{"not_picked":["Pandora\u0027s Box","Philosopher\u0027s Stone"],"picked":"Empty Cage"}],"items_purged_floors":[20],"is_endless":false,"potions_floor_spawned":[3,10,12,19],"killed_by":"Slavers","ascension_level":4}