{"gold_per_floor":[110,160,179,192,67,92,110,110,133,167,183,183,212,222,222,222],"floor_reached":16,"playtime":952,"items_purged":["Strike_R"],"score":244,"play_id":"1f028ead-0f36-4b5f-bb56-1d09cb96eb6d","local_time":"20190624180742","is_ascension_mode":true,"campfire_choices":[{"data":"True Grit","floor":8,"key":"SMITH"},{"data":"Carnage","floor":12,"key":"SMITH"},{"data":"Body Slam","floor":15,"key":"SMITH"}],"neow_cost":"NONE","seed_source_timestamp":314297545907336,"circlet_count":0,"master_deck":["AscendersBane","Strike_R","Strike_R","Strike_R+1","Strike_R","Defend_R","Defend_R","Defend_R+1","Defend_R","Bash+1","True Grit+1","Cleave","Evolve","Wild Strike","Body Slam+1","True Grit+1","Carnage+1","Reaper","Intimidate"],"relics":["Burning Blood","Juzu Bracelet","War Paint","Happy Flower","Whetstone","Centennial Puzzle"],"potions_floor_usage":[6,13,13],"damage_taken":[{"damage":2,"enemies":"Cultist","floor":1,"turns":4},{"damage":5,"enemies":"2 Louse","floor":3,"turns":4},{"damage":7,"enemies":"Jaw Worm","floor":4,"turns":3},{"damage":35,"enemies":"Lagavulin","floor":6,"turns":7},{"damage":2,"enemies":"Looter","floor":7,"turns":3},{"damage":20,"enemies":"3 Sentries","floor":10,"turns":7},{"damage":6,"enemies":"Lots of Slimes","floor":11,"turns":4},{"damage":10,"enemies":"Gremlin Nob","floor":13,"turns":3},{"damage":10,"enemies":"Large Slime","floor":14,"turns":5},{"damage":44,"enemies":"Slime Boss","floor":16,"turns":9}],"seed_played":"6803269797302379771","potions_obtained":[{"floor":1,"key":"FearPotion"},{"floor":3,"key":"Swift Potion"},{"floor":11,"key":"BloodPotion"}],"is_trial":false,"path_per_floor":["M","?","M","M","$","E","M","R","T","E","M","R","E","M","R","B"],"character_chosen":"IRONCLAD","items_purchased":["Wild Strike"],"campfire_rested":0,"item_purchase_floors":[5],"current_hp_per_floor":[72,72,73,72,72,43,47,47,47,33,33,33,36,32,32,0],"gold":222,"neow_bonus":"RANDOM_COMMON_RELIC","is_prod":false,"is_daily":false,"chose_seed":false,"campfire_upgraded":3,"win_rate":0,"timestamp":1561396062,"path_taken":["M","?","M","M","$","E","M","R","T","E","M","R","E","M","R","BOSS"],"build_version":"2019-01-23","purchased_purges":1,"victory":false,"max_hp_per_floor":[75,75,75,75,75,75,75,75,75,75,75,75,75,75,75,75],"card_choices":[{"not_picked":["Armaments","Thunderclap"],"picked":"True Grit","floor":1},{"not_picked":["True Grit","Power Through"],"picked":"Cleave","floor":3},{"not_picked":["Wild Strike","Flex"],"picked":"Evolve","floor":4},{"not_picked":["Seeing Red","Anger"],"picked":"Body Slam","floor":6},{"not_picked":["Second Wind","Sentinel"],"picked":"True Grit","floor":7},{"not_picked":["Rage","Flame Barrier"],"picked":"Carnage","floor":10},{"not_picked":["Iron Wave","Searing Blow","Rampage"],"picked":"SKIP","floor":11},{"not_picked":["Flex","Sever Soul"],"picked":"Reaper","floor":13},{"not_picked":["Rage","Thunderclap"],"picked":"Intimidate","floor":14}],"player_experience":1103672,"relics_obtained":[{"floor":6,"key":"War Paint"},{"floor":9,"key":"Happy Flower"},{"floor":10,"key":"Whetstone"},{"floor":13,"key":"Centennial Puzzle"}],"event_choices":[{"damage_healed":0,"gold_gain":50,"player_choice":"Pray","damage_taken":0,"max_hp_gain":0,"max_hp_loss":0,"event_name":"Golden Shrine","floor":2,"gold_loss":0}],"is_beta":false,"boss_relics":[],"items_purged_floors":[5],"is_endless":false,"potions_floor_spawned":[1,3,11],"killed_by":"Slime Boss","ascension_level":20}