{"gold_per_floor":[116,62,62,75,175,204,204,238,238,238,249,266,280,300,300,401,401,418,19,19,19,30,30,41,41,91,110,123,23,40,51,51,156,156,171,271,271,281,294,294,311,311,311,311,65,65,65,76,76,76,76,76,9,35,35],"floor_reached":55,"playtime":3410,"items_purged":["Doppelganger","Storm of Steel","Deflect"],"score":656,"play_id":"2eb4ef82-3dc2-4ffc-b35f-688d5060c51d","local_time":"20190608225820","is_ascension_mode":false,"campfire_choices":[{"floor":7,"key":"REST"},{"floor":10,"key":"REST"},{"floor":15,"key":"REST"},{"floor":23,"key":"REST"},{"floor":25,"key":"REST"},{"floor":32,"key":"REST"},{"floor":40,"key":"REST"},{"floor":42,"key":"REST"},{"data":"Crippling Poison","floor":44,"key":"SMITH"},{"floor":49,"key":"RECALL"},{"data":"Backflip","floor":52,"key":"SMITH"}],"neow_cost":"NONE","seed_source_timestamp":1313873643613619,"circlet_count":0,"master_deck":["Survivor","Neutralize","All Out Attack","Crippling Poison+1","Prepared","Well Laid Plans","Noxious Fumes","Deadly Poison","Backflip+1","Deadly Poison","Deadly Poison+1","Backstab","Die Die Die","Backflip+1","Backflip+1","Distraction+1","Deflect+1","Catalyst+1","Deflect+1","Crippling Poison+1","Distraction+1"],"relics":["Pandora\u0027s Box","Bottled Flame","Blood Vial","Toxic Egg 2","Busted Crown","Incense Burner","Lizard Tail","Unceasing Top","Kunai","Ninja Scroll"],"potions_floor_usage":[6,14,16,28,33,50,50],"damage_taken":[{"damage":0,"enemies":"Jaw Worm","floor":1,"turns":4},{"damage":5,"enemies":"Small Slimes","floor":4,"turns":4},{"damage":19,"enemies":"3 Sentries","floor":6,"turns":5},{"damage":42,"enemies":"Gremlin Nob","floor":8,"turns":5},{"damage":0,"enemies":"Cultist","floor":11,"turns":3},{"damage":10,"enemies":"2 Fungi Beasts","floor":12,"turns":3},{"damage":10,"enemies":"Gremlin Gang","floor":13,"turns":3},{"damage":30,"enemies":"Exordium Thugs","floor":14,"turns":4},{"damage":20,"enemies":"The Guardian","floor":16,"turns":8},{"damage":36,"enemies":"2 Thieves","floor":18,"turns":3},{"damage":5,"enemies":"Spheric Guardian","floor":22,"turns":4},{"damage":20,"enemies":"Shelled Parasite and Fungi","floor":24,"turns":5},{"damage":13,"enemies":"Snake Plant","floor":27,"turns":4},{"damage":0,"enemies":"3 Cultists","floor":28,"turns":3},{"damage":4,"enemies":"Centurion and Healer","floor":30,"turns":5},{"damage":0,"enemies":"Snecko","floor":31,"turns":4},{"damage":42,"enemies":"Automaton","floor":33,"turns":10},{"damage":0,"enemies":"3 Shapes","floor":35,"turns":2},{"damage":6,"enemies":"Mind Bloom Boss Battle","floor":36,"turns":6},{"damage":18,"enemies":"Orb Walker","floor":38,"turns":4},{"damage":18,"enemies":"Spire Growth","floor":39,"turns":5},{"damage":12,"enemies":"Sphere and 2 Shapes","floor":41,"turns":4},{"damage":9,"enemies":"Writhing Mass","floor":48,"turns":5},{"damage":57,"enemies":"Time Eater","floor":50,"turns":13},{"damage":24,"enemies":"Shield and Spear","floor":54,"turns":6},{"damage":93,"enemies":"The Heart","floor":55,"turns":5}],"seed_played":"-7824780182335516572","potions_obtained":[{"floor":1,"key":"Poison Potion"},{"floor":6,"key":"LiquidBronze"},{"floor":13,"key":"EssenceOfSteel"},{"floor":14,"key":"Block Potion"},{"floor":16,"key":"Weak Potion"},{"floor":18,"key":"Fire Potion"},{"floor":21,"key":"FairyPotion"},{"floor":28,"key":"Block Potion"},{"floor":33,"key":"SteroidPotion"},{"floor":36,"key":"SkillPotion"},{"floor":39,"key":"PowerPotion"}],"is_trial":false,"path_per_floor":["M","$","?","M","?","E","R","E","T","R","M","M","M","M","R","B",null,"M","$","?","?","M","R","M","R","T","M","M","$","M","M","R","B",null,"M","?","?","M","M","R","M","R","T","R","$","?","$","M","R","B",null,"R","$","E","B"],"character_chosen":"THE_SILENT","items_purchased":["Backflip","Incense Burner","Backflip+1","Catalyst+1","Deflect+1","Distraction+1"],"campfire_rested":8,"item_purchase_floors":[2,19,19,45,45,53],"current_hp_per_floor":[70,70,70,65,65,46,67,25,25,46,48,40,32,4,25,7,70,34,34,34,34,31,52,34,55,55,44,46,46,44,46,67,27,70,70,64,64,48,32,53,43,64,64,64,64,64,64,57,57,2,70,70,70,46,0],"gold":35,"neow_bonus":"BOSS_RELIC","is_prod":false,"is_daily":false,"chose_seed":false,"campfire_upgraded":2,"win_rate":0,"timestamp":1560049100,"path_taken":["M","$","?","M","?","E","R","E","T","R","M","M","M","M","R","BOSS","M","$","?","?","M","R","M","R","T","M","?","?","M","M","R","BOSS","M","?","?","?","?","R","M","R","T","R","$","?","$","?","R","BOSS","R","$","E","BOSS"],"build_version":"2019-01-23","purchased_purges":3,"victory":false,"max_hp_per_floor":[70,70,70,70,70,70,70,70,70,70,70,70,70,70,70,70,70,70,70,70,70,70,70,70,70,70,70,70,70,70,70,70,70,70,70,70,70,70,70,70,70,70,70,70,70,70,70,70,70,70,70,70,70,70,70],"card_choices":[{"not_picked":["Flechettes","Acrobatics"],"picked":"Deadly Poison","floor":1},{"not_picked":["Flying Knee","Slice"],"picked":"Deadly Poison","floor":4},{"not_picked":["Blade Dance","Infinite Blades","Unload"],"picked":"SKIP","floor":6},{"not_picked":["Dagger Throw","Caltrops","Distraction"],"picked":"SKIP","floor":8},{"not_picked":["Outmaneuver+1","Blur+1"],"picked":"Deadly Poison+1","floor":11},{"not_picked":["Deadly Poison+1","Cloak And Dagger+1","Flying Knee"],"picked":"SKIP","floor":12},{"not_picked":["Bane","Underhanded Strike"],"picked":"Backstab","floor":13},{"not_picked":["PiercingWail+1","Dagger Spray","Skewer"],"picked":"SKIP","floor":14},{"not_picked":["Doppelganger+1","Wraith Form v2"],"picked":"Die Die Die","floor":16},{"not_picked":["PiercingWail+1"],"picked":"SKIP","floor":18},{"not_picked":["Flying Knee"],"picked":"SKIP","floor":22},{"not_picked":[],"picked":"Backflip+1","floor":24},{"not_picked":["Flying Knee"],"picked":"SKIP","floor":27},{"not_picked":["Caltrops"],"picked":"SKIP","floor":28},{"not_picked":["Riddle With Holes+1"],"picked":"SKIP","floor":30},{"not_picked":[],"picked":"Distraction+1","floor":31},{"not_picked":["Dagger Spray+1"],"picked":"SKIP","floor":35},{"not_picked":["Concentrate+1"],"picked":"SKIP","floor":38},{"not_picked":[],"picked":"Deflect+1","floor":39},{"not_picked":["Prepared+1"],"picked":"SKIP","floor":41},{"not_picked":[],"picked":"Crippling Poison+1","floor":48},{"not_picked":["Underhanded Strike"],"picked":"SKIP","floor":54}],"player_experience":170279,"relics_obtained":[{"floor":6,"key":"Bottled Flame"},{"floor":8,"key":"Blood Vial"},{"floor":9,"key":"Toxic Egg 2"},{"floor":36,"key":"Unceasing Top"},{"floor":43,"key":"Kunai"},{"floor":54,"key":"Ninja Scroll"}],"event_choices":[{"damage_healed":0,"gold_gain":0,"player_choice":"Ignored","damage_taken":0,"max_hp_gain":0,"max_hp_loss":0,"event_name":"Liars Game","floor":3,"gold_loss":0},{"damage_healed":0,"gold_gain":100,"player_choice":"Pray","damage_taken":0,"max_hp_gain":0,"max_hp_loss":0,"event_name":"Golden Shrine","floor":5,"gold_loss":0},{"cards_removed":["Infinite Blades"],"damage_healed":0,"gold_gain":0,"player_choice":"Elegance","damage_taken":0,"max_hp_gain":0,"max_hp_loss":0,"event_name":"Back to Basics","floor":20,"gold_loss":0},{"damage_healed":0,"gold_gain":0,"player_choice":"Got Potions","damage_taken":0,"max_hp_gain":0,"max_hp_loss":0,"event_name":"Lab","floor":21,"gold_loss":0},{"damage_healed":0,"gold_gain":0,"player_choice":"Fight","damage_taken":0,"max_hp_gain":0,"max_hp_loss":0,"event_name":"MindBloom","floor":36,"gold_loss":0},{"damage_healed":0,"gold_gain":0,"player_choice":"Bought 0 Potions","damage_taken":0,"max_hp_gain":0,"max_hp_loss":0,"event_name":"The Woman in Blue","floor":37,"gold_loss":0},{"cards_removed":["Slice"],"damage_healed":0,"gold_gain":0,"player_choice":"Purged","damage_taken":0,"max_hp_gain":0,"max_hp_loss":0,"event_name":"Purifier","floor":46,"gold_loss":0}],"is_beta":false,"boss_relics":[{"not_picked":["Astrolabe","Black Star"],"picked":"Busted Crown"},{"not_picked":["Runic Pyramid","Tiny House"],"picked":"Lizard Tail"}],"items_purged_floors":[19,29,45],"is_endless":false,"potions_floor_spawned":[1,6,13,14,16,18,28,33,36,39,48],"killed_by":"The Heart","ascension_level":0}