{"gold_per_floor":[117,267,13,13,27,58,75,75,75,75,90,101,101],"floor_reached":13,"playtime":431,"items_purged":["Doubt"],"score":162,"play_id":"8fda7511-f71e-4b66-8944-e180dfa065f1","local_time":"20190808203012","is_ascension_mode":true,"campfire_choices":[{"data":"Shockwave","floor":8,"key":"SMITH"},{"data":"Rampage","floor":10,"key":"SMITH"}],"neow_cost":"NONE","seed_source_timestamp":531343224906999,"circlet_count":0,"master_deck":["AscendersBane","Strike_R","Strike_R","Strike_R","Strike_R","Defend_R","Defend_R","Defend_R","Defend_R","Bash","Metallicize","Rampage+1","Feel No Pain","Shrug It Off","Shockwave+1","Body Slam","Body Slam","Inflame","True Grit"],"relics":["Burning Blood","Strawberry","Girya","Question Card"],"potions_floor_usage":[12,13,13],"damage_taken":[{"damage":14,"enemies":"Jaw Worm","floor":1,"turns":4},{"damage":0,"enemies":"2 Louse","floor":5,"turns":2},{"damage":12,"enemies":"3 Sentries","floor":6,"turns":13},{"damage":1,"enemies":"Small Slimes","floor":7,"turns":5},{"damage":13,"enemies":"2 Fungi Beasts","floor":11,"turns":5},{"damage":45,"enemies":"Gremlin Gang","floor":12,"turns":5},{"damage":27,"enemies":"Lagavulin","floor":13,"turns":3}],"seed_played":"-4722267898838517769","potions_obtained":[{"floor":1,"key":"Dexterity Potion"},{"floor":7,"key":"Explosive Potion"},{"floor":12,"key":"AttackPotion"}],"is_trial":false,"path_per_floor":["M","?","$","?","M","E","M","R","T","R","M","M","E"],"character_chosen":"IRONCLAD","items_purchased":["Rampage","Feel No Pain","Shrug It Off"],"campfire_rested":0,"item_purchase_floors":[3,3,3],"current_hp_per_floor":[67,67,67,60,66,60,65,65,65,65,58,19,0],"gold":101,"neow_bonus":"RANDOM_COMMON_RELIC","is_prod":false,"is_daily":false,"chose_seed":false,"campfire_upgraded":2,"win_rate":0,"timestamp":1565289012,"path_taken":["M","?","$","?","M","E","M","R","T","R","M","M","E"],"build_version":"2019-07-17","purchased_purges":1,"victory":false,"max_hp_per_floor":[82,82,82,82,82,82,82,82,82,82,82,82,82],"card_choices":[{"not_picked":["Rage","Dropkick"],"picked":"Metallicize","floor":1},{"not_picked":["Warcry","Flex"],"picked":"Shockwave","floor":5},{"not_picked":["Bloodletting","Cleave"],"picked":"Body Slam","floor":6},{"not_picked":["Shrug It Off","Twin Strike"],"picked":"Body Slam","floor":7},{"not_picked":["Pommel Strike","Shockwave","Body Slam"],"picked":"Inflame","floor":11},{"not_picked":["Evolve","Rage","Impervious"],"picked":"True Grit","floor":12}],"player_experience":1834869,"relics_obtained":[{"floor":6,"key":"Girya"},{"floor":9,"key":"Question Card"}],"event_choices":[{"damage_healed":0,"gold_gain":150,"player_choice":"AGREE","damage_taken":0,"max_hp_gain":0,"max_hp_loss":0,"event_name":"Liars Game","floor":2,"gold_loss":0,"cards_obtained":["Doubt"]},{"cards_removed":["Strike_R"],"damage_healed":0,"gold_gain":0,"player_choice":"Card Removal","damage_taken":7,"max_hp_gain":0,"max_hp_loss":0,"event_name":"Golden Wing","floor":4,"gold_loss":0}],"is_beta":false,"boss_relics":[],"items_purged_floors":[3],"is_endless":false,"potions_floor_spawned":[1,7,11,12],"killed_by":"Lagavulin","ascension_level":18}