{"gold_per_floor":[110,110,35,35,59,59,92,92,144,165,315,356,356,390,390,390],"floor_reached":16,"playtime":459,"items_purged":["Injury"],"score":254,"play_id":"43ec4a1d-0224-4f56-a4b3-138510cf32bc","local_time":"20190608191634","is_ascension_mode":true,"campfire_choices":[{"data":"Neutralize","floor":6.0,"key":"SMITH"},{"data":"Unload","floor":8.0,"key":"SMITH"},{"floor":13.0,"key":"REST"},{"data":"Footwork","floor":15,"key":"SMITH"}],"neow_cost":"NONE","seed_source_timestamp":139201152567899,"circlet_count":0,"master_deck":["AscendersBane","Defend_G","Defend_G","Defend_G","Defend_G","Defend_G","Strike_G","Strike_G","Strike_G","Strike_G","Strike_G","Survivor","Neutralize+1","Blur","Unload+1","Dagger Spray","Footwork+1","Doubt","Deadly Poison","Adrenaline"],"special_seed":0,"relics":["Ring of the Snake","NeowsBlessing","Golden Idol","Ginger","Bag of Preparation","Ice Cream","Bottled Lightning"],"potions_floor_usage":[16,16],"damage_taken":[{"damage":0.0,"enemies":"2 Louse","floor":1.0,"turns":1.0},{"damage":0.0,"enemies":"Jaw Worm","floor":5.0,"turns":1.0},{"damage":0.0,"enemies":"Gremlin Nob","floor":7.0,"turns":1.0},{"damage":6.0,"enemies":"Small Slimes","floor":10.0,"turns":4.0},{"damage":38.0,"enemies":"Lagavulin","floor":12.0,"turns":12.0},{"damage":5.0,"enemies":"3 Sentries","floor":14.0,"turns":11.0},{"damage":39,"enemies":"Slime Boss","floor":16,"turns":9}],"seed_played":"3066464823066005236","potions_obtained":[{"floor":10.0,"key":"Block Potion"},{"floor":12.0,"key":"FearPotion"},{"floor":14,"key":"EssenceOfSteel"}],"is_trial":false,"path_per_floor":["M","?","$","?","M","R","E","R","T","M","?","E","R","E","R","B"],"character_chosen":"THE_SILENT","items_purchased":[],"campfire_rested":1,"item_purchase_floors":[],"current_hp_per_floor":[59,59,59,64,64,64,64,64,64,58,58,20,41,36,36,0],"gold":390,"neow_bonus":"THREE_ENEMY_KILL","is_prod":false,"is_daily":false,"chose_seed":false,"campfire_upgraded":3,"win_rate":0,"timestamp":1560014194,"path_taken":["M","?","$","?","M","R","E","R","T","?","?","E","R","E","R","BOSS"],"build_version":"2019-01-23","purchased_purges":1,"victory":false,"max_hp_per_floor":[66,66,66,71,71,71,71,71,71,71,71,71,71,71,71,71],"card_choices":[{"not_picked":["Sucker Punch","Deflect"],"picked":"Blur","floor":1.0},{"not_picked":["Sucker Punch","Deadly Poison"],"picked":"Unload","floor":5.0},{"not_picked":["Deadly Poison","Caltrops"],"picked":"Dagger Spray","floor":7.0},{"not_picked":["Infinite Blades","Setup"],"picked":"Footwork","floor":10.0},{"not_picked":["Dagger Spray","PiercingWail"],"picked":"Deadly Poison","floor":12.0},{"not_picked":["Grand Finale","Cloak And Dagger"],"picked":"Adrenaline","floor":14}],"player_experience":1229629,"relics_obtained":[{"floor":7.0,"key":"Ginger"},{"floor":9.0,"key":"Bag of Preparation"},{"floor":12.0,"key":"Ice Cream"},{"floor":14,"key":"Bottled Lightning"}],"event_choices":[{"damage_healed":0.0,"max_hp_gain":0.0,"max_hp_loss":0.0,"gold_gain":0.0,"event_name":"Golden Idol","player_choice":"Take Wound","floor":2.0,"gold_loss":0.0,"damage_taken":0.0,"relics_obtained":["Golden Idol"],"cards_obtained":["Injury"]},{"damage_healed":0.0,"max_hp_gain":5.0,"max_hp_loss":0.0,"gold_gain":0.0,"event_name":"Big Fish","player_choice":"Donut","floor":4.0,"gold_loss":0.0,"damage_taken":0.0},{"damage_healed":0.0,"max_hp_gain":0.0,"max_hp_loss":0.0,"gold_gain":150.0,"event_name":"Liars Game","player_choice":"AGREE","floor":11.0,"gold_loss":0.0,"damage_taken":0.0,"cards_obtained":["Doubt"]}],"is_beta":false,"boss_relics":[],"items_purged_floors":[3],"is_endless":false,"potions_floor_spawned":[10,12,14],"killed_by":"Slime Boss","ascension_level":16}