{"gold_per_floor":[116,136,136,136,149,149,189,189,214,229,254,254,254,278,278,368,368,386,386,386,311,326,342,342],"floor_reached":24,"playtime":767,"items_purged":["Strike_R"],"score":396,"play_id":"8a1349ab-94f9-4a34-ac4a-8afea8073672","local_time":"20190130234242","is_ascension_mode":true,"campfire_choices":[{"data":"Demon Form","floor":6.0,"key":"SMITH"},{"data":"Armaments","floor":12,"key":"SMITH"},{"data":"Body Slam","floor":15,"key":"SMITH"}],"neow_cost":"CURSE","seed_source_timestamp":1832403768976867,"circlet_count":0,"master_deck":["AscendersBane","Strike_R","Strike_R","Strike_R","Defend_R","Defend_R","Defend_R","Defend_R","Bash","Demon Form+1","Evolve","Armaments+1","Thunderclap","Anger","Body Slam+1","Twin Strike","Ghostly Armor","Feed","Disarm","Heavy Blade","Disarm+1"],"special_seed":0,"relics":["Burning Blood","Golden Idol","Pen Nib","Art of War","Omamori","Mark of Pain"],"potions_floor_usage":[7,7,22,23],"damage_taken":[{"damage":24.0,"enemies":"Jaw Worm","floor":1.0,"turns":4.0},{"damage":7.0,"enemies":"Cultist","floor":2.0,"turns":4.0},{"damage":2.0,"enemies":"2 Louse","floor":5.0,"turns":5.0},{"damage":42,"enemies":"3 Sentries","floor":7,"turns":7},{"damage":9,"enemies":"Red Slaver","floor":10,"turns":3},{"damage":11,"enemies":"Blue Slaver","floor":11,"turns":4},{"damage":6,"enemies":"2 Fungi Beasts","floor":14,"turns":3},{"damage":11,"enemies":"Hexaghost","floor":16,"turns":7},{"damage":30,"enemies":"Spheric Guardian","floor":18,"turns":5},{"damage":2,"enemies":"3 Byrds","floor":22,"turns":5},{"damage":34,"enemies":"Snecko","floor":23,"turns":7},{"damage":24,"enemies":"Chosen and Byrds","floor":24,"turns":3}],"seed_played":"483214600707294759","potions_obtained":[{"floor":1.0,"key":"Regen Potion"},{"floor":5.0,"key":"SpeedPotion"},{"floor":18,"key":"Fire Potion"},{"floor":22,"key":"Weak Potion"}],"is_trial":false,"path_per_floor":["M","M","?","?","M","R","E","?","T","M","M","R","T","M","R","B",null,"M","?","?","$","M","M","M"],"character_chosen":"IRONCLAD","items_purchased":[],"campfire_rested":0,"item_purchase_floors":[],"current_hp_per_floor":[50,49,49,49,53,53,32,32,32,29,24,24,24,24,24,19,56,32,32,46,46,50,22,0],"gold":342,"neow_bonus":"THREE_RARE_CARDS","is_prod":false,"is_daily":false,"chose_seed":false,"campfire_upgraded":3,"win_rate":0,"timestamp":1548888162,"path_taken":["M","M","?","?","?","R","E","?","T","?","M","R","?","M","R","BOSS","M","?","?","$","M","M","M"],"build_version":"2019-01-23","purchased_purges":1,"victory":false,"max_hp_per_floor":[75,75,68,68,68,68,68,68,68,68,68,68,68,68,68,68,68,68,68,68,68,68,68,68],"card_choices":[{"not_picked":["Reaper","Impervious"],"picked":"Demon Form","floor":0.0},{"not_picked":["Pommel Strike","Anger"],"picked":"Evolve","floor":1.0},{"not_picked":["Twin Strike","True Grit"],"picked":"Armaments","floor":2.0},{"not_picked":["Corruption","Warcry","Rampage"],"picked":"SKIP","floor":5.0},{"not_picked":["Thunderclap","Exhume"],"picked":"Anger","floor":7},{"not_picked":["Bloodletting","Warcry"],"picked":"Body Slam","floor":10},{"not_picked":["Perfected Strike","Spot Weakness"],"picked":"Twin Strike","floor":11},{"not_picked":["Headbutt","Clothesline"],"picked":"Ghostly Armor","floor":14},{"not_picked":["Demon Form","Double Tap"],"picked":"Feed","floor":16},{"not_picked":["Burning Pact","Reckless Charge"],"picked":"Disarm","floor":18},{"not_picked":["Entrench","Blood for Blood+1"],"picked":"Heavy Blade","floor":22},{"not_picked":["Warcry","Pommel Strike"],"picked":"Disarm+1","floor":23}],"player_experience":627178,"relics_obtained":[{"floor":7,"key":"Pen Nib"},{"floor":9,"key":"Art of War"},{"floor":13,"key":"Omamori"}],"event_choices":[{"damage_healed":0.0,"max_hp_gain":0.0,"max_hp_loss":7.0,"gold_gain":0.0,"event_name":"Golden Idol","player_choice":"Lose Max HP","floor":3.0,"gold_loss":0.0,"damage_taken":0.0,"relics_obtained":["Golden Idol"]},{"damage_healed":0.0,"max_hp_gain":0.0,"max_hp_loss":0.0,"gold_gain":0.0,"cards_transformed":["Strike_R"],"event_name":"Transmorgrifier","player_choice":"Transformed","floor":4.0,"gold_loss":0.0,"damage_taken":0.0,"cards_obtained":["Thunderclap"]},{"cards_removed":["Injury"],"damage_healed":0,"gold_gain":0,"player_choice":"Removed Curses","damage_taken":0,"max_hp_gain":0,"max_hp_loss":0,"event_name":"Fountain of Cleansing","floor":8,"gold_loss":0},{"damage_healed":0,"gold_gain":0,"player_choice":"Ignored","damage_taken":0,"max_hp_gain":0,"max_hp_loss":0,"event_name":"Cursed Tome","floor":19,"gold_loss":0},{"damage_healed":14,"gold_gain":0,"player_choice":"Heal","damage_taken":0,"max_hp_gain":0,"max_hp_loss":0,"event_name":"The Library","floor":20,"gold_loss":0}],"is_beta":false,"boss_relics":[{"not_picked":["Philosopher\u0027s Stone","Lizard Tail"],"picked":"Mark of Pain"}],"items_purged_floors":[21],"is_endless":false,"potions_floor_spawned":[1,5,18,22],"killed_by":"Chosen and Byrds","ascension_level":20}