{"gold_per_floor":[119,119,8,22,22,22,42,55,81,81,106,181,181,194,194,297,297,314,314,314,333,349,349,368,368,368,368],"floor_reached":27,"playtime":926,"items_purged":["Strike_B"],"score":334,"play_id":"6c4f7028-5a81-4d58-a03b-975a3e3f9eab","local_time":"20180827222652","is_ascension_mode":true,"campfire_choices":[{"data":"Beam Cell","floor":6,"key":"SMITH"},{"floor":10,"key":"REST"},{"floor":13,"key":"REST"},{"data":"Chaos","floor":15,"key":"SMITH"},{"floor":23,"key":"REST"},{"floor":25,"key":"REST"}],"neow_cost":"NONE","seed_source_timestamp":818938299624752,"circlet_count":0,"master_deck":["Strike_B","Strike_B","Strike_B","Defend_B+1","Defend_B","Defend_B","Defend_B+1","Zap+1","Dualcast","Chaos+1","FTL","Beam Cell+1","White Noise","Go for the Eyes","Cold Snap","Rebound","All For One","Parasite","Clumsy","Doubt","Writhe","Conserve Battery","Hologram+1","Redo+1"],"relics":["Cracked Core","Bag of Marbles","Lantern","Calling Bell","Oddly Smooth Stone","Singing Bowl","Calipers","Mango","Dodecahedron"],"potions_floor_usage":[16,16,24],"damage_taken":[{"damage":2,"enemies":"Jaw Worm","floor":1,"turns":3},{"damage":0,"enemies":"2 Louse","floor":4,"turns":2},{"damage":1,"enemies":"Cultist","floor":7,"turns":3},{"damage":8,"enemies":"Blue Slaver","floor":8,"turns":2},{"damage":6,"enemies":"3 Sentries","floor":11,"turns":5},{"damage":0,"enemies":"Large Slime","floor":14,"turns":5},{"damage":26,"enemies":"Slime Boss","floor":16,"turns":8},{"damage":20,"enemies":"Shell Parasite","floor":18,"turns":5},{"damage":16,"enemies":"Spheric Guardian","floor":21,"turns":5},{"damage":37,"enemies":"Snecko","floor":22,"turns":5},{"damage":27,"enemies":"Snake Plant","floor":24,"turns":3},{"damage":75,"enemies":"Cultist and Chosen","floor":27,"turns":9}],"seed_played":"-6959531369152226823","potions_obtained":[{"floor":1,"key":"FocusPotion"},{"floor":4,"key":"Weak Potion"},{"floor":7,"key":"LiquidBronze"},{"floor":24,"key":"EssenceOfSteel"}],"is_trial":false,"path_per_floor":["M","?","$","M","$","R","M","M","T","R","E","?","R","M","R","B",null,"M","?","?","M","M","R","M","R","T"],"character_chosen":"DEFECT","items_purchased":["FTL"],"campfire_rested":4,"item_purchase_floors":[3],"current_hp_per_floor":[66,51,51,51,51,51,50,42,42,64,58,47,69,69,69,43,67,49,63,91,75,38,65,38,65,65,0],"gold":368,"neow_bonus":"UPGRADE_CARD","is_prod":false,"is_daily":false,"chose_seed":false,"campfire_upgraded":2,"win_rate":0,"timestamp":1535405212,"path_taken":["M","?","$","M","?","R","M","?","T","R","E","?","R","?","R","BOSS","M","?","?","M","M","R","?","R","T","M"],"build_version":"2018-08-23v2","purchased_purges":1,"victory":false,"max_hp_per_floor":[75,75,75,75,75,75,75,75,75,75,75,75,75,75,75,75,75,77,91,91,91,91,91,91,91,91,91],"card_choices":[{"not_picked":["Reprogram","Fusion"],"picked":"Chaos","floor":1},{"not_picked":["Hologram","Aggregate"],"picked":"Beam Cell","floor":4},{"not_picked":["Leap","Doom and Gloom"],"picked":"White Noise","floor":7},{"not_picked":["Scrape","Turbo"],"picked":"Go for the Eyes","floor":8},{"not_picked":["Redo","Steam Power"],"picked":"Cold Snap","floor":11},{"not_picked":["Aggregate","Rainbow"],"picked":"Rebound","floor":14},{"not_picked":["Rainbow","Hyperbeam"],"picked":"All For One","floor":16},{"not_picked":["Chaos","Storm","Aggregate"],"picked":"Singing Bowl","floor":18},{"not_picked":["Fusion","Streamline"],"picked":"Conserve Battery","floor":21},{"not_picked":["Leap","Beam Cell"],"picked":"Hologram+1","floor":22},{"not_picked":["Turbo+1","Hologram"],"picked":"Redo+1","floor":24}],"player_experience":614533,"relics_obtained":[{"floor":9,"key":"Bag of Marbles"},{"floor":11,"key":"Lantern"},{"floor":17,"key":"Oddly Smooth Stone"},{"floor":17,"key":"Singing Bowl"},{"floor":17,"key":"Calipers"},{"floor":26,"key":"Dodecahedron"}],"event_choices":[{"event_name":"Shining Light","player_choice":"Entered Light","floor":2,"damage_taken":0},{"event_name":"World of Goop","player_choice":"Gather Gold","floor":12,"damage_taken":0},{"event_name":"The Mausoleum","player_choice":"Yes","floor":19,"damage_taken":0},{"event_name":"The Library","player_choice":"Heal","floor":20,"damage_taken":0}],"is_beta":false,"boss_relics":[{"not_picked":["Eternal Feather","Busted Crown"],"picked":"Calling Bell"}],"items_purged_floors":[3],"is_endless":false,"potions_floor_spawned":[1,4,7,24],"killed_by":"Cultist and Chosen","ascension_level":9}