{"gold_per_floor":[11,11,29,44,59,59,59,78,149,149,174,185,185,213,213,289,289,300,312,312,330,255,255,286,139,162,162,188,201,300,125,125,200,200,215,215,13,30,40,40,55,55,55,72,84,84,132,144,144,144],"floor_reached":51,"playtime":3043,"items_purged":["Strike_R","Strike_R","Strike_R","Defend_R"],"score":1187,"play_id":"b0acf7c1-5f94-405c-a983-ae3184798576","local_time":"20190930234744","is_ascension_mode":true,"campfire_choices":[{"data":"True Grit","floor":6.0,"key":"SMITH"},{"data":"Battle Trance","floor":10.0,"key":"SMITH"},{"data":"Whirlwind","floor":13.0,"key":"SMITH"},{"data":"Bash","floor":15.0,"key":"SMITH"},{"data":"Demon Form","floor":23.0,"key":"SMITH"},{"data":"Heavy Blade","floor":27.0,"key":"SMITH"},{"floor":32.0,"key":"REST"},{"data":"Entrench","floor":40.0,"key":"SMITH"},{"data":"Feel No Pain","floor":42.0,"key":"SMITH"},{"data":"Evolve","floor":46.0,"key":"SMITH"},{"data":"Shrug It Off","floor":49,"key":"SMITH"}],"neow_cost":"NO_GOLD","seed_source_timestamp":21157640079990,"circlet_count":0,"master_deck":["AscendersBane","Defend_R","Defend_R","Bash+1","Heavy Blade+1","True Grit+1","Battle Trance+1","Reaper","Whirlwind+1","Offering","Evolve+1","Feel No Pain+1","Shrug It Off","Demon Form+1","Shrug It Off","Shrug It Off+1","Headbutt+1","Feed+1","Shrug It Off+1","Warcry+1","Entrench+1","Warcry+1"],"special_seed":0,"relics":["Burning Blood","Mercury Hourglass","Prayer Wheel","Regal Pillow","Velvet Choker","MutagenicStrength","Ancient Tea Set","Dream Catcher","Red Mask","Astrolabe","Gambling Chip","Ice Cream"],"potions_floor_usage":[50,50],"damage_taken":[{"damage":15.0,"enemies":"2 Louse","floor":1.0,"turns":3.0},{"damage":1.0,"enemies":"Cultist","floor":3.0,"turns":3.0},{"damage":2.0,"enemies":"Jaw Worm","floor":4.0,"turns":3.0},{"damage":12.0,"enemies":"Exordium Thugs","floor":5.0,"turns":5.0},{"damage":21.0,"enemies":"Gremlin Gang","floor":8.0,"turns":8.0},{"damage":2.0,"enemies":"3 Sentries","floor":11.0,"turns":6.0},{"damage":7.0,"enemies":"Exordium Wildlife","floor":12.0,"turns":4.0},{"damage":31.0,"enemies":"Lagavulin","floor":14.0,"turns":5.0},{"damage":39.0,"enemies":"Slime Boss","floor":16.0,"turns":8.0},{"damage":46.0,"enemies":"Shell Parasite","floor":18.0,"turns":8.0},{"damage":13.0,"enemies":"Chosen","floor":19.0,"turns":3.0},{"damage":9.0,"enemies":"Centurion and Healer","floor":21.0,"turns":8.0},{"damage":63.0,"enemies":"Book of Stabbing","floor":24.0,"turns":6.0},{"damage":6.0,"enemies":"Masked Bandits","floor":28.0,"turns":1.0},{"damage":18.0,"enemies":"Sentry and Sphere","floor":29.0,"turns":5.0},{"damage":36.0,"enemies":"Automaton","floor":33.0,"turns":7.0},{"damage":34.0,"enemies":"3 Darklings","floor":35.0,"turns":7.0},{"damage":6.0,"enemies":"Orb Walker","floor":38.0,"turns":3.0},{"damage":25.0,"enemies":"4 Shapes","floor":39.0,"turns":5.0},{"damage":6.0,"enemies":"Sphere and 2 Shapes","floor":41.0,"turns":3.0},{"damage":14.0,"enemies":"Transient","floor":44.0,"turns":5.0},{"damage":43.0,"enemies":"3 Darklings","floor":45.0,"turns":8.0},{"damage":57.0,"enemies":"2 Orb Walkers","floor":47.0,"turns":6.0},{"damage":38.0,"enemies":"Jaw Worm Horde","floor":48.0,"turns":5.0},{"damage":12,"enemies":"Donu and Deca","floor":50,"turns":11}],"seed_played":"5840505008349326201","potions_obtained":[{"floor":3.0,"key":"Strength Potion"},{"floor":5.0,"key":"Poison Potion"},{"floor":12.0,"key":"Strength Potion"},{"floor":14.0,"key":"LiquidBronze"},{"floor":18.0,"key":"PowerPotion"},{"floor":29.0,"key":"LiquidBronze"},{"floor":35.0,"key":"Weak Potion"},{"floor":47.0,"key":"EssenceOfSteel"}],"is_trial":false,"path_per_floor":["M","?","M","M","M","R","?","M","T","R","E","M","R","E","R","B",null,"M","M","?","M","$","R","E","$","T","R","?","M","?","$","R","B",null,"M","?","$","M","M","R","M","R","T","M","M","R","?","M","R","B",null],"character_chosen":"IRONCLAD","items_purchased":["Shrug It Off","Shrug It Off","Dexterity Potion"],"campfire_rested":1,"item_purchase_floors":[25,31,37],"current_hp_per_floor":[73,73,78,82,76,76,76,61,61,61,65,68,68,43,43,14,70,36,35,35,52,52,52,14,14,14,14,14,8,8,8,49,35,76,87,89,89,93,97,97,97,97,97,97,97,97,70,68,68,66],"gold":144,"neow_bonus":"TWENTY_PERCENT_HP_BONUS","is_prod":false,"is_daily":false,"chose_seed":false,"campfire_upgraded":10,"win_rate":0,"timestamp":1569912464,"path_taken":["M","?","M","M","M","R","?","?","T","R","E","M","R","E","R","BOSS","M","M","?","M","$","R","E","$","T","R","?","M","?","?","R","BOSS","M","?","?","?","M","R","M","R","T","M","?","R","?","M","R","BOSS"],"build_version":"2019-07-17","purchased_purges":4,"victory":true,"max_hp_per_floor":[89,89,89,89,89,89,89,89,89,89,89,89,89,89,89,89,89,89,89,89,89,89,89,89,89,89,89,89,89,89,89,89,89,89,89,89,89,93,97,97,97,97,97,97,97,97,97,97,97,101],"card_choices":[{"not_picked":["Bloodletting","Clothesline"],"picked":"Headbutt","floor":1.0},{"not_picked":["Power Through","Anger"],"picked":"Pommel Strike","floor":3.0},{"not_picked":["Pommel Strike","Anger"],"picked":"Heavy Blade","floor":4.0},{"not_picked":["Rampage","Twin Strike"],"picked":"True Grit","floor":5.0},{"not_picked":["Clothesline","Body Slam"],"picked":"Battle Trance","floor":8.0},{"not_picked":["Sword Boomerang","Combust"],"picked":"Reaper","floor":11.0},{"not_picked":["Headbutt","Wild Strike"],"picked":"Whirlwind","floor":12.0},{"not_picked":["Warcry","Sentinel","Power Through"],"picked":"SKIP","floor":12.0},{"not_picked":["Wild Strike","Uppercut","Thunderclap"],"picked":"SKIP","floor":14.0},{"not_picked":["Brutality","Bludgeon"],"picked":"Offering","floor":16.0},{"not_picked":["Fire Breathing","Sword Boomerang"],"picked":"Evolve","floor":18.0},{"not_picked":["Bloodletting+1","Havoc"],"picked":"Feel No Pain","floor":18.0},{"not_picked":["Heavy Blade","Carnage+1"],"picked":"Shrug It Off","floor":19.0},{"not_picked":["Whirlwind","Sword Boomerang"],"picked":"Demon Form","floor":19.0},{"not_picked":["Cleave","Blood for Blood","Perfected Strike"],"picked":"SKIP","floor":21.0},{"not_picked":["Armaments","Entrench","Heavy Blade"],"picked":"SKIP","floor":21.0},{"not_picked":["Flex","Anger+1","Sword Boomerang"],"picked":"SKIP","floor":24.0},{"not_picked":["Anger","Burning Pact","Iron Wave"],"picked":"SKIP","floor":29.0},{"not_picked":["Havoc","True Grit","Armaments"],"picked":"SKIP","floor":29.0},{"not_picked":["Headbutt+1","Anger"],"picked":"Warcry+1","floor":35.0},{"not_picked":["Second Wind","Rupture+1","Heavy Blade+1"],"picked":"SKIP","floor":35.0},{"not_picked":["Dropkick","Second Wind+1","Perfected Strike"],"picked":"SKIP","floor":38.0},{"not_picked":["Second Wind","Whirlwind+1","Wild Strike+1"],"picked":"SKIP","floor":38.0},{"not_picked":["Wild Strike","Intimidate"],"picked":"Entrench","floor":39.0},{"not_picked":["Dual Wield","Warcry","Flex+1"],"picked":"SKIP","floor":39.0},{"not_picked":["Havoc","Iron Wave","Rampage+1"],"picked":"SKIP","floor":41.0},{"not_picked":["True Grit","Carnage","Twin Strike"],"picked":"SKIP","floor":41.0},{"not_picked":["Body Slam+1","Sever Soul","Shockwave"],"picked":"SKIP","floor":44.0},{"not_picked":["Sever Soul+1","Second Wind","Pommel Strike"],"picked":"SKIP","floor":44.0},{"not_picked":["Berserk","Iron Wave","Pommel Strike"],"picked":"SKIP","floor":45.0},{"not_picked":["Anger+1","Heavy Blade+1","Burning Pact"],"picked":"SKIP","floor":45.0},{"not_picked":["Whirlwind","Sword Boomerang"],"picked":"Warcry+1","floor":48.0},{"not_picked":["Cleave","Headbutt","Disarm"],"picked":"SKIP","floor":48.0}],"player_experience":282853,"relics_obtained":[{"floor":9.0,"key":"Mercury Hourglass"},{"floor":11.0,"key":"Prayer Wheel"},{"floor":14.0,"key":"Regal Pillow"},{"floor":24.0,"key":"Ancient Tea Set"},{"floor":26.0,"key":"Dream Catcher"},{"floor":28.0,"key":"Red Mask"},{"floor":43.0,"key":"Gambling Chip"},{"floor":47.0,"key":"Ice Cream"}],"event_choices":[{"cards_removed":["Strike_R"],"damage_healed":0.0,"max_hp_gain":0.0,"max_hp_loss":0.0,"gold_gain":0.0,"event_name":"Living Wall","player_choice":"Forget","floor":2.0,"gold_loss":0.0,"damage_taken":0.0},{"cards_removed":["Strike_R"],"damage_healed":0.0,"max_hp_gain":0.0,"max_hp_loss":0.0,"gold_gain":0.0,"event_name":"Wheel of Change","player_choice":"Card Removal","floor":7.0,"gold_loss":0.0,"damage_taken":0.0},{"damage_healed":0.0,"max_hp_gain":0.0,"max_hp_loss":0.0,"gold_gain":0.0,"event_name":"Drug Dealer","player_choice":"Inject Mutagens","floor":20.0,"gold_loss":0.0,"damage_taken":0.0,"relics_obtained":["MutagenicStrength"]},{"damage_healed":0.0,"max_hp_gain":0.0,"max_hp_loss":0.0,"gold_gain":0.0,"event_name":"Masked Bandits","player_choice":"Fought Bandits","floor":28.0,"gold_loss":0.0,"damage_taken":0.0},{"damage_healed":0.0,"max_hp_gain":0.0,"max_hp_loss":0.0,"gold_gain":99.0,"event_name":"Nest","player_choice":"Stole From Cult","floor":30.0,"gold_loss":0.0,"damage_taken":0.0},{"damage_healed":2.0,"max_hp_gain":0.0,"max_hp_loss":0.0,"gold_gain":0.0,"event_name":"Wheel of Change","player_choice":"Full Heal","floor":36.0,"gold_loss":0.0,"damage_taken":0.0},{"damage_healed":0.0,"max_hp_gain":0.0,"max_hp_loss":0.0,"gold_gain":0.0,"event_name":"Mysterious Sphere","player_choice":"Fight","floor":47.0,"gold_loss":0.0,"damage_taken":0.0}],"is_beta":false,"boss_relics":[{"not_picked":["Sozu","Tiny House"],"picked":"Velvet Choker"},{"not_picked":["Runic Dome","Orrery"],"picked":"Astrolabe"}],"items_purged_floors":[22,25,31,37],"is_endless":false,"potions_floor_spawned":[3,5,12,14,18,24,29,35,38,44,47],"ascension_level":14}