{"gold_per_floor":[112,262,262,282,24,24,56,68,68,31,64,64],"floor_reached":12,"playtime":323,"items_purged":["Defend_R"],"score":159,"play_id":"07362bcb-49d1-4ed7-af3c-5aab3b50deae","local_time":"20190718210845","is_ascension_mode":true,"campfire_choices":[{"data":"Discovery","floor":6,"key":"SMITH"}],"neow_cost":"NONE","seed_source_timestamp":520233069750800,"circlet_count":0,"master_deck":["AscendersBane","Strike_R","Strike_R","Strike_R","Strike_R","Strike_R","Defend_R","Defend_R","Defend_R","Bash","Thunderclap","Perfected Strike","Juggernaut","Discovery+1","Perfected Strike","Second Wind","Barricade"],"relics":["Burning Blood","Ancient Tea Set","Darkstone Periapt","Bottled Lightning","Bag of Marbles"],"potions_floor_usage":[7,11,12],"damage_taken":[{"damage":17,"enemies":"Small Slimes","floor":1,"turns":4},{"damage":16,"enemies":"Jaw Worm","floor":4,"turns":4},{"damage":16,"enemies":"3 Sentries","floor":7,"turns":4},{"damage":1,"enemies":"Cultist","floor":8,"turns":3},{"damage":35,"enemies":"Lagavulin","floor":11,"turns":5},{"damage":25,"enemies":"Exordium Thugs","floor":12,"turns":3}],"seed_played":"796343879288818357","potions_obtained":[{"floor":4,"key":"EssenceOfSteel"},{"floor":8,"key":"Poison Potion"},{"floor":11,"key":"Poison Potion"}],"is_trial":false,"path_per_floor":["M","?","?","M","$","R","E","M","T","$","E","M"],"character_chosen":"IRONCLAD","items_purchased":["Juggernaut","Discovery","Second Wind"],"campfire_rested":0,"item_purchase_floors":[5,5,10],"current_hp_per_floor":[57,57,57,47,47,47,37,42,42,42,13,0],"gold":64,"neow_bonus":"RANDOM_COMMON_RELIC","is_prod":false,"is_daily":false,"chose_seed":false,"campfire_upgraded":1,"win_rate":0,"timestamp":1563476925,"path_taken":["M","?","?","M","$","R","E","M","T","?","E","M"],"build_version":"2019-07-17","purchased_purges":1,"victory":false,"max_hp_per_floor":[75,75,75,75,75,75,75,75,75,75,75,75],"card_choices":[{"not_picked":["Twin Strike","Clothesline"],"picked":"Thunderclap","floor":1},{"not_picked":["Cleave","Wild Strike"],"picked":"Perfected Strike","floor":4},{"not_picked":["Dropkick","Carnage","Wild Strike"],"picked":"SKIP","floor":7},{"not_picked":["Ghostly Armor","Heavy Blade"],"picked":"Perfected Strike","floor":8},{"not_picked":["Intimidate","Havoc"],"picked":"Barricade","floor":11}],"player_experience":1675823,"relics_obtained":[{"floor":7,"key":"Darkstone Periapt"},{"floor":9,"key":"Bottled Lightning"},{"floor":11,"key":"Bag of Marbles"}],"event_choices":[{"damage_healed":0,"gold_gain":150,"player_choice":"AGREE","damage_taken":0,"max_hp_gain":0,"max_hp_loss":0,"event_name":"Liars Game","floor":2,"gold_loss":0,"cards_obtained":["Doubt"]},{"cards_removed":["Doubt"],"damage_healed":0,"gold_gain":0,"player_choice":"Forget","damage_taken":0,"max_hp_gain":0,"max_hp_loss":0,"event_name":"Living Wall","floor":3,"gold_loss":0}],"is_beta":false,"boss_relics":[],"items_purged_floors":[5],"is_endless":false,"potions_floor_spawned":[4,8,11],"killed_by":"Exordium Thugs","ascension_level":17}