{"gold_per_floor":[115,4,4,24,42,42,67,67,144,159,159,192,207,221,221,325,325,340,340,352,352,366,366,385,385,385,385,385,402,402,422,422,527,527,543,543,561,340,358,358,258,270,270,223,223,7,25,42,42,42],"floor_reached":51,"playtime":3464,"items_purged":["Strike_G","Strike_G","Strike_G"],"score":884,"play_id":"6e57f340-3e96-47d7-9d75-f74e112e79b6","local_time":"20190927010025","is_ascension_mode":true,"campfire_choices":[{"data":"Footwork","floor":6.0,"key":"SMITH"},{"data":"Neutralize","floor":8.0,"key":"SMITH"},{"data":"Neutralize","floor":15.0,"key":"SMITH"},{"data":"Glass Knife","floor":23,"key":"SMITH"},{"data":"RitualDagger","floor":25,"key":"SMITH"},{"floor":28,"key":"REST"},{"data":"Backflip","floor":30,"key":"SMITH"},{"data":"Blur","floor":32,"key":"SMITH"},{"data":"Backflip","floor":40,"key":"SMITH"},{"floor":49,"key":"REST"}],"neow_cost":"TEN_PERCENT_HP_LOSS","seed_source_timestamp":741497806281245,"circlet_count":0,"master_deck":["Defend_G","Defend_G","Defend_G","Defend_G","Defend_G","Survivor","Neutralize+1","Dagger Spray+1","Footwork+1","Predator+1","Blur+1","Backstab","Neutralize+1","Backstab","Backflip+1","Terror","Glass Knife+1","RitualDagger+1","Escape Plan+1","Footwork+1","Dodge and Roll+1","Die Die Die","Backflip+1","Outmaneuver","Flash of Steel","Outmaneuver+1","Acrobatics"],"special_seed":0,"relics":["Ring of the Snake","Darkstone Periapt","Regal Pillow","Cursed Key","Nloth\u0027s Gift","Orrery","Oddly Smooth Stone"],"potions_floor_usage":[33,33,37,50,50,50],"damage_taken":[{"damage":0.0,"enemies":"Small Slimes","floor":1.0,"turns":5.0},{"damage":0.0,"enemies":"Jaw Worm","floor":4.0,"turns":3.0},{"damage":0.0,"enemies":"Cultist","floor":5.0,"turns":4.0},{"damage":16.0,"enemies":"Gremlin Nob","floor":7.0,"turns":3.0},{"damage":0.0,"enemies":"Large Slime","floor":10.0,"turns":7.0},{"damage":4.0,"enemies":"3 Sentries","floor":12.0,"turns":7.0},{"damage":0.0,"enemies":"Looter","floor":13.0,"turns":3.0},{"damage":0.0,"enemies":"Gremlin Gang","floor":14.0,"turns":2.0},{"damage":22.0,"enemies":"Slime Boss","floor":16.0,"turns":12.0},{"damage":0,"enemies":"3 Byrds","floor":18,"turns":4},{"damage":0,"enemies":"Chosen","floor":20,"turns":4},{"damage":20,"enemies":"Sentry and Sphere","floor":22,"turns":4},{"damage":2,"enemies":"Centurion and Healer","floor":24,"turns":5},{"damage":3,"enemies":"Snecko","floor":29,"turns":6},{"damage":0,"enemies":"3 Cultists","floor":31,"turns":3},{"damage":0,"enemies":"Collector","floor":33,"turns":10},{"damage":2,"enemies":"3 Darklings","floor":35,"turns":7},{"damage":14,"enemies":"Orb Walker","floor":37,"turns":6},{"damage":0,"enemies":"Maw","floor":39,"turns":7},{"damage":12,"enemies":"3 Darklings","floor":42,"turns":7},{"damage":18,"enemies":"Writhing Mass","floor":47,"turns":7},{"damage":9,"enemies":"4 Shapes","floor":48,"turns":10},{"damage":16,"enemies":"Awakened One","floor":50,"turns":58}],"seed_played":"9140213526415307725","potions_obtained":[{"floor":4.0,"key":"Fire Potion"},{"floor":7.0,"key":"Fire Potion"},{"floor":10.0,"key":"SteroidPotion"},{"floor":13.0,"key":"Swift Potion"},{"floor":16.0,"key":"Dexterity Potion"},{"floor":20,"key":"Block Potion"},{"floor":29,"key":"EntropicBrew"},{"floor":39,"key":"Explosive Potion"},{"floor":47,"key":"Dexterity Potion"}],"is_trial":false,"path_per_floor":["M","$","?","M","M","R","E","R","T","M","?","E","M","M","R","B",null,"M","?","M","?","M","R","M","R","T","?","R","M","R","M","R","B",null,"M","?","M","$","M","R","$","M","T","$","?","$","M","M","R","B",null],"character_chosen":"THE_SILENT","items_purchased":["Footwork","Predator","Oddly Smooth Stone","Outmaneuver","Flash of Steel"],"campfire_rested":2,"item_purchase_floors":[2,2,38,44,46],"current_hp_per_floor":[63,63,63,63,63,63,47,47,47,47,47,43,43,43,43,21,53,53,47,47,47,27,27,25,25,25,25,58,55,55,55,55,55,63,61,61,47,47,47,47,47,35,35,35,32,32,14,5,38,22],"gold":42,"neow_bonus":"REMOVE_TWO","is_prod":false,"is_daily":false,"chose_seed":false,"campfire_upgraded":8,"win_rate":0,"timestamp":1569571225,"path_taken":["M","$","?","M","M","R","E","R","T","M","?","E","M","?","R","BOSS","M","?","M","?","M","R","?","R","T","?","R","M","R","M","R","BOSS","M","?","M","$","M","R","?","M","T","$","?","$","?","M","R","BOSS"],"build_version":"2019-07-17","purchased_purges":3,"victory":true,"max_hp_per_floor":[63,63,63,63,63,63,63,63,63,63,63,63,63,63,63,63,63,63,63,63,63,63,63,63,63,63,63,63,63,63,63,63,63,63,63,63,63,63,63,63,63,63,63,63,63,63,63,63,63,63],"card_choices":[{"not_picked":["Dodge and Roll","Crippling Poison"],"picked":"Dagger Spray","floor":1.0},{"not_picked":["Bouncing Flask","Skewer"],"picked":"Blur","floor":4.0},{"not_picked":["Backflip","Poisoned Stab"],"picked":"Backstab","floor":5.0},{"not_picked":["Poisoned Stab","Deflect","Bouncing Flask"],"picked":"SKIP","floor":7.0},{"not_picked":["Deflect","Acrobatics","Dagger Throw"],"picked":"SKIP","floor":10.0},{"not_picked":["Outmaneuver","Blade Dance"],"picked":"Backstab","floor":12.0},{"not_picked":["Acrobatics","Expertise"],"picked":"Backflip","floor":13.0},{"not_picked":["Sucker Punch","Blur"],"picked":"Terror","floor":14.0},{"not_picked":["Grand Finale","Storm of Steel"],"picked":"Glass Knife","floor":16.0},{"not_picked":["Blade Dance","Acrobatics+1","Backstab"],"picked":"SKIP","floor":18},{"not_picked":["Blade Dance+1","Flying Knee","Deadly Poison"],"picked":"SKIP","floor":20},{"not_picked":["Poisoned Stab+1","Accuracy+1","Bane+1"],"picked":"SKIP","floor":22},{"not_picked":["Deadly Poison","Slice","Riddle With Holes+1"],"picked":"SKIP","floor":24},{"not_picked":["Dagger Throw+1","Slice"],"picked":"Escape Plan+1","floor":29},{"not_picked":["Riddle With Holes","Doppelganger","Deadly Poison"],"picked":"SKIP","floor":31},{"not_picked":["Wraith Form v2","Flying Knee"],"picked":"Footwork+1","floor":34},{"not_picked":["Sucker Punch","Flying Knee+1"],"picked":"Dodge and Roll+1","floor":34},{"not_picked":["Endless Agony","Reflex+1"],"picked":"Die Die Die","floor":34},{"not_picked":["Choke+1","Flying Knee+1","Deadly Poison+1"],"picked":"SKIP","floor":35},{"not_picked":["Deadly Poison","Caltrops","Deflect"],"picked":"SKIP","floor":37},{"not_picked":["Eviscerate+1","Bane+1"],"picked":"Backflip","floor":39},{"not_picked":["Predator+1","PiercingWail+1","Dodge and Roll+1"],"picked":"SKIP","floor":42},{"not_picked":["Sucker Punch","Finisher+1"],"picked":"Outmaneuver+1","floor":47},{"not_picked":["Outmaneuver+1","Riddle With Holes+1"],"picked":"Acrobatics","floor":48}],"player_experience":248580,"relics_obtained":[{"floor":7.0,"key":"Whetstone"},{"floor":9.0,"key":"Darkstone Periapt"},{"floor":12.0,"key":"Regal Pillow"}],"event_choices":[{"damage_healed":0.0,"max_hp_gain":0.0,"max_hp_loss":0.0,"gold_gain":0.0,"event_name":"Liars Game","player_choice":"Ignored","floor":3.0,"gold_loss":0.0,"damage_taken":0.0},{"damage_healed":0.0,"max_hp_gain":0.0,"max_hp_loss":0.0,"gold_gain":0.0,"event_name":"Match and Keep!","player_choice":"1 cards matched","floor":11.0,"gold_loss":0.0,"damage_taken":0.0,"cards_obtained":["Neutralize"]},{"damage_healed":0,"gold_gain":0,"player_choice":"Joined the Cult","damage_taken":6,"max_hp_gain":0,"max_hp_loss":0,"event_name":"Nest","floor":19,"gold_loss":0,"cards_obtained":["RitualDagger"]},{"damage_healed":0,"gold_gain":0,"player_choice":"Traded Relic","damage_taken":0,"relics_obtained":["Nloth\u0027s Gift"],"max_hp_gain":0,"max_hp_loss":0,"event_name":"N\u0027loth","floor":21,"relics_lost":["Whetstone"],"gold_loss":0},{"damage_healed":0,"gold_gain":0,"player_choice":"Ignored","damage_taken":0,"max_hp_gain":0,"max_hp_loss":0,"event_name":"Cursed Tome","floor":27,"gold_loss":0},{"damage_healed":0,"gold_gain":0,"player_choice":"0 cards matched","damage_taken":0,"max_hp_gain":0,"max_hp_loss":0,"event_name":"Match and Keep!","floor":36,"gold_loss":0,"cards_obtained":[]},{"damage_healed":0,"gold_gain":0,"player_choice":"Punched","damage_taken":3,"max_hp_gain":0,"max_hp_loss":0,"event_name":"Designer","floor":45,"gold_loss":0}],"is_beta":false,"boss_relics":[{"not_picked":["White Beast Statue","Runic Dome"],"picked":"Cursed Key"},{"not_picked":["Philosopher\u0027s Stone","Coffee Dripper"],"picked":"Orrery"}],"items_purged_floors":[38,41,46],"is_endless":false,"potions_floor_spawned":[4,7,10,13,16,20,29,31,33,39,47],"ascension_level":6}