{"gold_per_floor":[114,94,109,121,137,137,172,188,188,338,8,33,33,46,46,118,118,130,130,130],"floor_reached":20,"playtime":2545,"items_purged":["Doubt"],"score":322,"play_id":"2b8bb8b7-83c1-4b0a-9d27-4a6f72789290","local_time":"20190706182805","is_ascension_mode":true,"campfire_choices":[{"data":"Zap","floor":6.0,"key":"SMITH"},{"data":"Armaments","floor":13,"key":"SMITH"},{"data":"Consume","floor":15,"key":"SMITH"}],"neow_cost":"NONE","seed_source_timestamp":29002202394100,"circlet_count":0,"master_deck":["AscendersBane","Strike_B","Strike_B","Strike_B","Strike_B","Defend_B","Defend_B","Defend_B","Defend_B","Zap+1","Dualcast","Consume+1","Glacier","Compile Driver","Undo","FTL","Cold Snap","Storm","Armaments+1","Flex","Buffer","Genetic Algorithm","Ghostly","Ghostly","Ghostly"],"special_seed":0,"relics":["Cracked Core","NeowsBlessing","Vajra","Nunchaku","PrismaticShard","Odd Mushroom","Inserter"],"potions_floor_usage":[],"damage_taken":[{"damage":0.0,"enemies":"Small Slimes","floor":1.0,"turns":1.0},{"damage":0.0,"enemies":"Cultist","floor":3.0,"turns":1.0},{"damage":0.0,"enemies":"Jaw Worm","floor":4.0,"turns":1.0},{"damage":7.0,"enemies":"Looter","floor":5.0,"turns":4.0},{"damage":15.0,"enemies":"3 Sentries","floor":7.0,"turns":11.0},{"damage":13.0,"enemies":"Exordium Wildlife","floor":8.0,"turns":4.0},{"damage":4.0,"enemies":"The Mushroom Lair","floor":12.0,"turns":7.0},{"damage":1,"enemies":"2 Fungi Beasts","floor":14,"turns":4},{"damage":38,"enemies":"Slime Boss","floor":16,"turns":12},{"damage":7,"enemies":"Shell Parasite","floor":18,"turns":10},{"damage":36,"enemies":"3 Byrds","floor":20,"turns":6}],"seed_played":"-7223163516603170302","potions_obtained":[{"floor":1.0,"key":"Weak Potion"},{"floor":2.0,"key":"Strength Potion"},{"floor":4.0,"key":"EntropicBrew"},{"floor":8.0,"key":"SkillPotion"},{"floor":18,"key":"Fire Potion"}],"is_trial":false,"path_per_floor":["M","?","M","M","M","R","E","M","T","?","$","?","R","M","R","B",null,"M","?","M"],"character_chosen":"DEFECT","items_purchased":["PrismaticShard","Storm"],"campfire_rested":0,"item_purchase_floors":[11,11],"current_hp_per_floor":[64,64,64,64,57,57,42,29,29,29,29,40,40,39,39,1,54,47,35,0],"gold":130,"neow_bonus":"THREE_ENEMY_KILL","is_prod":false,"is_daily":false,"chose_seed":false,"campfire_upgraded":3,"win_rate":0,"timestamp":1562430485,"path_taken":["M","?","?","?","M","R","E","M","T","?","$","?","R","M","R","BOSS","M","?","M"],"build_version":"2019-07-05","purchased_purges":1,"victory":false,"max_hp_per_floor":[71,71,71,71,71,71,71,71,71,71,71,71,71,71,71,71,71,71,35,35],"card_choices":[{"not_picked":["Steam Power","Rebound"],"picked":"Consume","floor":1.0},{"not_picked":["Compile Driver","Sweeping Beam"],"picked":"Glacier","floor":3.0},{"not_picked":["Turbo","Steam Power"],"picked":"Compile Driver","floor":4.0},{"not_picked":["Aggregate","Turbo"],"picked":"Undo","floor":5.0},{"not_picked":["Coolheaded","Compile Driver"],"picked":"FTL","floor":7.0},{"not_picked":["Chill","Amplify"],"picked":"Cold Snap","floor":8.0},{"not_picked":["Evolve","Thunderclap"],"picked":"Armaments","floor":12.0},{"not_picked":["Swift Strike","Stack"],"picked":"Flex","floor":14},{"not_picked":["Secret Weapon","Violence"],"picked":"Buffer","floor":16},{"not_picked":["Expertise","Prepared"],"picked":"Genetic Algorithm","floor":18}],"player_experience":1628730,"relics_obtained":[{"floor":7.0,"key":"Vajra"},{"floor":9.0,"key":"Nunchaku"},{"floor":12.0,"key":"Odd Mushroom"}],"event_choices":[{"damage_healed":0.0,"max_hp_gain":0.0,"max_hp_loss":0.0,"gold_gain":0.0,"event_name":"The Woman in Blue","player_choice":"Bought 1 Potion","floor":2.0,"gold_loss":0.0,"damage_taken":0.0},{"damage_healed":0.0,"max_hp_gain":0.0,"max_hp_loss":0.0,"gold_gain":150.0,"event_name":"Liars Game","player_choice":"AGREE","floor":10.0,"gold_loss":0.0,"damage_taken":0.0,"cards_obtained":["Doubt"]},{"damage_healed":0.0,"max_hp_gain":0.0,"max_hp_loss":0.0,"gold_gain":0.0,"event_name":"Mushrooms","player_choice":"Fought Mushrooms","floor":12.0,"gold_loss":0.0,"damage_taken":0.0},{"damage_healed":0,"gold_gain":0,"player_choice":"Became a Ghost","damage_taken":0,"max_hp_gain":0,"max_hp_loss":36,"event_name":"Ghosts","floor":19,"gold_loss":0,"cards_obtained":["Ghostly","Ghostly","Ghostly"]}],"is_beta":false,"boss_relics":[{"not_picked":["FrozenCore","Busted Crown"],"picked":"Inserter"}],"items_purged_floors":[11],"is_endless":false,"potions_floor_spawned":[1,4,8,18],"killed_by":"3 Byrds","ascension_level":17}