{"gold_per_floor":[18,18,18,18,34,34,34,34,34,34,70,106,122,21,21,115,115,138,38,56,56,77,77,77,97,97,47,47,47],"floor_reached":29,"playtime":894,"items_purged":["Injury","Strike_B"],"score":394,"play_id":"fa181007-bbf3-44a5-bd01-183a4fa62117","local_time":"20190622061248","is_ascension_mode":true,"campfire_choices":[{"data":"Zap","floor":6,"key":"SMITH"},{"data":"Redo","floor":8,"key":"SMITH"},{"data":"Go for the Eyes","floor":10,"key":"SMITH"},{"floor":15,"key":"REST"},{"data":"Rainbow","floor":23,"key":"SMITH"},{"data":"Capacitor","floor":24,"key":"SMITH"},{"floor":28,"key":"REST"}],"neow_cost":"NO_GOLD","seed_source_timestamp":366970784126300,"circlet_count":0,"master_deck":["AscendersBane","Strike_B+1","Strike_B+1","Defend_B","Defend_B","Defend_B","Zap+1","Dualcast","Go for the Eyes+1","Redo+1","Beam Cell","White Noise","Echo Form+1","Ball Lightning","Rainbow+1","Self Repair","Capacitor+1","Conserve Battery","Fission"],"relics":["Cracked Core","Nunchaku","WingedGreaves","Golden Idol","Gambling Chip","DataDisk","Odd Mushroom","Lizard Tail","Girya"],"potions_floor_usage":[25,29],"damage_taken":[{"damage":0,"enemies":"Jaw Worm","floor":1,"turns":3},{"damage":4,"enemies":"Cultist","floor":5,"turns":3},{"damage":37,"enemies":"Gremlin Nob","floor":11,"turns":5},{"damage":4,"enemies":"The Mushroom Lair","floor":12,"turns":3},{"damage":5,"enemies":"Small Slimes","floor":13,"turns":3},{"damage":27,"enemies":"The Guardian","floor":16,"turns":9},{"damage":32,"enemies":"2 Thieves","floor":18,"turns":4},{"damage":17,"enemies":"Spheric Guardian","floor":20,"turns":5},{"damage":34,"enemies":"Snake Plant","floor":22,"turns":4},{"damage":27,"enemies":"Centurion and Healer","floor":25,"turns":7},{"damage":29,"enemies":"Cultist and Chosen","floor":29,"turns":4}],"seed_played":"8895216216714755230","potions_obtained":[{"floor":12,"key":"Ancient Potion"},{"floor":22,"key":"AttackPotion"},{"floor":25,"key":"Strength Potion"}],"is_trial":false,"path_per_floor":["M","?","?","T","M","R","?","R","T","R","E","?","M","$","R","B",null,"M","$","M","?","M","R","R","M","T","?","R","M"],"character_chosen":"DEFECT","items_purchased":["Ball Lightning"],"campfire_rested":2,"item_purchase_floors":[14],"current_hp_per_floor":[64,53,58,58,54,54,54,54,54,54,17,13,8,8,30,3,58,26,26,23,23,32,32,32,5,5,5,27,0],"gold":47,"neow_bonus":"REMOVE_TWO","is_prod":false,"is_daily":false,"chose_seed":false,"campfire_upgraded":5,"win_rate":0,"timestamp":1561176768,"path_taken":["M","?","?","?","?","R","?","R","T","R","E","?","M","$","R","BOSS","M","$","M","?","M","R","R","?","T","?","R","M"],"build_version":"2019-01-23","purchased_purges":2,"victory":false,"max_hp_per_floor":[71,71,76,76,76,76,76,76,76,76,76,76,76,76,76,76,76,76,76,76,76,76,76,76,76,76,76,76,76],"card_choices":[{"not_picked":["Turbo","Redo"],"picked":"Go for the Eyes","floor":1},{"not_picked":["Skim","Barrage"],"picked":"Redo","floor":5},{"not_picked":["Recycle","Rebound"],"picked":"Beam Cell","floor":11},{"not_picked":["Barrage","FTL"],"picked":"White Noise","floor":12},{"not_picked":["Streamline","Consume"],"picked":"Echo Form","floor":13},{"not_picked":["Meteor Strike","Machine Learning"],"picked":"Rainbow","floor":16},{"not_picked":["Beam Cell","Hologram"],"picked":"Self Repair","floor":18},{"not_picked":["Go for the Eyes","Conserve Battery"],"picked":"Capacitor","floor":20},{"not_picked":["Tempest","Barrage"],"picked":"Conserve Battery","floor":22},{"not_picked":["Streamline","Redo"],"picked":"Fission","floor":25}],"player_experience":1426168,"relics_obtained":[{"floor":4,"key":"WingedGreaves"},{"floor":9,"key":"Gambling Chip"},{"floor":11,"key":"DataDisk"},{"floor":12,"key":"Odd Mushroom"},{"floor":26,"key":"Girya"}],"event_choices":[{"damage_healed":0,"gold_gain":0,"player_choice":"Success","damage_taken":11,"relics_obtained":["Nunchaku"],"max_hp_gain":0,"max_hp_loss":0,"event_name":"Scrap Ooze","floor":2,"gold_loss":0},{"damage_healed":0,"gold_gain":0,"player_choice":"Donut","damage_taken":0,"max_hp_gain":5,"max_hp_loss":0,"event_name":"Big Fish","floor":3,"gold_loss":0},{"damage_healed":0,"gold_gain":0,"player_choice":"Take Wound","damage_taken":0,"relics_obtained":["Golden Idol"],"max_hp_gain":0,"max_hp_loss":0,"event_name":"Golden Idol","floor":7,"gold_loss":0,"cards_obtained":["Injury"]},{"damage_healed":0,"gold_gain":0,"player_choice":"Fought Mushrooms","damage_taken":0,"max_hp_gain":0,"max_hp_loss":0,"event_name":"Mushrooms","floor":12,"gold_loss":0},{"damage_healed":0,"gold_gain":0,"player_choice":"Forge","damage_taken":0,"max_hp_gain":0,"max_hp_loss":0,"event_name":"Accursed Blacksmith","floor":21,"gold_loss":0,"cards_upgraded":["Echo Form"]},{"damage_healed":0,"gold_gain":0,"player_choice":"Upgraded Two","damage_taken":0,"max_hp_gain":0,"max_hp_loss":0,"event_name":"Designer","floor":27,"gold_loss":50,"cards_upgraded":["Strike_B","Strike_B"]}],"is_beta":false,"boss_relics":[{"not_picked":["White Beast Statue","Runic Dome"],"picked":"Lizard Tail"}],"items_purged_floors":[14,19],"is_endless":false,"potions_floor_spawned":[12,22,25],"killed_by":"Cultist and Chosen","ascension_level":16}