{"gold_per_floor":[362,378,378,258,258,258,293,293,293,293,336,349,349,372,372,491,491,509,527,139,139,160,160,0,0],"floor_reached":25,"playtime":926,"items_purged":["Strike_R","Strike_R"],"score":303,"play_id":"c19effd6-820d-48fe-b9da-c4fe9d9b2449","local_time":"20190916231347","is_ascension_mode":true,"campfire_choices":[{"data":"Body Slam","floor":6.0,"key":"SMITH"},{"data":"Pommel Strike","floor":8.0,"key":"SMITH"},{"floor":10.0,"key":"REST"},{"data":"Bash","floor":13.0,"key":"SMITH"},{"floor":15.0,"key":"REST"},{"data":"True Grit","floor":23.0,"key":"SMITH"}],"neow_cost":"PERCENT_DAMAGE","seed_source_timestamp":344025089790442,"circlet_count":0,"master_deck":["Strike_R","Strike_R","Strike_R","Defend_R","Defend_R","Defend_R+1","Defend_R+1","Bash+1","Pommel Strike+1","Body Slam+1","Limit Break","Reaper","Shockwave","True Grit+1","Master of Strategy","Decay","Cleave","Fiend Fire"],"special_seed":0,"relics":["Burning Blood","Golden Idol","War Paint","Boot","PreservedInsect","Cursed Key"],"potions_floor_usage":[25],"damage_taken":[{"damage":1.0,"enemies":"Cultist","floor":1.0,"turns":3.0},{"damage":14.0,"enemies":"Jaw Worm","floor":2.0,"turns":5.0},{"damage":20.0,"enemies":"Gremlin Nob","floor":7.0,"turns":4.0},{"damage":35.0,"enemies":"Lagavulin","floor":11.0,"turns":7.0},{"damage":0.0,"enemies":"Small Slimes","floor":12.0,"turns":3.0},{"damage":2.0,"enemies":"Exordium Thugs","floor":14.0,"turns":5.0},{"damage":58.0,"enemies":"Slime Boss","floor":16.0,"turns":14.0},{"damage":27.0,"enemies":"Chosen","floor":18.0,"turns":5.0},{"damage":34.0,"enemies":"Shell Parasite","floor":19.0,"turns":6.0},{"damage":19.0,"enemies":"Centurion and Healer","floor":22.0,"turns":7.0},{"damage":33,"enemies":"Book of Stabbing","floor":25,"turns":4}],"seed_played":"-2182270049943899959","potions_obtained":[{"floor":2.0,"key":"PowerPotion"},{"floor":11.0,"key":"SpeedPotion"},{"floor":12.0,"key":"Poison Potion"},{"floor":14.0,"key":"Dexterity Potion"},{"floor":22.0,"key":"GamblersBrew"}],"is_trial":false,"path_per_floor":["M","M","?","$","?","R","E","R","T","R","E","M","R","M","R","B",null,"M","M","$","?","M","R","$","E"],"character_chosen":"IRONCLAD","items_purchased":["Body Slam","True Grit","Master of Strategy","Regen Potion","Fiend Fire"],"campfire_rested":2,"item_purchase_floors":[4,20,20,20,24],"current_hp_per_floor":[56,48,48,48,48,48,34,34,34,56,27,33,33,37,59,7,57,42,17,17,17,31,31,31,0],"gold":0,"neow_bonus":"TWO_FIFTY_GOLD","is_prod":false,"is_daily":false,"chose_seed":false,"campfire_upgraded":4,"win_rate":0,"timestamp":1568700827,"path_taken":["M","?","?","?","?","R","E","R","T","R","E","M","R","M","R","BOSS","M","M","$","?","M","R","?","E"],"build_version":"2019-07-17","purchased_purges":2,"victory":false,"max_hp_per_floor":[80,80,80,80,74,74,74,74,74,74,74,74,74,74,74,74,74,74,74,74,74,74,74,74,74],"card_choices":[{"not_picked":["Iron Wave","Searing Blow","Havoc"],"picked":"SKIP","floor":1.0},{"not_picked":["Sever Soul","Clothesline"],"picked":"Pommel Strike","floor":2.0},{"not_picked":["Rampage","Seeing Red","Havoc"],"picked":"SKIP","floor":7.0},{"not_picked":["Flame Barrier","Thunderclap"],"picked":"Limit Break","floor":11.0},{"not_picked":["Fire Breathing","Sword Boomerang","Heavy Blade"],"picked":"SKIP","floor":12.0},{"not_picked":["Searing Blow","Combust","Hemokinesis"],"picked":"SKIP","floor":14.0},{"not_picked":["Limit Break","Feed"],"picked":"Reaper","floor":16.0},{"not_picked":["Body Slam","Searing Blow","Sentinel+1"],"picked":"SKIP","floor":18.0},{"not_picked":["Entrench","Metallicize"],"picked":"Shockwave","floor":19.0},{"not_picked":["Headbutt","Clothesline"],"picked":"Cleave","floor":22.0}],"player_experience":209028,"relics_obtained":[{"floor":7.0,"key":"War Paint"},{"floor":9.0,"key":"Boot"},{"floor":11.0,"key":"PreservedInsect"}],"event_choices":[{"damage_healed":0.0,"max_hp_gain":0.0,"max_hp_loss":0.0,"gold_gain":0.0,"event_name":"Shining Light","player_choice":"Ignored","floor":3.0,"gold_loss":0.0,"damage_taken":0.0},{"damage_healed":0.0,"max_hp_gain":0.0,"max_hp_loss":6.0,"gold_gain":0.0,"event_name":"Golden Idol","player_choice":"Lose Max HP","floor":5.0,"gold_loss":0.0,"damage_taken":0.0,"relics_obtained":["Golden Idol"]},{"damage_healed":0.0,"max_hp_gain":0.0,"max_hp_loss":0.0,"gold_gain":0.0,"event_name":"Wheel of Change","player_choice":"Cursed","floor":21.0,"gold_loss":0.0,"damage_taken":0.0,"cards_obtained":["Decay"]}],"is_beta":false,"boss_relics":[{"not_picked":["Sozu","Eternal Feather"],"picked":"Cursed Key"}],"items_purged_floors":[4,20],"is_endless":false,"potions_floor_spawned":[2,11,12,14,22],"killed_by":"Book of Stabbing","ascension_level":9}