{"gold_per_floor":[129,142,292,367,404,404,434,434,434,17,17,101,101,101,101,101],"floor_reached":16,"playtime":470,"items_purged":["Doubt"],"score":181,"play_id":"f6b075cb-401f-42c6-bebd-25c39e5e8326","local_time":"20190706115809","is_ascension_mode":true,"campfire_choices":[{"data":"Armaments","floor":6,"key":"SMITH"},{"floor":8,"key":"REST"},{"data":"HandOfGreed","floor":11,"key":"SMITH"},{"floor":15,"key":"REST"}],"neow_cost":"PERCENT_DAMAGE","seed_source_timestamp":9055393143700,"circlet_count":0,"master_deck":["AscendersBane","Strike_R","Strike_R","Strike_R","Strike_R","Strike_R","Defend_R","Defend_R","Defend_R","Defend_R","Bash","HandOfGreed+1","Jack Of All Trades","Body Slam","Armaments+1","Ghostly Armor","Heavy Blade","Flex","Feed","Injury"],"relics":["Burning Blood","Singing Bowl","Paper Frog","Torii","Dodecahedron","Golden Idol"],"potions_floor_usage":[],"damage_taken":[{"damage":0,"enemies":"Cultist","floor":1,"turns":3},{"damage":18,"enemies":"Small Slimes","floor":2,"turns":4},{"damage":18,"enemies":"2 Louse","floor":5,"turns":4},{"damage":8,"enemies":"Large Slime","floor":7,"turns":6},{"damage":17,"enemies":"3 Sentries","floor":12,"turns":8},{"damage":50,"enemies":"Slime Boss","floor":16,"turns":10}],"seed_played":"7833788694496298826","potions_obtained":[{"floor":2,"key":"Ancient Potion"}],"is_trial":false,"path_per_floor":["M","M","?","?","M","R","M","R","T","$","R","E","?","?","R","B"],"character_chosen":"IRONCLAD","items_purchased":["Paper Frog","Flex"],"campfire_rested":2,"item_purchase_floors":[10,10],"current_hp_per_floor":[56,44,44,33,21,21,19,41,41,41,41,30,19,19,41,0],"gold":101,"neow_bonus":"RANDOM_COLORLESS_2","is_prod":false,"is_daily":false,"chose_seed":false,"campfire_upgraded":2,"win_rate":0,"timestamp":1562407089,"path_taken":["M","M","?","?","M","R","M","R","T","$","R","E","?","?","R","BOSS"],"build_version":"2019-07-05","purchased_purges":1,"victory":false,"max_hp_per_floor":[75,75,75,75,75,75,75,75,75,75,75,75,75,75,75,79],"card_choices":[{"not_picked":["Burning Pact","Twin Strike"],"picked":"Body Slam","floor":1},{"not_picked":["Anger","Iron Wave"],"picked":"Armaments","floor":2},{"not_picked":["Clash","Clothesline"],"picked":"Ghostly Armor","floor":5},{"not_picked":["Sword Boomerang","Armaments"],"picked":"Heavy Blade","floor":7},{"not_picked":["Blood for Blood","Burning Pact"],"picked":"Feed","floor":12}],"player_experience":1609680,"relics_obtained":[{"floor":9,"key":"Singing Bowl"},{"floor":12,"key":"Torii"}],"event_choices":[{"damage_healed":0,"gold_gain":150,"player_choice":"AGREE","damage_taken":0,"max_hp_gain":0,"max_hp_loss":0,"event_name":"Liars Game","floor":3,"gold_loss":0,"cards_obtained":["Doubt"]},{"damage_healed":0,"gold_gain":75,"player_choice":"Gather Gold","damage_taken":11,"max_hp_gain":0,"max_hp_loss":0,"event_name":"World of Goop","floor":4,"gold_loss":0},{"damage_healed":0,"gold_gain":0,"player_choice":"Success","damage_taken":11,"relics_obtained":["Dodecahedron"],"max_hp_gain":0,"max_hp_loss":0,"event_name":"Scrap Ooze","floor":13,"gold_loss":0},{"damage_healed":0,"gold_gain":0,"player_choice":"Take Wound","damage_taken":0,"relics_obtained":["Golden Idol"],"max_hp_gain":0,"max_hp_loss":0,"event_name":"Golden Idol","floor":14,"gold_loss":0,"cards_obtained":["Injury"]}],"is_beta":false,"boss_relics":[],"items_purged_floors":[10],"is_endless":false,"potions_floor_spawned":[2],"killed_by":"Slime Boss","ascension_level":17}