{"gold_per_floor":[20,95,105,118,132,158,181,224,236,248,286,113,113,113,113,186,186,186],"floor_reached":18,"playtime":1269,"items_purged":["Strike_G"],"score":306,"play_id":"daa10d99-cef8-4210-9f4e-16d693c67985","local_time":"20190525214802","is_ascension_mode":true,"campfire_choices":[{"floor":10,"key":"REST"},{"floor":13,"key":"REST"},{"data":"Discovery","floor":15,"key":"SMITH"}],"neow_cost":"NO_GOLD","seed_source_timestamp":1031042666098300,"circlet_count":0,"master_deck":["AscendersBane","Defend_G","Defend_G","Defend_G","Defend_G","Defend_G","Strike_G","Strike_G","Strike_G","Survivor","Neutralize","Discovery+1","Finesse","Backflip","Dagger Throw","Burst","Deflect","Flying Knee","Tools of the Trade","Well Laid Plans","Blur","Dash","Doppelganger"],"relics":["Ring of the Snake","MawBank","Bottled Tornado","The Courier","Odd Mushroom","Lizard Tail"],"potions_floor_usage":[6,6,7,8,8,11,16,16],"damage_taken":[{"damage":0,"enemies":"2 Louse","floor":1,"turns":2},{"damage":0,"enemies":"Jaw Worm","floor":3,"turns":4},{"damage":0,"enemies":"Small Slimes","floor":4,"turns":5},{"damage":0,"enemies":"Red Slaver","floor":5,"turns":4},{"damage":30,"enemies":"Gremlin Nob","floor":6,"turns":5},{"damage":6,"enemies":"Large Slime","floor":7,"turns":8},{"damage":18,"enemies":"Lagavulin","floor":8,"turns":6},{"damage":25,"enemies":"The Mushroom Lair","floor":11,"turns":5},{"damage":31,"enemies":"Hexaghost","floor":16,"turns":9},{"damage":129,"enemies":"Chosen","floor":18,"turns":14}],"seed_played":"-3598903360340339717","potions_obtained":[{"floor":3,"key":"Block Potion"},{"floor":5,"key":"Regen Potion"},{"floor":6,"key":"EntropicBrew"},{"floor":8,"key":"Regen Potion"}],"is_trial":false,"path_per_floor":["M","?","M","M","M","E","M","E","T","R","?","$","R","?","R","B",null,"M"],"character_chosen":"THE_SILENT","items_purchased":["LiquidBronze","LiquidBronze"],"campfire_rested":2,"item_purchase_floors":[12,12],"current_hp_per_floor":[59,48,48,48,48,32,26,8,8,27,16,16,35,35,35,4,51,0],"gold":186,"neow_bonus":"RANDOM_COLORLESS_2","is_prod":false,"is_daily":false,"chose_seed":false,"campfire_upgraded":1,"win_rate":0,"timestamp":1558813682,"path_taken":["M","?","M","M","M","E","M","E","T","R","?","$","R","?","R","BOSS","M"],"build_version":"2019-01-23","purchased_purges":1,"victory":false,"max_hp_per_floor":[66,66,66,66,66,66,66,66,66,66,66,66,66,66,66,66,66,66],"card_choices":[{"not_picked":["Outmaneuver","Flying Knee"],"picked":"Backflip","floor":1},{"not_picked":["Blade Dance","Underhanded Strike"],"picked":"Dagger Throw","floor":3},{"not_picked":["Tactician","Blade Dance"],"picked":"Burst","floor":4},{"not_picked":["Dagger Spray","Outmaneuver"],"picked":"Deflect","floor":5},{"not_picked":["Calculated Gamble","Terror"],"picked":"Flying Knee","floor":6},{"not_picked":["Cloak And Dagger","Dagger Throw"],"picked":"Tools of the Trade","floor":7},{"not_picked":["Poisoned Stab","Concentrate"],"picked":"Well Laid Plans","floor":8},{"not_picked":["Slice","Escape Plan"],"picked":"Blur","floor":11},{"not_picked":["Die Die Die","Burst"],"picked":"Doppelganger","floor":16}],"player_experience":1205889,"relics_obtained":[{"floor":6,"key":"MawBank"},{"floor":8,"key":"Bottled Tornado"},{"floor":9,"key":"The Courier"},{"floor":11,"key":"Odd Mushroom"}],"event_choices":[{"damage_healed":0,"gold_gain":75,"player_choice":"Gather Gold","damage_taken":11,"max_hp_gain":0,"max_hp_loss":0,"event_name":"World of Goop","floor":2,"gold_loss":0},{"damage_healed":0,"gold_gain":0,"player_choice":"Fought Mushrooms","damage_taken":0,"max_hp_gain":0,"max_hp_loss":0,"event_name":"Mushrooms","floor":11,"gold_loss":0},{"damage_healed":0,"gold_gain":0,"cards_transformed":["Strike_G"],"player_choice":"Change","damage_taken":0,"max_hp_gain":0,"max_hp_loss":0,"event_name":"Living Wall","floor":14,"gold_loss":0,"cards_obtained":["Dash"]}],"is_beta":false,"boss_relics":[{"not_picked":["Philosopher\u0027s Stone","Calling Bell"],"picked":"Lizard Tail"}],"items_purged_floors":[12],"is_endless":false,"potions_floor_spawned":[3,5,6,8],"killed_by":"Chosen","ascension_level":16}