{"gold_per_floor":[113,113,188,205,34,64,64,96,96,96,111,131,131,144,144,218,218,230,247,4,16,16,16,53,71,124,124,24,24,56,6,6,6],"floor_reached":33,"playtime":1419,"items_purged":["Strike_B","Strike_B"],"score":665,"play_id":"1aa2c092-0d95-49b9-9961-daf4aaa2a0c1","local_time":"20190815161404","is_ascension_mode":true,"campfire_choices":[{"data":"Defragment","floor":7,"key":"SMITH"},{"floor":13,"key":"REST"},{"floor":15,"key":"REST"},{"data":"Zap","floor":23,"key":"SMITH"},{"floor":29,"key":"REST"},{"data":"Ghostly","floor":32,"key":"SMITH"}],"neow_cost":"NONE","seed_source_timestamp":125824373990600,"circlet_count":0,"master_deck":["AscendersBane","Strike_B","Strike_B","Defend_B","Defend_B","Defend_B","Defend_B","Zap+1","Dualcast","Reinforced Body","Gash","Capacitor","Gash","Defragment+1","Go for the Eyes","Glacier","Ball Lightning","Coolheaded","Biased Cognition","Self Repair","Magnetism","Force Field","Ghostly+1","Ghostly","Ghostly","Stack","Redo+1","Steam Power"],"relics":["Cracked Core","NeowsBlessing","Cables","Orichalcum","Happy Flower","Bottled Flame","Busted Crown","Bag of Preparation","Pen Nib"],"potions_floor_usage":[8,16,18,21,25,33],"damage_taken":[{"damage":0,"enemies":"Jaw Worm","floor":1,"turns":1},{"damage":0,"enemies":"2 Louse","floor":4,"turns":1},{"damage":0,"enemies":"Lagavulin","floor":6,"turns":1},{"damage":22,"enemies":"3 Sentries","floor":8,"turns":7},{"damage":0,"enemies":"Cultist","floor":11,"turns":3},{"damage":6,"enemies":"Looter","floor":12,"turns":3},{"damage":11,"enemies":"3 Louse","floor":14,"turns":3},{"damage":0,"enemies":"Slime Boss","floor":16,"turns":11},{"damage":21,"enemies":"Chosen","floor":18,"turns":4},{"damage":0,"enemies":"Spheric Guardian","floor":19,"turns":5},{"damage":30,"enemies":"Shelled Parasite and Fungi","floor":21,"turns":5},{"damage":7,"enemies":"Chosen and Byrds","floor":24,"turns":11},{"damage":10,"enemies":"3 Cultists","floor":25,"turns":6},{"damage":7,"enemies":"Book of Stabbing","floor":30,"turns":6},{"damage":40,"enemies":"Automaton","floor":33,"turns":6}],"seed_played":"-522932562469703494","potions_obtained":[{"floor":1,"key":"SpeedPotion"},{"floor":4,"key":"SmokeBomb"},{"floor":8,"key":"FearPotion"},{"floor":16,"key":"FearPotion"},{"floor":21,"key":"SpeedPotion"},{"floor":30,"key":"EssenceOfSteel"}],"is_trial":false,"path_per_floor":["M","?","?","M","$","E","R","E","T","$","M","M","R","M","R","B",null,"M","M","$","M","?","R","M","M","T","?","$","R","E","?","R","B"],"character_chosen":"DEFECT","items_purchased":["Capacitor","Gash","Magnetism","PowerPotion"],"campfire_rested":3,"item_purchase_floors":[5,5,20,20],"current_hp_per_floor":[64,53,42,42,42,42,42,20,20,20,20,14,35,24,45,45,65,44,44,44,21,21,21,21,18,18,25,25,35,35,35,35,0],"gold":6,"neow_bonus":"THREE_ENEMY_KILL","is_prod":false,"is_daily":false,"chose_seed":false,"campfire_upgraded":3,"win_rate":0,"timestamp":1565878444,"path_taken":["M","?","?","?","?","E","R","E","T","$","M","M","R","M","R","BOSS","M","M","$","M","?","R","M","M","T","?","?","R","E","?","R","BOSS"],"build_version":"2019-07-17","purchased_purges":2,"victory":false,"max_hp_per_floor":[71,71,71,71,71,71,71,71,71,71,71,71,71,71,71,71,71,71,71,71,71,35,35,35,35,35,35,35,35,35,35,35,35],"card_choices":[{"not_picked":["Lockon","Stack"],"picked":"Reinforced Body","floor":1},{"not_picked":["Beam Cell","Go for the Eyes"],"picked":"Gash","floor":4},{"not_picked":["Redo","Compile Driver"],"picked":"Defragment","floor":6},{"not_picked":["Aggregate","Skim"],"picked":"Go for the Eyes","floor":8},{"not_picked":["Redo","Rebound"],"picked":"Glacier","floor":11},{"not_picked":["Recycle","Scrape"],"picked":"Ball Lightning","floor":12},{"not_picked":["Tempest","Chill"],"picked":"Coolheaded","floor":14},{"not_picked":["Core Surge","Meteor Strike"],"picked":"Biased Cognition","floor":16},{"not_picked":["Recycle"],"picked":"SKIP","floor":18},{"not_picked":[],"picked":"Self Repair","floor":19},{"not_picked":[],"picked":"Force Field","floor":21},{"not_picked":[],"picked":"Stack","floor":24},{"not_picked":[],"picked":"Redo+1","floor":25},{"not_picked":[],"picked":"Steam Power","floor":30}],"player_experience":1920638,"relics_obtained":[{"floor":6,"key":"Orichalcum"},{"floor":8,"key":"Happy Flower"},{"floor":9,"key":"Bottled Flame"},{"floor":26,"key":"Bag of Preparation"},{"floor":30,"key":"Pen Nib"}],"event_choices":[{"damage_healed":0,"gold_gain":0,"player_choice":"Success","damage_taken":11,"relics_obtained":["Cables"],"max_hp_gain":0,"max_hp_loss":0,"event_name":"Scrap Ooze","floor":2,"gold_loss":0},{"damage_healed":0,"gold_gain":75,"player_choice":"Gather Gold","damage_taken":11,"max_hp_gain":0,"max_hp_loss":0,"event_name":"World of Goop","floor":3,"gold_loss":0},{"damage_healed":0,"gold_gain":0,"player_choice":"Became a Ghost","damage_taken":0,"max_hp_gain":0,"max_hp_loss":36,"event_name":"Ghosts","floor":22,"gold_loss":0,"cards_obtained":["Ghostly","Ghostly","Ghostly"]},{"damage_healed":7,"gold_gain":0,"player_choice":"Heal","damage_taken":0,"max_hp_gain":0,"max_hp_loss":0,"event_name":"The Library","floor":27,"gold_loss":0},{"damage_healed":0,"gold_gain":0,"player_choice":"Bet on Owner","damage_taken":0,"max_hp_gain":0,"max_hp_loss":0,"event_name":"The Joust","floor":31,"gold_loss":50}],"is_beta":false,"boss_relics":[{"not_picked":["Runic Dome","Tiny House"],"picked":"Busted Crown"}],"items_purged_floors":[5,28],"is_endless":false,"potions_floor_spawned":[1,4,8,16,21,30],"killed_by":"Automaton","ascension_level":18}