{"gold_per_floor":[115,40,40,60,135,175,202,214,306,318,330,367,379,409,421,433],"floor_reached":16,"playtime":410,"items_purged":[],"score":244,"play_id":"e80612ee-c881-47fd-96b9-25045755ff69","local_time":"20190826154841","is_ascension_mode":true,"campfire_choices":[{"data":"Reprogram","floor":10.0,"key":"SMITH"},{"data":"Defragment","floor":13.0,"key":"SMITH"},{"floor":15.0,"key":"REST"}],"neow_cost":"NONE","seed_source_timestamp":0,"circlet_count":0,"master_deck":["AscendersBane","Strike_B","Strike_B","Strike_B","Defend_B","Defend_B","Defend_B","Defend_B","Zap","Dualcast","Turbo","Steam","Defragment+1","Reprogram+1","Glacier"],"special_seed":0,"relics":["Cracked Core","NeowsBlessing","Golden Idol","MawBank","Molten Egg 2","Ornamental Fan"],"potions_floor_usage":[16,16],"damage_taken":[{"damage":0.0,"enemies":"2 Louse","floor":1.0,"turns":1.0},{"damage":0.0,"enemies":"Small Slimes","floor":4.0,"turns":1.0},{"damage":0.0,"enemies":"Gremlin Nob","floor":6.0,"turns":1.0},{"damage":1.0,"enemies":"Cultist","floor":7.0,"turns":3.0},{"damage":16.0,"enemies":"3 Louse","floor":12.0,"turns":4.0},{"damage":29.0,"enemies":"Exordium Thugs","floor":14.0,"turns":6.0},{"damage":38,"enemies":"Slime Boss","floor":16,"turns":8}],"seed_played":"-5669502858951655352","potions_obtained":[{"floor":7.0,"key":"FocusPotion"},{"floor":12.0,"key":"PowerPotion"},{"floor":14.0,"key":"AttackPotion"}],"is_trial":false,"path_per_floor":["M","?","?","M","?","E","M","?","T","R","T","M","R","M","R","B"],"character_chosen":"DEFECT","items_purchased":[],"campfire_rested":1,"item_purchase_floors":[],"current_hp_per_floor":[64,64,64,64,53,53,52,57,57,57,57,41,41,12,32,0],"gold":433,"neow_bonus":"THREE_ENEMY_KILL","is_prod":false,"is_daily":false,"chose_seed":false,"campfire_upgraded":2,"win_rate":0,"timestamp":1566859721,"path_taken":["M","?","?","M","?","E","M","?","T","R","?","M","R","?","R","BOSS"],"build_version":"2019-07-17","purchased_purges":0,"victory":false,"max_hp_per_floor":[71,71,64,64,64,64,64,69,69,69,69,69,69,69,69,69],"card_choices":[{"not_picked":["Leap","Steam"],"picked":"Turbo","floor":1.0},{"not_picked":["Melter","Compile Driver"],"picked":"Steam","floor":4.0},{"not_picked":["Force Field","Coolheaded"],"picked":"Defragment","floor":6.0},{"not_picked":["Scrape","Cold Snap"],"picked":"Reprogram","floor":7.0},{"not_picked":["Reinforced Body","Compile Driver+1","Stack"],"picked":"SKIP","floor":12.0},{"not_picked":["Stack","Hologram"],"picked":"Glacier","floor":14.0}],"player_experience":187740,"relics_obtained":[{"floor":6.0,"key":"MawBank"},{"floor":9.0,"key":"Molten Egg 2"},{"floor":11.0,"key":"Ornamental Fan"}],"event_choices":[{"cards_removed":["Strike_B"],"damage_healed":0.0,"max_hp_gain":0.0,"max_hp_loss":0.0,"gold_gain":0.0,"event_name":"The Cleric","player_choice":"Card Removal","floor":2.0,"gold_loss":75.0,"damage_taken":0.0},{"damage_healed":0.0,"max_hp_gain":0.0,"max_hp_loss":7.0,"gold_gain":0.0,"event_name":"Golden Idol","player_choice":"Lose Max HP","floor":3.0,"gold_loss":0.0,"damage_taken":0.0,"relics_obtained":["Golden Idol"]},{"damage_healed":0.0,"max_hp_gain":0.0,"max_hp_loss":0.0,"gold_gain":75.0,"event_name":"World of Goop","player_choice":"Gather Gold","floor":5.0,"gold_loss":0.0,"damage_taken":11.0},{"damage_healed":0.0,"max_hp_gain":5.0,"max_hp_loss":0.0,"gold_gain":0.0,"event_name":"Big Fish","player_choice":"Donut","floor":8.0,"gold_loss":0.0,"damage_taken":0.0}],"is_beta":false,"boss_relics":[],"items_purged_floors":[],"is_endless":false,"potions_floor_spawned":[7,12,14],"killed_by":"Slime Boss","ascension_level":19}