{"gold_per_floor":[115,5,5,23,23,23,23,23,47,83,83,104,104,138,138,234,234,247,44,59,109,7,7,22,22],"floor_reached":25,"playtime":826,"items_purged":["Strike_B","Strike_B"],"score":406,"play_id":"a3cabf11-6f24-41d6-969a-9c2aaa65747b","local_time":"20190519225512","is_ascension_mode":true,"campfire_choices":[{"data":"Zap","floor":6,"key":"SMITH"},{"data":"Sunder","floor":8,"key":"SMITH"},{"data":"Chill","floor":11,"key":"SMITH"},{"data":"Leap","floor":15,"key":"SMITH"},{"floor":23,"key":"REST"}],"neow_cost":"NONE","seed_source_timestamp":517100819129600,"circlet_count":0,"master_deck":["AscendersBane","Strike_B","Strike_B","Defend_B","Defend_B","Defend_B","Defend_B","Zap+1","Dualcast","Hologram","Sunder+1","Leap+1","Chill+1","Chill","Fission","Gash","Gash","White Noise","Capacitor","Beam Cell","Steam","Self Repair","Sweeping Beam","Barrage","Loop","Glacier","Meteor Strike"],"relics":["Cracked Core","NeowsBlessing","Golden Idol","Omamori","Shuriken","Pen Nib","Orrery"],"potions_floor_usage":[14,14,16,25],"damage_taken":[{"damage":0,"enemies":"Jaw Worm","floor":1,"turns":1},{"damage":0,"enemies":"Cultist","floor":4,"turns":1},{"damage":0,"enemies":"Gremlin Nob","floor":10,"turns":1},{"damage":1,"enemies":"2 Louse","floor":12,"turns":3},{"damage":11,"enemies":"3 Sentries","floor":14,"turns":9},{"damage":14,"enemies":"Hexaghost","floor":16,"turns":9},{"damage":28,"enemies":"3 Byrds","floor":18,"turns":7},{"damage":19,"enemies":"2 Thieves","floor":20,"turns":4},{"damage":33,"enemies":"Shelled Parasite and Fungi","floor":24,"turns":6},{"damage":15,"enemies":"Gremlin Leader","floor":25,"turns":4}],"seed_played":"8065532166774243906","potions_obtained":[{"floor":4,"key":"SkillPotion"},{"floor":5,"key":"Regen Potion"},{"floor":14,"key":"FocusPotion"},{"floor":24,"key":"Poison Potion"}],"is_trial":false,"path_per_floor":["M","$","?","M","?","R","$","R","T","E","R","M","?","E","R","B",null,"M","$","M","?","$","R","M","E"],"character_chosen":"DEFECT","items_purchased":["Sunder","Self Repair","Sweeping Beam","Loop","Glacier"],"campfire_rested":1,"item_purchase_floors":[2,19,19,22,22],"current_hp_per_floor":[64,64,64,64,64,64,64,64,64,64,64,63,56,60,60,46,65,37,37,25,18,18,39,13,0],"gold":22,"neow_bonus":"THREE_ENEMY_KILL","is_prod":false,"is_daily":false,"chose_seed":false,"campfire_upgraded":4,"win_rate":0,"timestamp":1558299312,"path_taken":["M","$","?","M","?","R","$","R","T","E","R","?","?","E","R","BOSS","M","$","M","?","$","R","M","E"],"build_version":"2019-01-23","purchased_purges":2,"victory":false,"max_hp_per_floor":[71,71,71,71,71,71,71,71,71,71,71,71,71,71,71,71,71,71,71,71,71,71,71,71,71],"card_choices":[{"not_picked":["Rip and Tear","Steam"],"picked":"Hologram","floor":1},{"not_picked":["Tempest","Stack"],"picked":"Leap","floor":4},{"not_picked":["Hello World","Barrage"],"picked":"Chill","floor":10},{"not_picked":["Turbo","Darkness","Heatsinks"],"picked":"SKIP","floor":12},{"not_picked":["Reprogram","Hello World"],"picked":"Chill","floor":14},{"not_picked":["Meteor Strike","Core Surge"],"picked":"Fission","floor":16},{"not_picked":["Beam Cell","Ball Lightning"],"picked":"Gash","floor":17},{"not_picked":["Beam Cell","Blizzard"],"picked":"Gash","floor":17},{"not_picked":["Reprogram","Undo"],"picked":"White Noise","floor":17},{"not_picked":["Cold Snap","Gash"],"picked":"Capacitor","floor":17},{"not_picked":["Rebound","Streamline"],"picked":"Beam Cell","floor":17},{"not_picked":["Rebound","Machine Learning"],"picked":"Steam","floor":18},{"not_picked":["Leap","Compile Driver"],"picked":"Barrage","floor":20},{"not_picked":["Genetic Algorithm","Chill"],"picked":"Meteor Strike","floor":24}],"player_experience":1153124,"relics_obtained":[{"floor":9,"key":"Omamori"},{"floor":10,"key":"Shuriken"},{"floor":14,"key":"Pen Nib"}],"event_choices":[{"damage_healed":0,"gold_gain":0,"player_choice":"Take Wound","damage_taken":0,"relics_obtained":["Golden Idol"],"max_hp_gain":0,"max_hp_loss":0,"event_name":"Golden Idol","floor":3,"gold_loss":0,"cards_obtained":["Injury"]},{"damage_healed":0,"gold_gain":0,"player_choice":"Got Potions","damage_taken":0,"max_hp_gain":0,"max_hp_loss":0,"event_name":"Lab","floor":5,"gold_loss":0},{"cards_removed":["Injury"],"damage_healed":0,"gold_gain":0,"player_choice":"Card Removal","damage_taken":7,"max_hp_gain":0,"max_hp_loss":0,"event_name":"Golden Wing","floor":13,"gold_loss":0},{"damage_healed":0,"gold_gain":50,"player_choice":"Touch","damage_taken":7,"max_hp_gain":0,"max_hp_loss":0,"event_name":"FaceTrader","floor":21,"gold_loss":0}],"is_beta":false,"boss_relics":[{"not_picked":["Snecko Eye","White Beast Statue"],"picked":"Orrery"}],"items_purged_floors":[2,19],"is_endless":false,"potions_floor_spawned":[4,12,14,24],"killed_by":"Gremlin Leader","ascension_level":15}