{"gold_per_floor":[366,380,394,319,336,361,361,386,460,480,480,511,511,511,511,511],"floor_reached":16,"playtime":657,"items_purged":[],"score":228,"play_id":"7950a911-8158-4ed5-90ab-5a914309e8a8","local_time":"20190731184943","is_ascension_mode":true,"campfire_choices":[{"floor":7,"key":"REST"},{"floor":11,"key":"REST"},{"data":"Shockwave","floor":13,"key":"SMITH"},{"floor":15,"key":"REST"}],"neow_cost":"TEN_PERCENT_HP_LOSS","seed_source_timestamp":182521240966500,"circlet_count":0,"master_deck":["AscendersBane","Strike_R","Strike_R","Strike_R","Strike_R","Defend_R","Defend_R","Defend_R","Defend_R","Bash","Anger","Thunderclap","Sword Boomerang","Rampage","Rampage","Shockwave+1","Shrug It Off","Dark Embrace+1"],"relics":["Burning Blood","Gremlin Horn","Unceasing Top","Paper Frog","Dream Catcher"],"potions_floor_usage":[6,8,16],"damage_taken":[{"damage":9,"enemies":"2 Louse","floor":1,"turns":3},{"damage":7,"enemies":"Jaw Worm","floor":2,"turns":3},{"damage":1,"enemies":"Cultist","floor":3,"turns":3},{"damage":14,"enemies":"3 Louse","floor":5,"turns":4},{"damage":56,"enemies":"Gremlin Nob","floor":6,"turns":5},{"damage":30,"enemies":"Lagavulin","floor":8,"turns":5},{"damage":8,"enemies":"Blue Slaver","floor":10,"turns":3},{"damage":32,"enemies":"Gremlin Nob","floor":12,"turns":4},{"damage":33,"enemies":"The Guardian","floor":16,"turns":5}],"seed_played":"7738784029217238945","potions_obtained":[{"floor":2,"key":"Regen Potion"},{"floor":6,"key":"LiquidBronze"},{"floor":12,"key":"Weak Potion"}],"is_trial":false,"path_per_floor":["M","M","M","?","M","E","R","E","T","M","R","E","R","?","R","B"],"character_chosen":"IRONCLAD","items_purchased":[],"campfire_rested":3,"item_purchase_floors":[],"current_hp_per_floor":[65,64,68,68,60,23,43,19,19,17,37,11,11,11,31,0],"gold":511,"neow_bonus":"TWO_FIFTY_GOLD","is_prod":false,"is_daily":false,"chose_seed":false,"campfire_upgraded":1,"win_rate":0,"timestamp":1564591783,"path_taken":["M","M","M","?","M","E","R","E","T","M","R","E","R","?","R","BOSS"],"build_version":"2019-07-17","purchased_purges":0,"victory":false,"max_hp_per_floor":[68,68,68,68,68,68,68,68,68,68,68,68,68,68,68,68],"card_choices":[{"not_picked":["Headbutt","Clothesline"],"picked":"Anger","floor":1},{"not_picked":["Perfected Strike","Reaper"],"picked":"Thunderclap","floor":2},{"not_picked":["Twin Strike","Havoc"],"picked":"Sword Boomerang","floor":3},{"not_picked":["Inflame","Body Slam"],"picked":"Rampage","floor":5},{"not_picked":["Sword Boomerang","Juggernaut"],"picked":"Rampage","floor":6},{"not_picked":["Wild Strike","Twin Strike"],"picked":"Shockwave","floor":8},{"not_picked":["Evolve","Rupture"],"picked":"Shrug It Off","floor":10},{"not_picked":["Heavy Blade","Carnage"],"picked":"Dark Embrace","floor":12}],"player_experience":1776462,"relics_obtained":[{"floor":6,"key":"Gremlin Horn"},{"floor":8,"key":"Unceasing Top"},{"floor":9,"key":"Paper Frog"},{"floor":12,"key":"Dream Catcher"}],"event_choices":[{"cards_removed":["Strike_R"],"damage_healed":0,"gold_gain":0,"player_choice":"Card Removal","damage_taken":0,"max_hp_gain":0,"max_hp_loss":0,"event_name":"The Cleric","floor":4,"gold_loss":75},{"damage_healed":0,"gold_gain":0,"player_choice":"Upgraded","damage_taken":0,"max_hp_gain":0,"max_hp_loss":0,"event_name":"Upgrade Shrine","floor":14,"gold_loss":0,"cards_upgraded":["Dark Embrace"]}],"is_beta":false,"boss_relics":[],"items_purged_floors":[],"is_endless":false,"potions_floor_spawned":[2,6,12],"killed_by":"The Guardian","ascension_level":18}