{"gold_per_floor":[11,23,23,39,59,59,84,84,84,104,104,136,152,184,184,256,256,215,4,4,4,30,30,49,49],"floor_reached":25,"playtime":950,"items_purged":[],"score":431,"play_id":"a24a62bf-88e6-4818-b61e-4cb2dbee5a0f","local_time":"20190814230628","is_ascension_mode":true,"campfire_choices":[{"data":"Poisoned Stab","floor":6,"key":"SMITH"},{"data":"Deadly Poison","floor":8,"key":"SMITH"},{"floor":15,"key":"REST"},{"floor":23,"key":"REST"}],"neow_cost":"NO_GOLD","seed_source_timestamp":64635332449900,"circlet_count":0,"master_deck":["AscendersBane","Strike_G","Strike_G","Defend_G","Defend_G","Defend_G","Defend_G","Defend_G","Survivor","Neutralize+1","Quick Slash","Blur","Poisoned Stab+1","Deadly Poison+1","Corpse Explosion","Leg Sweep","Footwork","Distraction","Dagger Spray","Bullet Time+1","Heel Hook+1","Blur+1","After Image+1","Backflip","Flying Knee","After Image+1","Backflip","Catalyst"],"relics":["Ring of the Snake","Tingsha","PreservedInsect","Kunai","Peace Pipe","Bag of Marbles","Astrolabe","Juzu Bracelet","Dream Catcher"],"potions_floor_usage":[7,12,13],"damage_taken":[{"damage":3,"enemies":"2 Louse","floor":1,"turns":4},{"damage":1,"enemies":"Cultist","floor":2,"turns":4},{"damage":2,"enemies":"Jaw Worm","floor":4,"turns":6},{"damage":8,"enemies":"Looter","floor":5,"turns":3},{"damage":8,"enemies":"Gremlin Nob","floor":7,"turns":3},{"damage":12,"enemies":"Gremlin Gang","floor":10,"turns":3},{"damage":14,"enemies":"3 Sentries","floor":12,"turns":5},{"damage":5,"enemies":"Exordium Thugs","floor":13,"turns":4},{"damage":6,"enemies":"Gremlin Nob","floor":14,"turns":3},{"damage":13,"enemies":"The Guardian","floor":16,"turns":12},{"damage":28,"enemies":"2 Thieves","floor":18,"turns":5},{"damage":18,"enemies":"Shell Parasite","floor":24,"turns":8},{"damage":30,"enemies":"Slavers","floor":25,"turns":2}],"seed_played":"-8890167694964689331","potions_obtained":[{"floor":1,"key":"Block Potion"},{"floor":2,"key":"GamblersBrew"},{"floor":10,"key":"Dexterity Potion"}],"is_trial":false,"path_per_floor":["M","M","?","M","M","R","E","R","T","M","?","E","M","E","R","B",null,"M","$","?","?","T","R","M","E"],"character_chosen":"THE_SILENT","items_purchased":["Juzu Bracelet","Flying Knee"],"campfire_rested":2,"item_purchase_floors":[19,19],"current_hp_per_floor":[56,55,55,53,45,45,37,37,37,25,47,33,28,22,41,28,57,29,29,29,29,29,48,30,0],"gold":49,"neow_bonus":"ONE_RARE_RELIC","is_prod":false,"is_daily":false,"chose_seed":false,"campfire_upgraded":2,"win_rate":0,"timestamp":1565816788,"path_taken":["M","M","?","M","M","R","E","R","T","?","?","E","M","E","R","BOSS","M","$","?","?","?","R","M","E"],"build_version":"2019-07-17","purchased_purges":0,"victory":false,"max_hp_per_floor":[66,66,66,66,66,66,66,66,66,66,66,66,66,66,66,66,66,66,66,66,66,66,66,66,66],"card_choices":[{"not_picked":["Riddle With Holes","Bane"],"picked":"Quick Slash","floor":1},{"not_picked":["Blade Dance","Distraction"],"picked":"Blur","floor":2},{"not_picked":["Expertise","Tactician"],"picked":"Poisoned Stab","floor":4},{"not_picked":["PiercingWail","Flying Knee"],"picked":"Deadly Poison","floor":5},{"not_picked":["Escape Plan","Skewer"],"picked":"Corpse Explosion","floor":7},{"not_picked":["Deflect","Calculated Gamble"],"picked":"Leg Sweep","floor":10},{"not_picked":["Dodge and Roll","Choke"],"picked":"Footwork","floor":12},{"not_picked":["PiercingWail","Blur"],"picked":"Distraction","floor":13},{"not_picked":["Acrobatics","Footwork"],"picked":"Dagger Spray","floor":14},{"not_picked":["Doppelganger","Storm of Steel"],"picked":"Bullet Time","floor":16},{"not_picked":["Masterful Stab","Quick Slash"],"picked":"Backflip","floor":18},{"not_picked":["Flying Knee","Quick Slash"],"picked":"Backflip","floor":23},{"not_picked":["PiercingWail","Reflex"],"picked":"Catalyst","floor":24}],"player_experience":1903659,"relics_obtained":[{"floor":7,"key":"PreservedInsect"},{"floor":9,"key":"Kunai"},{"floor":12,"key":"Peace Pipe"},{"floor":14,"key":"Bag of Marbles"},{"floor":22,"key":"Dream Catcher"}],"event_choices":[{"damage_healed":0,"gold_gain":0,"player_choice":"Forge","damage_taken":0,"max_hp_gain":0,"max_hp_loss":0,"event_name":"Accursed Blacksmith","floor":3,"gold_loss":0,"cards_upgraded":["Neutralize"]},{"damage_healed":22,"gold_gain":0,"player_choice":"Banana","damage_taken":0,"max_hp_gain":0,"max_hp_loss":0,"event_name":"Big Fish","floor":11,"gold_loss":0},{"damage_healed":0,"gold_gain":0,"player_choice":"Upgraded","damage_taken":0,"max_hp_gain":0,"max_hp_loss":0,"event_name":"Upgrade Shrine","floor":20,"gold_loss":0,"cards_upgraded":["Bullet Time"]},{"damage_healed":0,"gold_gain":0,"player_choice":"Copied","damage_taken":0,"max_hp_gain":0,"max_hp_loss":0,"event_name":"Duplicator","floor":21,"gold_loss":0,"cards_obtained":["After Image"]}],"is_beta":false,"boss_relics":[{"not_picked":["Empty Cage","Velvet Choker"],"picked":"Astrolabe"}],"items_purged_floors":[],"is_endless":false,"potions_floor_spawned":[1,2,4,10],"killed_by":"Slavers","ascension_level":19}