{"gold_per_floor":[119,134,144,144,144,144,179,190,190,190,204,204,214,227,227,298,298,315,328,338,42,58,85,85,95,95,95,111,129,148,167,167,240,240,250,267,30,42,61,91,91,101,101,124,163,185,197,209,221,233,245,257,269,29,29],"floor_reached":55,"playtime":3435,"items_purged":["Strike_B","Doom and Gloom","Zap"],"score":1897,"play_id":"0cf3b03c-a87a-4aae-953c-b30a4aae2ca8","local_time":"20190310100620","is_ascension_mode":true,"campfire_choices":[{"floor":6.0,"key":"REST"},{"floor":10.0,"key":"REST"},{"data":"Defragment","floor":12.0,"key":"SMITH"},{"data":"Buffer","floor":15.0,"key":"SMITH"},{"data":"Fission","floor":24.0,"key":"SMITH"},{"floor":27.0,"key":"RECALL"},{"data":"Coolheaded","floor":32.0,"key":"SMITH"},{"floor":41.0,"key":"REST"},{"data":"Defragment","floor":47.0,"key":"SMITH"},{"data":"Creative AI","floor":49.0,"key":"SMITH"},{"floor":53.0,"key":"REST"}],"neow_cost":"PERCENT_DAMAGE","seed_source_timestamp":1889150306202407,"circlet_count":0,"master_deck":["AscendersBane","Dualcast","Biased Cognition+1","Ball Lightning","Steam Power","Self Repair","Buffer+1","Tempest","Coolheaded","Defragment+1","Electrodynamics","Leap","Fission+1","Chill","Coolheaded+1","Conserve Battery","Glacier+1","Redo+1","Self Repair+1","Thunder Strike","Self Repair","Auto Shields","Thunder Strike","Undo","BootSequence","Creative AI+1","Static Discharge+1","Leap","Loop+1","Storm","Defragment+1","Amplify","Parasite","Cold Snap","Conserve Battery+1","Undo","Multi-Cast"],"special_seed":0,"relics":["Cracked Core","Ginger","Nuclear Battery","Chemical X","Dodecahedron","Oddly Smooth Stone","Pandora\u0027s Box","Tiny Chest","Pear","MawBank","DataDisk"],"potions_floor_usage":[],"damage_taken":[{"damage":1.0,"enemies":"Cultist","floor":1.0,"turns":3.0},{"damage":12.0,"enemies":"2 Louse","floor":2.0,"turns":3.0},{"damage":4.0,"enemies":"Small Slimes","floor":3.0,"turns":4.0},{"damage":15.0,"enemies":"Lagavulin","floor":7.0,"turns":5.0},{"damage":30.0,"enemies":"Gremlin Gang","floor":8.0,"turns":3.0},{"damage":16.0,"enemies":"Large Slime","floor":11.0,"turns":5.0},{"damage":5.0,"enemies":"Red Slaver","floor":13.0,"turns":2.0},{"damage":2.0,"enemies":"Exordium Wildlife","floor":14.0,"turns":2.0},{"damage":13.0,"enemies":"The Guardian","floor":16.0,"turns":11.0},{"damage":0.0,"enemies":"Chosen","floor":18.0,"turns":4.0},{"damage":22.0,"enemies":"Shell Parasite","floor":19.0,"turns":3.0},{"damage":0.0,"enemies":"Snecko","floor":20.0,"turns":5.0},{"damage":0.0,"enemies":"Chosen and Byrds","floor":22.0,"turns":2.0},{"damage":1.0,"enemies":"Gremlin Leader","floor":23.0,"turns":6.0},{"damage":8.0,"enemies":"Snake Plant","floor":25.0,"turns":2.0},{"damage":0.0,"enemies":"Sentry and Sphere","floor":28.0,"turns":4.0},{"damage":0.0,"enemies":"Centurion and Healer","floor":29.0,"turns":5.0},{"damage":0.0,"enemies":"Snake Plant","floor":30.0,"turns":2.0},{"damage":0.0,"enemies":"Snecko","floor":31.0,"turns":2.0},{"damage":12.0,"enemies":"Collector","floor":33.0,"turns":7.0},{"damage":14.0,"enemies":"3 Darklings","floor":35.0,"turns":4.0},{"damage":11.0,"enemies":"3 Shapes","floor":36.0,"turns":3.0},{"damage":23.0,"enemies":"Jaw Worm Horde","floor":38.0,"turns":3.0},{"damage":27.0,"enemies":"3 Darklings","floor":39.0,"turns":5.0},{"damage":120.0,"enemies":"Giant Head","floor":40.0,"turns":9.0},{"damage":0.0,"enemies":"4 Shapes","floor":42.0,"turns":5.0},{"damage":6.0,"enemies":"Writhing Mass","floor":44.0,"turns":6.0},{"damage":0.0,"enemies":"Nemesis","floor":45.0,"turns":10.0},{"damage":14.0,"enemies":"Sphere and 2 Shapes","floor":46.0,"turns":4.0},{"damage":73.0,"enemies":"Time Eater","floor":50.0,"turns":8.0},{"damage":25.0,"enemies":"Donu and Deca","floor":51.0,"turns":6.0},{"damage":86,"enemies":"Shield and Spear","floor":55,"turns":5}],"seed_played":"-7207310180643533387","potions_obtained":[{"floor":1.0,"key":"Regen Potion"},{"floor":7.0,"key":"SteroidPotion"},{"floor":11.0,"key":"Energy Potion"},{"floor":14.0,"key":"Strength Potion"},{"floor":20.0,"key":"FocusPotion"},{"floor":25.0,"key":"SteroidPotion"},{"floor":30.0,"key":"FairyPotion"},{"floor":31.0,"key":"LiquidBronze"},{"floor":42.0,"key":"Poison Potion"},{"floor":46.0,"key":"PowerPotion"}],"is_trial":false,"path_per_floor":["M","M","M","?","?","R","E","M","T","R","M","R","M","M","R","B",null,"M","M","M","$","M","E","R","M","T","R","M","M","M","M","R","B",null,"M","M","$","M","M","E","R","M","T","M","E","M","R","?","R","B","B",null,"R","$","E"],"character_chosen":"DEFECT","items_purchased":["Chemical X","Tiny Chest","Multi-Cast","Strength Potion"],"campfire_rested":4,"item_purchase_floors":[21,37,54,54],"current_hp_per_floor":[45,33,29,29,29,50,42,21,21,42,33,33,35,33,33,27,60,60,45,52,52,59,65,65,64,64,64,71,71,71,71,71,59,68,54,67,67,68,65,34,58,75,75,81,81,81,81,81,81,32,31,69,81,81,0],"gold":29,"neow_bonus":"THREE_RARE_CARDS","is_prod":false,"is_daily":false,"chose_seed":false,"campfire_upgraded":6,"win_rate":0,"timestamp":1552208780,"path_taken":["M","M","?","?","?","R","E","M","T","R","M","R","M","M","R","BOSS","M","?","M","$","M","E","R","M","T","R","M","M","M","M","R","BOSS","M","M","$","M","M","E","R","M","T","M","E","?","R","?","R","BOSS","BOSS","R","$","E"],"build_version":"2019-01-23","purchased_purges":3,"victory":false,"max_hp_per_floor":[71,71,71,71,71,71,71,71,71,71,71,71,71,71,71,71,71,71,71,71,71,71,71,71,71,71,71,71,71,71,71,71,71,71,71,71,71,71,71,81,81,81,81,81,81,81,81,81,81,81,81,81,81,81,81],"card_choices":[{"not_picked":["Rainbow","Multi-Cast"],"picked":"Biased Cognition","floor":0.0},{"not_picked":["Leap","Go for the Eyes"],"picked":"Ball Lightning","floor":1.0},{"not_picked":["Sunder","Lockon"],"picked":"Steam Power","floor":2.0},{"not_picked":["Chaos","Ball Lightning"],"picked":"Self Repair","floor":3.0},{"not_picked":["Redo","Turbo"],"picked":"Tempest","floor":7.0},{"not_picked":["Stack","Rebound"],"picked":"Coolheaded","floor":8.0},{"not_picked":["Beam Cell","Rip and Tear"],"picked":"Defragment","floor":11.0},{"not_picked":["Rebound","Undo"],"picked":"Electrodynamics","floor":13.0},{"not_picked":["Beam Cell","Steam"],"picked":"Leap","floor":14.0},{"not_picked":["Hyperbeam","Reboot"],"picked":"Fission","floor":16.0},{"not_picked":["Ball Lightning","Rebound"],"picked":"Chill","floor":18.0},{"not_picked":["Compile Driver+1","Barrage"],"picked":"Coolheaded","floor":19.0},{"not_picked":["Ball Lightning","Steam Power"],"picked":"Conserve Battery","floor":20.0},{"not_picked":["Gash","Thunder Strike","Consume"],"picked":"SKIP","floor":22.0},{"not_picked":["Sunder","Aggregate","Darkness"],"picked":"SKIP","floor":23.0},{"not_picked":["FTL","Cold Snap"],"picked":"Glacier+1","floor":25.0},{"not_picked":["Turbo","Streamline+1","Heatsinks"],"picked":"SKIP","floor":28.0},{"not_picked":["Turbo+1","Leap","Scrape"],"picked":"SKIP","floor":29.0},{"not_picked":["Turbo","Recycle"],"picked":"Redo+1","floor":30.0},{"not_picked":["Hello World","Force Field"],"picked":"Self Repair+1","floor":31.0},{"not_picked":["Core Surge","All For One"],"picked":"Thunder Strike","floor":33.0},{"not_picked":["Aggregate","Sweeping Beam"],"picked":"Static Discharge+1","floor":35.0},{"not_picked":["Sunder+1","Compile Driver"],"picked":"Leap","floor":36.0},{"not_picked":["Hologram+1","Compile Driver+1"],"picked":"Loop+1","floor":38.0},{"not_picked":["Scrape+1","Steam"],"picked":"Storm","floor":39.0},{"not_picked":["Heatsinks","Ball Lightning"],"picked":"Defragment","floor":40.0},{"not_picked":["Rebound","Gash"],"picked":"Amplify","floor":42.0},{"not_picked":["BootSequence","Rip and Tear"],"picked":"Cold Snap","floor":44.0},{"not_picked":["Lockon","Compile Driver"],"picked":"Conserve Battery+1","floor":45.0},{"not_picked":["Sweeping Beam","Streamline+1"],"picked":"Undo","floor":46.0}],"player_experience":690210,"relics_obtained":[{"floor":7.0,"key":"Ginger"},{"floor":23.0,"key":"Dodecahedron"},{"floor":26.0,"key":"Oddly Smooth Stone"},{"floor":40.0,"key":"Pear"},{"floor":43.0,"key":"MawBank"},{"floor":45.0,"key":"DataDisk"}],"event_choices":[{"damage_healed":0.0,"max_hp_gain":0.0,"max_hp_loss":0.0,"gold_gain":0.0,"event_name":"Living Wall","player_choice":"Grow","floor":4.0,"gold_loss":0.0,"damage_taken":0.0,"cards_upgraded":["Biased Cognition"]},{"damage_healed":0.0,"max_hp_gain":0.0,"max_hp_loss":0.0,"gold_gain":0.0,"event_name":"Match and Keep!","player_choice":"1 cards matched","floor":5.0,"gold_loss":0.0,"damage_taken":0.0,"cards_obtained":["Buffer"]},{"damage_healed":0.0,"max_hp_gain":0.0,"max_hp_loss":0.0,"gold_gain":0.0,"event_name":"Lab","player_choice":"Got Potions","floor":48.0,"gold_loss":0.0,"damage_taken":0.0}],"is_beta":false,"boss_relics":[{"not_picked":["Sozu","White Beast Statue"],"picked":"Nuclear Battery"},{"not_picked":["Orrery","Cursed Key"],"picked":"Pandora\u0027s Box"}],"items_purged_floors":[21,37,54],"is_endless":false,"potions_floor_spawned":[1,7,11,14,20,25,28,30,31,33,36,42,44,46],"killed_by":"Shield and Spear","ascension_level":20}