{"path_per_floor":["M","$","M","?","?","R","M","E","T","M","R","M","E","?","R","B",null,"M","$","?","M","$","E","M","E","T"],"character_chosen":"THE_SILENT","items_purchased":["Footwork","Sucker Punch","Lantern","Well Laid Plans","Terror"],"gold_per_floor":[216,124,139,214,214,214,226,254,254,267,267,280,307,307,307,411,411,421,197,197,210,62,90,109,144,144,144],"floor_reached":27,"campfire_rested":1,"playtime":15878,"current_hp_per_floor":[57,57,57,46,46,46,46,40,40,39,39,31,31,31,52,52,70,62,62,49,48,48,16,4,1,1,0],"items_purged":["Strike_G"],"gold":144,"score":403,"play_id":"cf7e29bc-0cb6-4c0d-ba75-ff247cf547b0","local_time":"20180520161056","is_prod":false,"is_daily":false,"chose_seed":false,"is_ascension_mode":true,"campfire_upgraded":2,"timestamp":1526829056,"campfire_choices":[{"data":"Neutralize","floor":6.0,"key":"SMITH"},{"data":"Skewer","floor":11.0,"key":"SMITH"},{"floor":15.0,"key":"REST"}],"path_taken":["M","$","M","?","?","R","M","E","T","M","R","?","E","?","R","BOSS","M","?","?","M","$","E","?","E","T","E"],"build_version":"2018-05-17","seed_source_timestamp":228332077238013,"purchased_purges":1,"victory":false,"master_deck":["Defend_G","Defend_G","Defend_G","Defend_G","Defend_G","Strike_G","Strike_G","Strike_G","Survivor","Neutralize+1","Dash","Footwork","Sucker Punch","Malaise","Skewer+1","Calculated Gamble","Dagger Throw","Glass Knife","PiercingWail","Noxious Fumes","Well Laid Plans","Dash","Terror","Acrobatics","Escape Plan"],"max_hp_per_floor":[70,70,70,70,70,70,70,70,70,70,70,70,70,70,70,70,70,70,70,75,75,75,75,75,75,75,75],"relics":["Ring of the Snake","Bag of Marbles","Matryoshka","Ice Cream","Lizard Tail","Lantern","Regal Pillow","Pen Nib","Boot","Omamori"],"card_choices":[{"not_picked":["Acrobatics","Flying Knee"],"picked":"Dash","floor":1.0},{"not_picked":["Underhanded Strike","All Out Attack"],"picked":"Malaise","floor":3.0},{"not_picked":["Sucker Punch","Bane"],"picked":"Skewer","floor":7.0},{"not_picked":["Slice","Catalyst"],"picked":"Calculated Gamble","floor":8.0},{"not_picked":["Quick Slash","Flying Knee"],"picked":"Dagger Throw","floor":10.0},{"not_picked":["Dagger Spray","Dagger Throw"],"picked":"Glass Knife","floor":12.0},{"not_picked":["Outmaneuver","Terror"],"picked":"PiercingWail","floor":13.0},{"not_picked":["Accuracy","Bane"],"picked":"Noxious Fumes","floor":18.0},{"not_picked":["Bane","Blade Dance"],"picked":"Dash","floor":21},{"not_picked":["Masterful Stab","Concentrate"],"picked":"Acrobatics","floor":23},{"not_picked":["Flying Knee","Dagger Throw"],"picked":"Escape Plan","floor":24},{"not_picked":["Finisher","Dagger Throw","Accuracy+1"],"picked":"SKIP","floor":25}],"player_experience":340803,"potions_floor_usage":[23,23,25],"damage_taken":[{"damage":13.0,"enemies":"Jaw Worm","floor":1.0,"turns":9.0},{"damage":0.0,"enemies":"Small Slimes","floor":3.0,"turns":4.0},{"damage":0.0,"enemies":"Cultist","floor":7.0,"turns":4.0},{"damage":6.0,"enemies":"3 Sentries","floor":8.0,"turns":10.0},{"damage":1.0,"enemies":"2 Fungi Beasts","floor":10.0,"turns":4.0},{"damage":8.0,"enemies":"Exordium Wildlife","floor":12.0,"turns":4.0},{"damage":0.0,"enemies":"Lagavulin","floor":13.0,"turns":8.0},{"damage":0.0,"enemies":"The Guardian","floor":16.0,"turns":13.0},{"damage":8.0,"enemies":"2 Thieves","floor":18.0,"turns":2.0},{"damage":1,"enemies":"Chosen","floor":21,"turns":3},{"damage":32,"enemies":"Book of Stabbing","floor":23,"turns":5},{"damage":12,"enemies":"Snecko","floor":24,"turns":6},{"damage":41,"enemies":"Slavers","floor":25,"turns":9},{"damage":1,"enemies":"Gremlin Leader","floor":27,"turns":3}],"relics_obtained":[{"floor":8.0,"key":"Bag of Marbles"},{"floor":9.0,"key":"Matryoshka"},{"floor":13.0,"key":"Ice Cream"},{"floor":23,"key":"Regal Pillow"},{"floor":25,"key":"Pen Nib"},{"floor":26,"key":"Boot"},{"floor":26,"key":"Omamori"}],"event_choices":[{"event_name":"World of Goop","player_choice":"Gather Gold","floor":4.0,"damage_taken":0.0},{"event_name":"Purifier","player_choice":"One Purge","floor":5.0,"damage_taken":0.0},{"event_name":"Golden Idol","player_choice":"Ignored","floor":14.0,"damage_taken":0.0},{"event_name":"Forgotten Altar","player_choice":"Shed Blood","floor":20,"damage_taken":0}],"boss_relics":[],"potions_floor_spawned":[3,7,8,12,16,21,24],"seed_played":"-395483829729498074","killed_by":"Gremlin Leader","ascension_level":4,"potions_obtained":[{"floor":3.0,"key":"Fire Potion"},{"floor":7.0,"key":"AttackPotion"},{"floor":8.0,"key":"SpeedPotion"},{"floor":12.0,"key":"Block Potion"},{"floor":16.0,"key":"SteroidPotion"},{"floor":21,"key":"LiquidBronze"},{"floor":24,"key":"Block Potion"}],"is_trial":false}