{"gold_per_floor":[12,26,26,58,90,102,139,164,199,245,272,284,313,325,337,421,433,460,472,484,496,508],"floor_reached":22,"playtime":687,"items_purged":[],"score":423,"play_id":"5e16116b-c4c3-41ec-8b0d-91b396d26cb0","local_time":"20190616081810","is_ascension_mode":true,"campfire_choices":[{"data":"Zap","floor":6,"key":"SMITH"},{"data":"Genetic Algorithm","floor":12,"key":"SMITH"},{"data":"Gash","floor":15,"key":"SMITH"}],"neow_cost":"NO_GOLD","seed_source_timestamp":374228317322800,"circlet_count":0,"master_deck":["AscendersBane","Defend_B","Defend_B","Defend_B","Defend_B","Zap+1","Dualcast","Gash+1","Gash","Chill","Hologram","Gash","Go for the Eyes","Self Repair","Genetic Algorithm+1","Sweeping Beam","Echo Form","Leap","Bite","Bite","Bite","Bite","Bite","Necronomicurse"],"relics":["Cracked Core","StoneCalendar","MawBank","Lantern","Oddly Smooth Stone","Anchor","Empty Cage","Necronomicon"],"potions_floor_usage":[10,18],"damage_taken":[{"damage":1,"enemies":"Cultist","floor":1,"turns":3},{"damage":10,"enemies":"Small Slimes","floor":2,"turns":3},{"damage":2,"enemies":"Jaw Worm","floor":4,"turns":3},{"damage":4,"enemies":"Red Slaver","floor":5,"turns":3},{"damage":31,"enemies":"Lagavulin","floor":7,"turns":6},{"damage":4,"enemies":"3 Louse","floor":8,"turns":3},{"damage":0,"enemies":"3 Sentries","floor":10,"turns":6},{"damage":0,"enemies":"Looter","floor":11,"turns":3},{"damage":6,"enemies":"Lots of Slimes","floor":13,"turns":5},{"damage":29,"enemies":"Slime Boss","floor":16,"turns":7},{"damage":16,"enemies":"Spheric Guardian","floor":18,"turns":5},{"damage":30,"enemies":"Chosen","floor":22,"turns":4}],"seed_played":"-1681734614465339481","potions_obtained":[{"floor":2,"key":"Weak Potion"},{"floor":5,"key":"Fire Potion"},{"floor":8,"key":"Energy Potion"}],"is_trial":false,"path_per_floor":["M","M","?","M","M","R","E","M","T","E","M","R","M","?","R","B",null,"M","?","?","?","M"],"character_chosen":"DEFECT","items_purchased":[],"campfire_rested":0,"item_purchase_floors":[],"current_hp_per_floor":[63,53,53,51,47,47,16,12,12,12,19,19,20,43,43,21,59,50,49,28,22,0],"gold":508,"neow_bonus":"ONE_RARE_RELIC","is_prod":false,"is_daily":false,"chose_seed":false,"campfire_upgraded":3,"win_rate":0,"timestamp":1560665890,"path_taken":["M","M","?","M","M","R","E","?","T","E","M","R","M","?","R","BOSS","M","?","?","?","M"],"build_version":"2019-01-23","purchased_purges":0,"victory":false,"max_hp_per_floor":[71,71,71,71,71,71,71,71,71,71,71,71,71,71,71,71,71,71,49,49,49,49],"card_choices":[{"not_picked":["Reinforced Body","Barrage"],"picked":"Gash","floor":1},{"not_picked":["Conserve Battery","Ball Lightning"],"picked":"Gash","floor":2},{"not_picked":["Streamline","Rebound"],"picked":"Chill","floor":4},{"not_picked":["Reinforced Body","Rebound"],"picked":"Hologram","floor":5},{"not_picked":["Ball Lightning","Fission"],"picked":"Gash","floor":7},{"not_picked":["Redo","Rip and Tear"],"picked":"Go for the Eyes","floor":8},{"not_picked":["Streamline","Aggregate"],"picked":"Self Repair","floor":10},{"not_picked":["Hologram","Creative AI"],"picked":"Genetic Algorithm","floor":11},{"not_picked":["Go for the Eyes","Hello World"],"picked":"Sweeping Beam","floor":13},{"not_picked":["Fission","Meteor Strike"],"picked":"Echo Form","floor":16},{"not_picked":["Steam","Barrage"],"picked":"Leap","floor":18}],"player_experience":1372230,"relics_obtained":[{"floor":7,"key":"Lantern"},{"floor":9,"key":"Oddly Smooth Stone"},{"floor":10,"key":"Anchor"},{"floor":20,"key":"Necronomicon"}],"event_choices":[{"damage_healed":0,"gold_gain":0,"player_choice":"Gave Potion","damage_taken":0,"relics_obtained":["MawBank"],"max_hp_gain":0,"max_hp_loss":0,"event_name":"WeMeetAgain","floor":3,"gold_loss":0},{"damage_healed":23,"gold_gain":0,"player_choice":"Banana","damage_taken":0,"max_hp_gain":0,"max_hp_loss":0,"event_name":"Big Fish","floor":14,"gold_loss":0},{"damage_healed":0,"gold_gain":0,"player_choice":"Became a vampire","damage_taken":0,"max_hp_gain":0,"max_hp_loss":22,"event_name":"Vampires","floor":19,"gold_loss":0,"cards_obtained":["Bite","Bite","Bite","Bite","Bite"]},{"damage_healed":0,"gold_gain":0,"player_choice":"Obtained Book","damage_taken":21,"max_hp_gain":0,"max_hp_loss":0,"event_name":"Cursed Tome","floor":20,"gold_loss":0},{"damage_healed":0,"gold_gain":0,"player_choice":"","damage_taken":6,"max_hp_gain":0,"max_hp_loss":0,"event_name":"Knowing Skull","floor":21,"potions_obtained":[],"gold_loss":0,"cards_obtained":[]}],"is_beta":false,"boss_relics":[{"not_picked":["Calling Bell","FrozenCore"],"picked":"Empty Cage"}],"items_purged_floors":[],"is_endless":false,"potions_floor_spawned":[2,5,8],"killed_by":"Chosen","ascension_level":16}