{"gold_per_floor":[12,24,24,24,38,38,19,19,45,45,80,93,93,110,110,110],"floor_reached":16,"playtime":590,"items_purged":[],"score":184,"play_id":"9d25c2b1-7ac4-4a66-aca8-1a1ce70acbae","local_time":"20190613031214","is_ascension_mode":true,"campfire_choices":[{"data":"Neutralize","floor":6,"key":"SMITH"},{"data":"Bouncing Flask","floor":8,"key":"SMITH"},{"data":"Flechettes","floor":13,"key":"SMITH"},{"floor":15,"key":"REST"}],"neow_cost":"NO_GOLD","seed_source_timestamp":96764210051000,"circlet_count":0,"master_deck":["AscendersBane","Defend_G","Defend_G","Defend_G","Defend_G","Strike_G","Strike_G","Strike_G","Survivor","Neutralize+1","Bouncing Flask+1","Dodge and Roll","Flechettes+1","Dodge and Roll","Calculated Gamble","Poisoned Stab","Dagger Spray"],"relics":["Ring of the Snake","PreservedInsect","Orichalcum"],"potions_floor_usage":[7,16],"damage_taken":[{"damage":0,"enemies":"2 Louse","floor":1,"turns":4},{"damage":6,"enemies":"Small Slimes","floor":2,"turns":5},{"damage":0,"enemies":"Jaw Worm","floor":5,"turns":4},{"damage":2,"enemies":"Exordium Thugs","floor":7,"turns":4},{"damage":25,"enemies":"Gremlin Nob","floor":11,"turns":4},{"damage":2,"enemies":"Gremlin Gang","floor":12,"turns":6},{"damage":4,"enemies":"3 Louse","floor":14,"turns":4},{"damage":42,"enemies":"Slime Boss","floor":16,"turns":11}],"seed_played":"-4641693874072910893","potions_obtained":[{"floor":1,"key":"GamblersBrew"},{"floor":2,"key":"Block Potion"},{"floor":7,"key":"SmokeBomb"}],"is_trial":false,"path_per_floor":["M","M","?","?","M","R","M","R","T","?","E","M","R","M","R","B"],"character_chosen":"THE_SILENT","items_purchased":[],"campfire_rested":1,"item_purchase_floors":[],"current_hp_per_floor":[59,53,53,58,58,58,56,56,56,49,24,22,22,18,39,0],"gold":110,"neow_bonus":"REMOVE_TWO","is_prod":false,"is_daily":false,"chose_seed":false,"campfire_upgraded":3,"win_rate":0,"timestamp":1560388334,"path_taken":["M","M","?","?","M","R","M","R","T","?","E","M","R","M","R","BOSS"],"build_version":"2019-01-23","purchased_purges":0,"victory":false,"max_hp_per_floor":[66,66,66,71,71,71,71,71,71,71,71,71,71,71,71,71],"card_choices":[{"not_picked":["Outmaneuver","Calculated Gamble"],"picked":"Bouncing Flask","floor":1},{"not_picked":["Sucker Punch","Outmaneuver"],"picked":"Dodge and Roll","floor":2},{"not_picked":["Underhanded Strike","Outmaneuver"],"picked":"Flechettes","floor":5},{"not_picked":["Flechettes","Sucker Punch"],"picked":"Dodge and Roll","floor":7},{"not_picked":["Sucker Punch","Concentrate"],"picked":"Calculated Gamble","floor":11},{"not_picked":["Eviscerate","Quick Slash"],"picked":"Poisoned Stab","floor":12},{"not_picked":["Expertise","Prepared"],"picked":"Dagger Spray","floor":14}],"player_experience":1315388,"relics_obtained":[{"floor":9,"key":"PreservedInsect"},{"floor":11,"key":"Orichalcum"}],"event_choices":[{"damage_healed":0,"gold_gain":0,"player_choice":"Leave","damage_taken":0,"max_hp_gain":0,"max_hp_loss":0,"event_name":"The Cleric","floor":3,"gold_loss":0},{"damage_healed":0,"gold_gain":0,"player_choice":"Donut","damage_taken":0,"max_hp_gain":5,"max_hp_loss":0,"event_name":"Big Fish","floor":4,"gold_loss":0},{"cards_removed":["Strike_G"],"damage_healed":0,"gold_gain":0,"player_choice":"Card Removal","damage_taken":7,"max_hp_gain":0,"max_hp_loss":0,"event_name":"Golden Wing","floor":10,"gold_loss":0}],"is_beta":false,"boss_relics":[],"items_purged_floors":[],"is_endless":false,"potions_floor_spawned":[1,2,7],"killed_by":"Slime Boss","ascension_level":16}