{"gold_per_floor":[110,110,126,126,144,144,187,187,187,42,66,84,84,104,104,197,197,216,19,19,35,55,55,95,108,108,141,162,162,162,187,187,281,281,294,313,738,371,371,415,415,415,440,56,97,430,478,12,12,12],"floor_reached":51,"playtime":3181,"items_purged":["Injury","Strike_G","Strike_G","Defend_G"],"score":1214,"play_id":"f66d86d2-d7f8-46b7-9e96-7c6ae9c90532","local_time":"20190515050127","is_ascension_mode":true,"campfire_choices":[{"data":"Neutralize","floor":6,"key":"SMITH"},{"data":"Envenom","floor":13,"key":"SMITH"},{"data":"Poisoned Stab","floor":15,"key":"SMITH"},{"floor":23,"key":"REST"},{"floor":30,"key":"REST"},{"floor":32,"key":"REST"},{"data":"Storm of Steel","floor":42,"key":"SMITH"},{"floor":49,"key":"REST"}],"neow_cost":"CURSE","seed_source_timestamp":104701377152300,"circlet_count":0,"master_deck":["AscendersBane","Defend_G","Defend_G","Defend_G","Defend_G","Survivor","Neutralize+1","Unload","Poisoned Stab+1","Well Laid Plans","Crippling Poison","Backflip","Envenom+1","Leg Sweep","Endless Agony","Dagger Spray","Storm of Steel+1","Bullet Time+1","Blade Dance","Blade Dance","Masterful Stab","Backflip","Glass Knife","Dodge and Roll","Unload","Endless Agony","Acrobatics","Doppelganger","Backflip+1","Poisoned Stab+1","Cloak And Dagger","HandOfGreed","Blur"],"relics":["Ring of the Snake","Thread and Needle","Bottled Tornado","Busted Crown","Ornamental Fan","Darkstone Periapt","Bottled Flame","Enchiridion","Eternal Feather","Old Coin","Kunai","Singing Bowl","Anchor","Bronze Scales","Shovel","Snake Skull","FossilizedHelix"],"potions_floor_usage":[5,7,14,27,33,33,35,40,45],"damage_taken":[{"damage":0,"enemies":"Small Slimes","floor":1,"turns":3},{"damage":0,"enemies":"Cultist","floor":3,"turns":3},{"damage":6,"enemies":"2 Louse","floor":5,"turns":3},{"damage":31,"enemies":"Lagavulin","floor":7,"turns":7},{"damage":0,"enemies":"Looter","floor":11,"turns":4},{"damage":0,"enemies":"Blue Slaver","floor":12,"turns":4},{"damage":0,"enemies":"3 Louse","floor":14,"turns":1},{"damage":26,"enemies":"The Guardian","floor":16,"turns":12},{"damage":0,"enemies":"Chosen","floor":18,"turns":5},{"damage":18,"enemies":"Spheric Guardian","floor":21,"turns":5},{"damage":2,"enemies":"Snecko","floor":22,"turns":5},{"damage":6,"enemies":"Gremlin Leader","floor":24,"turns":6},{"damage":0,"enemies":"Centurion and Healer","floor":25,"turns":6},{"damage":8,"enemies":"Book of Stabbing","floor":27,"turns":4},{"damage":0,"enemies":"3 Cultists","floor":28,"turns":4},{"damage":6,"enemies":"Snake Plant","floor":31,"turns":3},{"damage":35,"enemies":"Automaton","floor":33,"turns":11},{"damage":36,"enemies":"3 Darklings","floor":35,"turns":9},{"damage":7,"enemies":"3 Shapes","floor":36,"turns":4},{"damage":0,"enemies":"Mind Bloom Boss Battle","floor":37,"turns":8},{"damage":3,"enemies":"Nemesis","floor":40,"turns":9},{"damage":1,"enemies":"Spire Growth","floor":45,"turns":5},{"damage":0,"enemies":"2 Orb Walkers","floor":47,"turns":4},{"damage":7,"enemies":"Donu and Deca","floor":50,"turns":10}],"seed_played":"-1323531878151655778","potions_obtained":[{"floor":3,"key":"Regen Potion"},{"floor":5,"key":"Regen Potion"},{"floor":7,"key":"Explosive Potion"},{"floor":25,"key":"Fire Potion"},{"floor":27,"key":"PowerPotion"},{"floor":31,"key":"EssenceOfSteel"},{"floor":33,"key":"Energy Potion"},{"floor":36,"key":"Explosive Potion"},{"floor":40,"key":"SkillPotion"},{"floor":47,"key":"Fire Potion"}],"is_trial":false,"path_per_floor":["M","?","M","?","M","R","E","?","T","$","M","M","R","M","R","B",null,"M","$","?","M","M","R","E","M","T","E","M","?","R","M","R","B",null,"M","M","?","$","?","E","?","R","T","$","M","?","?","$","R","B",null],"character_chosen":"THE_SILENT","items_purchased":["Leg Sweep","Strength Potion","Blade Dance","Kunai","Blur","Bronze Scales","Snake Skull","FossilizedHelix"],"campfire_rested":4,"item_purchase_floors":[10,19,19,38,44,44,48,48],"current_hp_per_floor":[59,52,52,52,55,55,38,38,38,38,38,38,38,38,38,12,53,53,53,53,35,33,52,46,46,46,38,38,17,36,30,49,14,53,17,10,10,10,10,9,9,27,27,27,28,28,30,30,69,62],"gold":12,"neow_bonus":"TRANSFORM_TWO_CARDS","is_prod":false,"is_daily":false,"chose_seed":false,"campfire_upgraded":4,"win_rate":0,"timestamp":1557889287,"path_taken":["M","?","M","?","M","R","E","?","T","$","M","M","R","M","R","BOSS","M","$","?","?","?","R","E","M","T","E","M","?","R","M","R","BOSS","M","M","?","$","?","E","?","R","T","$","M","?","?","$","R","BOSS"],"build_version":"2019-01-23","purchased_purges":4,"victory":true,"max_hp_per_floor":[66,66,66,66,66,66,66,66,66,66,66,66,66,66,66,66,66,66,66,66,66,66,66,66,66,66,66,66,66,66,66,66,66,66,66,66,66,66,66,68,68,68,68,68,70,70,72,72,72,72],"card_choices":[{"not_picked":["Setup","Flying Knee"],"picked":"Well Laid Plans","floor":1},{"not_picked":["Dagger Throw","Sucker Punch"],"picked":"Crippling Poison","floor":3},{"not_picked":["Sucker Punch","Flechettes"],"picked":"Backflip","floor":5},{"not_picked":["Slice","Backflip"],"picked":"Dagger Throw","floor":7},{"not_picked":["Dodge and Roll","Well Laid Plans"],"picked":"Endless Agony","floor":11},{"not_picked":["Caltrops","Flying Knee"],"picked":"Dagger Spray","floor":12},{"not_picked":["PiercingWail","Underhanded Strike"],"picked":"Storm of Steel","floor":14},{"not_picked":["Doppelganger","Wraith Form v2"],"picked":"Bullet Time","floor":16},{"not_picked":[],"picked":"Blade Dance","floor":18},{"not_picked":[],"picked":"Masterful Stab","floor":21},{"not_picked":[],"picked":"Backflip","floor":22},{"not_picked":[],"picked":"Glass Knife","floor":24},{"not_picked":[],"picked":"Dodge and Roll","floor":25},{"not_picked":[],"picked":"Unload","floor":27},{"not_picked":[],"picked":"Endless Agony","floor":28},{"not_picked":[],"picked":"Acrobatics","floor":31},{"not_picked":[],"picked":"Doppelganger","floor":33},{"not_picked":[],"picked":"Backflip+1","floor":35},{"not_picked":[],"picked":"Poisoned Stab+1","floor":36},{"not_picked":[],"picked":"Cloak And Dagger","floor":37},{"not_picked":[],"picked":"HandOfGreed","floor":39},{"not_picked":["Concentrate"],"picked":"Singing Bowl","floor":40},{"not_picked":["Infinite Blades"],"picked":"Singing Bowl","floor":45},{"not_picked":["Slice"],"picked":"Singing Bowl","floor":47}],"player_experience":1091408,"relics_obtained":[{"floor":7,"key":"Thread and Needle"},{"floor":9,"key":"Bottled Tornado"},{"floor":24,"key":"Ornamental Fan"},{"floor":26,"key":"Darkstone Periapt"},{"floor":27,"key":"Bottled Flame"},{"floor":29,"key":"Enchiridion"},{"floor":37,"key":"Old Coin"},{"floor":40,"key":"Singing Bowl"},{"floor":43,"key":"Anchor"},{"floor":47,"key":"Shovel"}],"event_choices":[{"cards_removed":["Clumsy"],"damage_healed":0,"gold_gain":0,"player_choice":"Card Removal","damage_taken":7,"max_hp_gain":0,"max_hp_loss":0,"event_name":"Golden Wing","floor":2,"gold_loss":0},{"damage_healed":0,"gold_gain":0,"player_choice":"Take Wound","damage_taken":0,"relics_obtained":["Golden Idol"],"max_hp_gain":0,"max_hp_loss":0,"event_name":"Golden Idol","floor":4,"gold_loss":0,"cards_obtained":["Injury"]},{"damage_healed":0,"gold_gain":0,"cards_transformed":["Strike_G"],"player_choice":"Transformed","damage_taken":0,"max_hp_gain":0,"max_hp_loss":0,"event_name":"Transmorgrifier","floor":8,"gold_loss":0,"cards_obtained":["Envenom"]},{"damage_healed":0,"gold_gain":0,"player_choice":"Forge","damage_taken":0,"max_hp_gain":0,"max_hp_loss":0,"event_name":"Accursed Blacksmith","floor":20,"gold_loss":0,"cards_upgraded":["Bullet Time"]},{"damage_healed":0,"gold_gain":0,"player_choice":"Obtained Book","damage_taken":21,"max_hp_gain":0,"max_hp_loss":0,"event_name":"Cursed Tome","floor":29,"gold_loss":0},{"damage_healed":0,"gold_gain":0,"player_choice":"Fight","damage_taken":0,"max_hp_gain":0,"max_hp_loss":0,"event_name":"MindBloom","floor":37,"gold_loss":0},{"damage_healed":0,"gold_gain":0,"player_choice":"Memory 1","damage_taken":0,"max_hp_gain":0,"max_hp_loss":0,"event_name":"SensoryStone","floor":39,"gold_loss":0},{"cards_removed":["Dagger Throw"],"damage_healed":0,"gold_gain":0,"player_choice":"Removed Attack","damage_taken":0,"max_hp_gain":0,"max_hp_loss":0,"event_name":"Falling","floor":41,"gold_loss":0},{"damage_healed":0,"gold_gain":333,"player_choice":"Gave Idol","damage_taken":0,"max_hp_gain":0,"max_hp_loss":0,"event_name":"The Moai Head","floor":46,"relics_lost":["Golden Idol"],"gold_loss":0},{"damage_healed":0,"gold_gain":0,"player_choice":"Fight","damage_taken":0,"max_hp_gain":0,"max_hp_loss":0,"event_name":"Mysterious Sphere","floor":47,"gold_loss":0}],"is_beta":false,"boss_relics":[{"not_picked":["Runic Dome","Snecko Eye"],"picked":"Busted Crown"},{"not_picked":["Cursed Key","Sozu"],"picked":"Eternal Feather"}],"items_purged_floors":[10,19,38,44],"is_endless":false,"potions_floor_spawned":[3,5,7,25,27,28,31,33,36,40,47],"ascension_level":15}