{"gold_per_floor":[114,114,114,39,58,58,6,6,6,40,40,59,59,72,72,173,173,184,184,195,20,35,35,55,65,91,91,105,105,118,128,128,226,226,245,264,174,189,189],"floor_reached":39,"playtime":5955,"items_purged":["Strike_B","Defend_B"],"score":410,"play_id":"7093fa62-1a51-47df-81af-c60feacaeb73","local_time":"20190324164030","is_ascension_mode":false,"campfire_choices":[{"data":"Dualcast","floor":6,"key":"SMITH"},{"data":"Coolheaded","floor":8,"key":"SMITH"},{"data":"Seek","floor":11,"key":"SMITH"},{"data":"Coolheaded","floor":15,"key":"SMITH"},{"data":"Defragment","floor":23,"key":"SMITH"},{"data":"Creative AI","floor":29,"key":"SMITH"},{"data":"Defragment","floor":32,"key":"SMITH"}],"neow_cost":"NONE","seed_source_timestamp":0,"circlet_count":0,"master_deck":["Strike_B+1","Defend_B","Defend_B","Defend_B","Dualcast+1","Leap","Coolheaded+1","Sweeping Beam","Seek+1","Coolheaded+1","Iron Wave+1","Defragment+1","Creative AI+1","Defragment+1","Reprogram","Seek","Hologram+1","Parasite"],"special_seed":0,"relics":["Cracked Core","Vajra","Whetstone","Eternal Feather","Bag of Preparation","Inserter"],"potions_floor_usage":[33,33],"damage_taken":[{"damage":0,"enemies":"Small Slimes","floor":1,"turns":3},{"damage":0,"enemies":"2 Louse","floor":5,"turns":3},{"damage":8,"enemies":"3 Sentries","floor":10,"turns":6},{"damage":0,"enemies":"Jaw Worm","floor":12,"turns":3},{"damage":4,"enemies":"Exordium Wildlife","floor":14,"turns":3},{"damage":54,"enemies":"Slime Boss","floor":16,"turns":12},{"damage":3,"enemies":"Chosen","floor":18,"turns":6},{"damage":11,"enemies":"Spheric Guardian","floor":20,"turns":14},{"damage":25,"enemies":"3 Cultists","floor":22,"turns":8},{"damage":3,"enemies":"Cultist and Chosen","floor":24,"turns":14},{"damage":27,"enemies":"Snake Plant","floor":25,"turns":12},{"damage":21,"enemies":"Snecko","floor":28,"turns":9},{"damage":9,"enemies":"Centurion and Healer","floor":30,"turns":10},{"damage":13,"enemies":"Snake Plant","floor":31,"turns":7},{"damage":64,"enemies":"Collector","floor":33,"turns":13},{"damage":27,"enemies":"3 Darklings","floor":35,"turns":13},{"damage":6,"enemies":"3 Shapes","floor":36,"turns":11},{"damage":34,"enemies":"3 Darklings","floor":38,"turns":15},{"damage":34,"enemies":"Writhing Mass","floor":39,"turns":6}],"seed_played":"-7506000611868648535","potions_obtained":[{"floor":5,"key":"Explosive Potion"},{"floor":12,"key":"Strength Potion"},{"floor":24,"key":"SneckoOil"},{"floor":30,"key":"Strength Potion"},{"floor":31,"key":"SpeedPotion"},{"floor":33,"key":"Strength Potion"},{"floor":38,"key":"Strength Potion"}],"is_trial":false,"path_per_floor":["M","?","?","$","M","R","$","R","T","E","R","M","$","M","R","B",null,"M","?","M","$","M","R","M","M","T","?","M","R","M","M","R","B",null,"M","M","?","M","M"],"character_chosen":"DEFECT","items_purchased":["Sweeping Beam","Defragment"],"campfire_rested":0,"item_purchase_floors":[7,21],"current_hp_per_floor":[82,75,75,75,75,75,75,75,75,67,67,67,67,63,63,9,82,79,79,68,68,43,49,46,19,19,92,71,80,71,58,67,3,92,65,59,59,25,0],"gold":189,"neow_bonus":"TEN_PERCENT_HP_BONUS","is_prod":false,"is_daily":false,"chose_seed":false,"campfire_upgraded":7,"win_rate":0.0,"timestamp":1553470830,"path_taken":["M","?","?","$","M","R","?","R","T","E","R","M","$","M","R","BOSS","M","?","?","?","M","R","M","M","T","?","?","R","M","M","R","BOSS","M","M","?","M","M"],"build_version":"2019-01-23","purchased_purges":2,"victory":false,"max_hp_per_floor":[82,82,82,82,82,82,82,82,82,82,82,82,82,82,82,82,82,82,82,82,82,82,82,82,82,82,92,92,92,92,92,92,92,92,92,92,92,92,92],"card_choices":[{"not_picked":["Steam","Go for the Eyes"],"picked":"Leap","floor":1},{"not_picked":["Hologram","Gash"],"picked":"Coolheaded","floor":5},{"not_picked":["Multi-Cast","Hologram"],"picked":"Seek","floor":10},{"not_picked":["Gash","Cold Snap","Leap"],"picked":"SKIP","floor":12},{"not_picked":["Reinforced Body","Static Discharge"],"picked":"Coolheaded","floor":14},{"not_picked":["Thunder Strike","Biased Cognition"],"picked":"Reboot","floor":16},{"not_picked":["Streamline+1","Force Field","Redo"],"picked":"SKIP","floor":18},{"not_picked":["Compile Driver","Cold Snap","Beam Cell"],"picked":"SKIP","floor":20},{"not_picked":["Ball Lightning+1","Barrage","Beam Cell"],"picked":"SKIP","floor":22},{"not_picked":["Redo","Melter"],"picked":"Creative AI","floor":24},{"not_picked":["Go for the Eyes","Chaos"],"picked":"Defragment","floor":25},{"not_picked":["Conserve Battery+1","Chaos"],"picked":"Reprogram","floor":28},{"not_picked":["Cold Snap+1","Steam","Go for the Eyes"],"picked":"SKIP","floor":30},{"not_picked":["Tempest","Sweeping Beam","Auto Shields"],"picked":"SKIP","floor":31},{"not_picked":["Buffer","Machine Learning"],"picked":"Seek","floor":33},{"not_picked":["Barrage+1","Force Field"],"picked":"Hologram+1","floor":35},{"not_picked":["FTL","Melter+1","Stack+1"],"picked":"SKIP","floor":36},{"not_picked":["Stack+1","Static Discharge+1","Gash+1"],"picked":"SKIP","floor":38}],"player_experience":8075,"relics_obtained":[{"floor":9,"key":"Vajra"},{"floor":10,"key":"Whetstone"},{"floor":26,"key":"Bag of Preparation"}],"event_choices":[{"cards_removed":["Strike_B"],"damage_healed":0,"gold_gain":0,"player_choice":"Card Removal","damage_taken":7,"max_hp_gain":0,"max_hp_loss":0,"event_name":"Golden Wing","floor":2,"gold_loss":0},{"damage_healed":0,"gold_gain":0,"player_choice":"Grow","damage_taken":0,"max_hp_gain":0,"max_hp_loss":0,"event_name":"Living Wall","floor":3,"gold_loss":0,"cards_upgraded":["Zap"]},{"cards_removed":["Zap"],"damage_healed":0,"gold_gain":0,"player_choice":"Took Card","damage_taken":0,"max_hp_gain":0,"max_hp_loss":0,"event_name":"NoteForYourself","floor":19,"gold_loss":0,"cards_obtained":["Iron Wave"]},{"cards_removed":["Reboot"],"damage_healed":63,"gold_gain":0,"player_choice":"Offered Rare","damage_taken":0,"max_hp_gain":10,"max_hp_loss":0,"event_name":"Bonfire Elementals","floor":27,"gold_loss":0},{"cards_removed":["Strike_B"],"damage_healed":0,"gold_gain":0,"player_choice":"Upgrade and Remove","damage_taken":0,"max_hp_gain":0,"max_hp_loss":0,"event_name":"Designer","floor":37,"gold_loss":90,"cards_upgraded":["Iron Wave"]}],"is_beta":false,"boss_relics":[{"not_picked":["Runic Pyramid","Calling Bell"],"picked":"Eternal Feather"},{"not_picked":["Snecko Eye","FrozenCore"],"picked":"Inserter"}],"items_purged_floors":[4,21],"is_endless":false,"potions_floor_spawned":[5,12,24,25,30,31,33,38],"killed_by":"Writhing Mass","ascension_level":0}