{"gold_per_floor":[13,13,27,42,54,54,70,70,117,133,133,162,162,172,172,250,250,234,247,247,247,14,14],"floor_reached":23,"playtime":973,"items_purged":[],"score":338,"play_id":"085f682e-694b-4f73-8601-1b581a5c9fc0","local_time":"20190423145422","is_ascension_mode":true,"campfire_choices":[{"data":"Whirlwind","floor":6,"key":"SMITH"},{"data":"Bash","floor":8,"key":"SMITH"},{"data":"Shockwave","floor":11,"key":"SMITH"},{"data":"Battle Trance","floor":13,"key":"SMITH"},{"data":"True Grit","floor":15,"key":"SMITH"}],"neow_cost":"NO_GOLD","seed_source_timestamp":59455126754500,"circlet_count":0,"master_deck":["AscendersBane","Strike_R","Strike_R","Strike_R","Defend_R","Defend_R+1","Defend_R","Defend_R","Bash+1","Whirlwind+1","Iron Wave","Battle Trance+1","Flex+1","Shockwave+1","Warcry","Shrug It Off","True Grit+1","Bludgeon","Anger","Metallicize+1","Clothesline","Barricade+1","Apotheosis","Evolve+1"],"relics":["Burning Blood","War Paint","Frozen Egg 2","Eternal Feather","Nilry\u0027s Codex"],"potions_floor_usage":[5,12,16,16,18],"damage_taken":[{"damage":1,"enemies":"Cultist","floor":1,"turns":4},{"damage":10,"enemies":"2 Louse","floor":3,"turns":2},{"damage":1,"enemies":"Small Slimes","floor":4,"turns":4},{"damage":4,"enemies":"Exordium Thugs","floor":5,"turns":5},{"damage":0,"enemies":"3 Louse","floor":7,"turns":1},{"damage":4,"enemies":"Blue Slaver","floor":10,"turns":3},{"damage":18,"enemies":"Gremlin Nob","floor":12,"turns":3},{"damage":0,"enemies":"Large Slime","floor":14,"turns":4},{"damage":57,"enemies":"Hexaghost","floor":16,"turns":13},{"damage":7,"enemies":"2 Thieves","floor":18,"turns":4},{"damage":3,"enemies":"Chosen","floor":19,"turns":4},{"damage":67,"enemies":"Slavers","floor":23,"turns":6}],"seed_played":"6530503003107773263","potions_obtained":[{"floor":3,"key":"SkillPotion"},{"floor":4,"key":"BloodPotion"},{"floor":5,"key":"Swift Potion"},{"floor":14,"key":"SpeedPotion"},{"floor":16,"key":"SkillPotion"}],"is_trial":false,"path_per_floor":["M","?","M","M","M","R","M","R","T","M","R","E","R","M","R","B",null,"M","M","?","?","$","E"],"character_chosen":"IRONCLAD","items_purchased":["Apotheosis","Evolve+1"],"campfire_rested":0,"item_purchase_floors":[22,22],"current_hp_per_floor":[87,74,70,75,77,77,83,83,83,85,85,73,73,79,79,36,76,75,78,57,57,57,0],"gold":14,"neow_bonus":"TWENTY_PERCENT_HP_BONUS","is_prod":false,"is_daily":false,"chose_seed":false,"campfire_upgraded":5,"win_rate":0,"timestamp":1556024062,"path_taken":["M","?","M","M","M","R","M","R","T","M","R","E","R","M","R","BOSS","M","?","?","?","$","E"],"build_version":"2019-01-23","purchased_purges":0,"victory":false,"max_hp_per_floor":[89,89,89,89,89,89,89,89,89,89,89,89,89,89,89,89,89,89,89,89,89,89,89],"card_choices":[{"not_picked":["Perfected Strike","Shrug It Off"],"picked":"Whirlwind","floor":1},{"not_picked":["Second Wind","Heavy Blade"],"picked":"Iron Wave","floor":3},{"not_picked":["Havoc","Wild Strike"],"picked":"Battle Trance","floor":4},{"not_picked":["Clothesline","Sever Soul"],"picked":"Flex","floor":5},{"not_picked":["Searing Blow","Brutality"],"picked":"Shockwave","floor":7},{"not_picked":["Hemokinesis","Thunderclap"],"picked":"Warcry","floor":10},{"not_picked":["Wild Strike","Clothesline"],"picked":"Shrug It Off","floor":12},{"not_picked":["Cleave","Rampage"],"picked":"True Grit","floor":14},{"not_picked":["Impervious","Brutality+1"],"picked":"Bludgeon","floor":16},{"not_picked":["Perfected Strike","Cleave"],"picked":"Anger","floor":18},{"not_picked":["Twin Strike","Headbutt"],"picked":"Metallicize+1","floor":19}],"player_experience":1052059,"relics_obtained":[{"floor":9,"key":"War Paint"},{"floor":12,"key":"Frozen Egg 2"},{"floor":20,"key":"Nilry\u0027s Codex"}],"event_choices":[{"damage_healed":0,"gold_gain":0,"player_choice":"Damaged","damage_taken":13,"max_hp_gain":0,"max_hp_loss":0,"event_name":"Wheel of Change","floor":2,"gold_loss":0},{"damage_healed":0,"gold_gain":0,"player_choice":"Obtained Book","damage_taken":21,"max_hp_gain":0,"max_hp_loss":0,"event_name":"Cursed Tome","floor":20,"gold_loss":0},{"damage_healed":0,"gold_gain":0,"cards_transformed":["Strike_R","Strike_R"],"player_choice":"Became Test Subject","damage_taken":0,"max_hp_gain":0,"max_hp_loss":0,"event_name":"Drug Dealer","floor":21,"gold_loss":0,"cards_obtained":["Clothesline","Barricade"]}],"is_beta":false,"boss_relics":[{"not_picked":["Orrery","Calling Bell"],"picked":"Eternal Feather"}],"items_purged_floors":[],"is_endless":false,"potions_floor_spawned":[3,4,5,14,16],"killed_by":"Slavers","ascension_level":15}