{"gold_per_floor":[217,234,32,32,52,52,82,102,153,170,170,95,95,115,115,190,190,207,236,236,110,126,126,160,160,160,160,210,35,35,35,35,35],"floor_reached":33,"playtime":1443,"items_purged":["Strike_R","Strike_R"],"score":522,"play_id":"50baa778-89a3-48f0-b794-8f37c0acc80a","local_time":"20190714090841","is_ascension_mode":true,"campfire_choices":[{"data":"Whirlwind","floor":6,"key":"SMITH"},{"data":"Bash","floor":11,"key":"SMITH"},{"data":"Anger","floor":13,"key":"SMITH"},{"data":"Pommel Strike","floor":15,"key":"SMITH"},{"data":"Immolate","floor":23,"key":"SMITH"},{"floor":25,"key":"REST"},{"floor":32,"key":"REST"}],"neow_cost":"NONE","seed_source_timestamp":300081513048358,"circlet_count":0,"master_deck":["AscendersBane","Strike_R","Strike_R","Defend_R","Defend_R","Defend_R","Defend_R","Bash+1","Anger+1","Whirlwind+1","Headbutt","Armaments+1","Intimidate+1","Dual Wield+1","Pommel Strike+1","Immolate+1","Shrug It Off+1","Shrug It Off+1","True Grit+1","Inflame+1"],"relics":["Burning Blood","Happy Flower","Toxic Egg 2","Lantern","Busted Crown","Red Mask","Boot","Frozen Egg 2"],"potions_floor_usage":[7,16,16,19,24,33,33],"damage_taken":[{"damage":10,"enemies":"2 Louse","floor":1,"turns":2},{"damage":7,"enemies":"Small Slimes","floor":2,"turns":4},{"damage":0,"enemies":"Jaw Worm","floor":5,"turns":3},{"damage":8,"enemies":"Gremlin Nob","floor":7,"turns":3},{"damage":0,"enemies":"2 Fungi Beasts","floor":8,"turns":3},{"damage":8,"enemies":"Large Slime","floor":10,"turns":5},{"damage":3,"enemies":"Exordium Thugs","floor":14,"turns":2},{"damage":58,"enemies":"The Guardian","floor":16,"turns":12},{"damage":4,"enemies":"Chosen","floor":18,"turns":3},{"damage":0,"enemies":"Masked Bandits","floor":19,"turns":2},{"damage":0,"enemies":"Shell Parasite","floor":22,"turns":3},{"damage":38,"enemies":"Book of Stabbing","floor":24,"turns":6},{"damage":126,"enemies":"Collector","floor":33,"turns":8}],"seed_played":"-4142281167932726965","potions_obtained":[{"floor":5,"key":"Fire Potion"},{"floor":8,"key":"SkillPotion"},{"floor":10,"key":"EntropicBrew"},{"floor":19,"key":"Block Potion"},{"floor":24,"key":"AttackPotion"}],"is_trial":false,"path_per_floor":["M","M","$","?","M","R","E","M","T","M","R","?","R","M","R","B",null,"M","?","?","$","M","R","E","R","T","$","?","$","?","?","R","B"],"character_chosen":"IRONCLAD","items_purchased":["Whirlwind","Happy Flower","True Grit+1","Inflame+1"],"campfire_rested":2,"item_purchase_floors":[3,3,21,29],"current_hp_per_floor":[64,63,63,68,74,74,72,78,78,76,76,76,76,79,79,27,67,69,80,80,80,80,80,48,72,72,72,72,72,72,49,74,0],"gold":35,"neow_bonus":"HUNDRED_GOLD","is_prod":false,"is_daily":false,"chose_seed":false,"campfire_upgraded":5,"win_rate":0,"timestamp":1563091721,"path_taken":["M","M","$","?","M","R","E","M","T","M","R","?","R","M","R","BOSS","M","?","?","$","M","R","E","R","T","$","?","$","?","?","R","BOSS"],"build_version":"2019-07-05","purchased_purges":2,"victory":false,"max_hp_per_floor":[75,75,75,80,80,80,80,80,80,80,80,80,80,80,80,80,80,80,80,80,80,80,80,80,80,80,80,80,80,80,85,85,85],"card_choices":[{"not_picked":["Sword Boomerang","Power Through"],"picked":"Anger","floor":1},{"not_picked":["Cleave","Clash","Body Slam"],"picked":"SKIP","floor":2},{"not_picked":["Shrug It Off","Dual Wield"],"picked":"Headbutt","floor":5},{"not_picked":["Clothesline","Wild Strike"],"picked":"Armaments","floor":7},{"not_picked":["Armaments+1","Sentinel+1"],"picked":"Intimidate+1","floor":8},{"not_picked":["Anger","Sword Boomerang"],"picked":"Dual Wield+1","floor":10},{"not_picked":["Sword Boomerang","Perfected Strike"],"picked":"Pommel Strike","floor":14},{"not_picked":["Demon Form","Exhume+1"],"picked":"Immolate","floor":16},{"not_picked":[],"picked":"Shrug It Off+1","floor":18},{"not_picked":[],"picked":"Shrug It Off+1","floor":19},{"not_picked":["Anger"],"picked":"SKIP","floor":22},{"not_picked":["Anger"],"picked":"SKIP","floor":24}],"player_experience":1168737,"relics_obtained":[{"floor":7,"key":"Toxic Egg 2"},{"floor":9,"key":"Lantern"},{"floor":19,"key":"Red Mask"},{"floor":24,"key":"Boot"},{"floor":26,"key":"Frozen Egg 2"}],"event_choices":[{"damage_healed":0,"gold_gain":0,"player_choice":"Donut","damage_taken":0,"max_hp_gain":5,"max_hp_loss":0,"event_name":"Big Fish","floor":4,"gold_loss":0},{"cards_removed":["Strike_R"],"damage_healed":0,"gold_gain":0,"player_choice":"Card Removal","damage_taken":0,"max_hp_gain":0,"max_hp_loss":0,"event_name":"The Cleric","floor":12,"gold_loss":75},{"damage_healed":0,"gold_gain":0,"player_choice":"Fought Bandits","damage_taken":0,"max_hp_gain":0,"max_hp_loss":0,"event_name":"Masked Bandits","floor":19,"gold_loss":0},{"damage_healed":0,"gold_gain":0,"player_choice":"Ignored","damage_taken":0,"max_hp_gain":0,"max_hp_loss":0,"event_name":"Vampires","floor":20,"gold_loss":0},{"damage_healed":0,"gold_gain":50,"player_choice":"Stole From Cult","damage_taken":0,"max_hp_gain":0,"max_hp_loss":0,"event_name":"Nest","floor":28,"gold_loss":0},{"damage_healed":0,"gold_gain":0,"player_choice":"Ignored","damage_taken":0,"max_hp_gain":0,"max_hp_loss":0,"event_name":"Ghosts","floor":30,"gold_loss":0},{"damage_healed":0,"gold_gain":0,"player_choice":"Shed Blood","damage_taken":28,"max_hp_gain":5,"max_hp_loss":0,"event_name":"Forgotten Altar","floor":31,"gold_loss":0}],"is_beta":false,"boss_relics":[{"not_picked":["Empty Cage","Runic Pyramid"],"picked":"Busted Crown"}],"items_purged_floors":[21,29],"is_endless":false,"potions_floor_spawned":[5,8,10,18,19,24],"killed_by":"Collector","ascension_level":20}