{"gold_per_floor":[19,35,45,45,61,96,96,123,150,150,150,150,183,183],"floor_reached":14,"playtime":490,"items_purged":[],"score":194,"play_id":"37c718d9-61ff-41ee-9a4b-d25448829dc8","local_time":"20190617111839","is_ascension_mode":true,"campfire_choices":[{"floor":7,"key":"REST"},{"data":"Creative AI","floor":10,"key":"SMITH"},{"floor":12,"key":"REST"}],"neow_cost":"NO_GOLD","seed_source_timestamp":30578820895100,"circlet_count":0,"master_deck":["AscendersBane","Strike_B","Strike_B","Defend_B","Defend_B","Defend_B","Defend_B","Zap","Dualcast","Creative AI+1","Undo","Go for the Eyes","Ball Lightning","Cold Snap","Leap","Hologram","Sweeping Beam","Decay","Heatsinks"],"relics":["Cracked Core","Oddly Smooth Stone","Pen Nib","Bronze Scales","Juzu Bracelet"],"potions_floor_usage":[6,8,14],"damage_taken":[{"damage":2,"enemies":"Jaw Worm","floor":1,"turns":6},{"damage":4,"enemies":"Cultist","floor":2,"turns":5},{"damage":4,"enemies":"2 Louse","floor":3,"turns":4},{"damage":15,"enemies":"2 Fungi Beasts","floor":5,"turns":5},{"damage":30,"enemies":"Gremlin Nob","floor":6,"turns":6},{"damage":18,"enemies":"3 Sentries","floor":8,"turns":6},{"damage":32,"enemies":"Gremlin Nob","floor":13,"turns":5},{"damage":6,"enemies":"Lots of Slimes","floor":14,"turns":1}],"seed_played":"559030571628981523","potions_obtained":[{"floor":2,"key":"SteroidPotion"},{"floor":5,"key":"Weak Potion"},{"floor":13,"key":"LiquidBronze"}],"is_trial":false,"path_per_floor":["M","M","M","$","M","E","R","E","T","R","?","R","E","M"],"character_chosen":"DEFECT","items_purchased":[],"campfire_rested":2,"item_purchase_floors":[],"current_hp_per_floor":[62,58,54,54,39,9,30,12,12,12,12,33,1,0],"gold":183,"neow_bonus":"TRANSFORM_TWO_CARDS","is_prod":false,"is_daily":false,"chose_seed":false,"campfire_upgraded":1,"win_rate":0,"timestamp":1560763119,"path_taken":["M","M","M","$","M","E","R","E","T","R","?","R","E","M"],"build_version":"2019-01-23","purchased_purges":0,"victory":false,"max_hp_per_floor":[71,71,71,71,71,71,71,71,71,71,71,71,71,71],"card_choices":[{"not_picked":["Stack","Turbo"],"picked":"Go for the Eyes","floor":1},{"not_picked":["BootSequence","Tempest"],"picked":"Ball Lightning","floor":2},{"not_picked":["Stack","Gash"],"picked":"Cold Snap","floor":3},{"not_picked":["Aggregate","Barrage"],"picked":"Leap","floor":5},{"not_picked":["Seek","Steam Power"],"picked":"Hologram","floor":6},{"not_picked":["Turbo","Rebound"],"picked":"Sweeping Beam","floor":8},{"not_picked":["Lockon","Recycle"],"picked":"Heatsinks","floor":13}],"player_experience":1392621,"relics_obtained":[{"floor":6,"key":"Oddly Smooth Stone"},{"floor":8,"key":"Pen Nib"},{"floor":9,"key":"Bronze Scales"},{"floor":13,"key":"Juzu Bracelet"}],"event_choices":[{"damage_healed":0,"gold_gain":0,"player_choice":"Cursed","damage_taken":0,"max_hp_gain":0,"max_hp_loss":0,"event_name":"Wheel of Change","floor":11,"gold_loss":0,"cards_obtained":["Decay"]}],"is_beta":false,"boss_relics":[],"items_purged_floors":[],"is_endless":false,"potions_floor_spawned":[2,5,13],"killed_by":"Lots of Slimes","ascension_level":16}