{"gold_per_floor":[112,131,181,192,21,36,36,36,36,36,36,36,55,65,65,143,143,161,161,181,181,193,193,228,228,254,254,254,254,266,296,296,296],"floor_reached":33,"playtime":1409,"items_purged":["Strike_R"],"score":509,"play_id":"a26cf47d-ff16-421c-b594-15e930b0fff8","local_time":"20190706115001","is_ascension_mode":true,"campfire_choices":[{"data":"Armaments","floor":7.0,"key":"SMITH"},{"data":"Bash","floor":10.0,"key":"SMITH"},{"data":"Ghostly Armor","floor":12.0,"key":"SMITH"},{"data":"Juggernaut","floor":15.0,"key":"SMITH"},{"floor":23,"key":"REST"},{"floor":25,"key":"REST"},{"floor":27,"key":"REST"},{"floor":29,"key":"REST"},{"floor":32,"key":"REST"}],"neow_cost":"NONE","seed_source_timestamp":0,"circlet_count":0,"master_deck":["AscendersBane","Strike_R+1","Strike_R+1","Strike_R+1","Defend_R+1","Defend_R+1","Defend_R+1","Defend_R+1","Bash+1","Cleave","Armaments+1","Flame Barrier+1","Warcry","Ghostly Armor+1","Headbutt","Juggernaut+1","Pommel Strike","Bludgeon","Anger","Infernal Blade+1","Writhe","Battle Trance+1","Infernal Blade+1","Feed","Infernal Blade+1"],"special_seed":0,"relics":["Burning Blood","Toxic Egg 2","Lizard Tail","FossilizedHelix","Bottled Flame","Boot","Letter Opener"],"potions_floor_usage":[18,18,22,31],"damage_taken":[{"damage":1.0,"enemies":"2 Louse","floor":1.0,"turns":3.0},{"damage":7.0,"enemies":"Cultist","floor":2.0,"turns":5.0},{"damage":0.0,"enemies":"Jaw Worm","floor":4.0,"turns":4.0},{"damage":18.0,"enemies":"Large Slime","floor":6.0,"turns":8.0},{"damage":9.0,"enemies":"Lots of Slimes","floor":13.0,"turns":5.0},{"damage":20.0,"enemies":"Exordium Wildlife","floor":14.0,"turns":6.0},{"damage":28.0,"enemies":"Hexaghost","floor":16.0,"turns":11.0},{"damage":13,"enemies":"Chosen","floor":18,"turns":4},{"damage":9,"enemies":"Shell Parasite","floor":20,"turns":7},{"damage":48,"enemies":"Cultist and Chosen","floor":22,"turns":8},{"damage":71,"enemies":"Book of Stabbing","floor":24,"turns":7},{"damage":18,"enemies":"Sentry and Sphere","floor":30,"turns":6},{"damage":45,"enemies":"Slavers","floor":31,"turns":6},{"damage":80,"enemies":"Collector","floor":33,"turns":8}],"seed_played":"-4449347103240367681","potions_obtained":[{"floor":1.0,"key":"Poison Potion"},{"floor":4.0,"key":"GamblersBrew"},{"floor":13.0,"key":"SteroidPotion"},{"floor":16.0,"key":"Block Potion"},{"floor":18,"key":"GamblersBrew"},{"floor":30,"key":"BloodPotion"}],"is_trial":false,"path_per_floor":["M","M","?","M","$","M","R","$","T","R","?","R","M","M","R","B",null,"M","?","M","?","M","R","E","R","T","R","?","R","M","E","R","B"],"character_chosen":"IRONCLAD","items_purchased":["PowerPotion","Ghostly Armor"],"campfire_rested":5,"item_purchase_floors":[5,5],"current_hp_per_floor":[73,72,65,71,71,59,59,59,59,59,59,59,56,42,42,20,61,54,54,51,51,9,31,8,30,30,52,52,74,62,45,68,0],"gold":296,"neow_bonus":"TRANSFORM_CARD","is_prod":false,"is_daily":false,"chose_seed":false,"campfire_upgraded":4,"win_rate":0,"timestamp":1562406601,"path_taken":["M","M","?","M","$","M","R","?","T","R","?","R","M","M","R","BOSS","M","?","M","?","M","R","E","R","T","R","?","R","M","E","R","BOSS"],"build_version":"2019-07-05","purchased_purges":1,"victory":false,"max_hp_per_floor":[75,75,75,75,75,75,75,75,75,75,75,75,75,75,75,75,75,75,75,75,75,75,75,75,75,75,75,75,75,75,79,79,79],"card_choices":[{"not_picked":["Second Wind","Havoc"],"picked":"Armaments","floor":1.0},{"not_picked":["Twin Strike","Sword Boomerang"],"picked":"Flame Barrier","floor":2.0},{"not_picked":["Armaments","Havoc"],"picked":"Warcry","floor":4.0},{"not_picked":["Bloodletting","Wild Strike"],"picked":"Headbutt","floor":6.0},{"not_picked":["Heavy Blade","Anger"],"picked":"Juggernaut","floor":13.0},{"not_picked":["Sever Soul","Wild Strike"],"picked":"Pommel Strike","floor":14.0},{"not_picked":["Limit Break+1","Fiend Fire"],"picked":"Bludgeon","floor":16.0},{"not_picked":["Twin Strike","Perfected Strike"],"picked":"Anger","floor":18},{"not_picked":["Clothesline","Cleave"],"picked":"Infernal Blade+1","floor":20},{"not_picked":["Sever Soul","Twin Strike","Searing Blow"],"picked":"SKIP","floor":22},{"not_picked":["Inflame","Combust"],"picked":"Battle Trance+1","floor":24},{"not_picked":["Wild Strike","Evolve"],"picked":"Feed","floor":30},{"not_picked":["Brutality","Hemokinesis"],"picked":"Infernal Blade+1","floor":31}],"player_experience":1608271,"relics_obtained":[{"floor":9.0,"key":"Toxic Egg 2"},{"floor":24,"key":"Bottled Flame"},{"floor":26,"key":"Boot"},{"floor":31,"key":"Letter Opener"}],"event_choices":[{"damage_healed":0.0,"max_hp_gain":0.0,"max_hp_loss":0.0,"gold_gain":50.0,"event_name":"FaceTrader","player_choice":"Touch","floor":3.0,"gold_loss":0.0,"damage_taken":7.0},{"damage_healed":0.0,"max_hp_gain":0.0,"max_hp_loss":0.0,"gold_gain":0.0,"event_name":"Living Wall","player_choice":"Grow","floor":11.0,"gold_loss":0.0,"damage_taken":0.0,"cards_upgraded":["Flame Barrier"]},{"damage_healed":0,"gold_gain":0,"player_choice":"Simplicity","damage_taken":0,"max_hp_gain":0,"max_hp_loss":0,"event_name":"Back to Basics","floor":19,"gold_loss":0,"cards_upgraded":["Strike_R","Strike_R","Strike_R","Defend_R","Defend_R","Defend_R","Defend_R"]},{"damage_healed":0,"gold_gain":0,"player_choice":"Opened","damage_taken":0,"relics_obtained":["FossilizedHelix"],"max_hp_gain":0,"max_hp_loss":0,"event_name":"The Mausoleum","floor":21,"gold_loss":0,"cards_obtained":["Writhe"]},{"damage_healed":0,"gold_gain":0,"player_choice":"Copied","damage_taken":0,"max_hp_gain":0,"max_hp_loss":0,"event_name":"Duplicator","floor":28,"gold_loss":0,"cards_obtained":["Infernal Blade"]}],"is_beta":false,"boss_relics":[{"not_picked":["Black Blood","Velvet Choker"],"picked":"Lizard Tail"}],"items_purged_floors":[5],"is_endless":false,"potions_floor_spawned":[1,4,13,14,16,18,30],"killed_by":"Collector","ascension_level":17}