{"gold_per_floor":[113,63,25,42,42,42,77,77,77,77,89,113,141,160,160,257,257,267,267,267,267],"floor_reached":21,"playtime":1096,"items_purged":[],"score":377,"play_id":"73f624ef-174d-429f-b234-6d6ec594e5db","local_time":"20180907083524","is_ascension_mode":true,"campfire_choices":[{"data":"Streamline","floor":6,"key":"SMITH"},{"data":"Zap","floor":8,"key":"SMITH"},{"floor":15,"key":"REST"}],"neow_cost":"NONE","seed_source_timestamp":0,"circlet_count":0,"master_deck":["Strike_B","Strike_B+1","Defend_B","Defend_B","Defend_B","Defend_B","Zap+1","Dualcast","Streamline+1","Genetic Algorithm","Stack","Scrape","Defragment","Defragment","Rebound+1","Capacitor","Ball Lightning","Multi-Cast","Decay"],"special_seed":0,"relics":["Cracked Core","NeowsBlessing","Potion Belt","Symbiotic Virus","Ice Cream","Odd Mushroom","Whetstone","Inserter"],"potions_floor_usage":[13],"damage_taken":[{"damage":0,"enemies":"Jaw Worm","floor":1,"turns":1},{"damage":0,"enemies":"Small Slimes","floor":4,"turns":1},{"damage":0,"enemies":"3 Sentries","floor":7,"turns":1},{"damage":0,"enemies":"Cultist","floor":11,"turns":3},{"damage":16,"enemies":"The Mushroom Lair","floor":12,"turns":4},{"damage":24,"enemies":"Lagavulin","floor":13,"turns":5},{"damage":0,"enemies":"Large Slime","floor":14,"turns":5},{"damage":0,"enemies":"Slime Boss","floor":16,"turns":6},{"damage":6,"enemies":"Spheric Guardian","floor":18,"turns":3},{"damage":47,"enemies":"Colosseum Slavers","floor":19,"turns":5},{"damage":15,"enemies":"Chosen","floor":21,"turns":4}],"seed_played":"4803072136285267854","potions_obtained":[{"floor":7,"key":"Regen Potion"},{"floor":12,"key":"Explosive Potion"},{"floor":16,"key":"SneckoOil"}],"is_trial":false,"path_per_floor":["M","?","$","M","?","R","E","R","T","?","M","?","E","M","R","B",null,"M","?","?"],"character_chosen":"DEFECT","items_purchased":["Genetic Algorithm"],"campfire_rested":1,"item_purchase_floors":[3],"current_hp_per_floor":[68,68,68,68,68,68,68,68,68,50,50,34,24,24,46,46,68,62,15,15,0],"gold":267,"neow_bonus":"THREE_ENEMY_KILL","is_prod":false,"is_daily":false,"chose_seed":false,"campfire_upgraded":2,"win_rate":0,"timestamp":1536305724,"path_taken":["M","?","$","M","?","R","E","R","T","?","M","?","E","?","R","BOSS","M","?","?","M"],"build_version":"2018-09-06","purchased_purges":0,"victory":false,"max_hp_per_floor":[75,75,75,75,75,75,75,75,75,75,75,75,75,75,75,75,75,75,75,75,75],"card_choices":[{"not_picked":["Cold Snap","Chaos"],"picked":"Streamline","floor":1},{"not_picked":["Compile Driver","Streamline"],"picked":"Stack","floor":4},{"not_picked":["Leap","Compile Driver"],"picked":"Defragment","floor":7},{"not_picked":["Skim","Tempest"],"picked":"Defragment","floor":11},{"not_picked":["Barrage","Tempest"],"picked":"Rebound","floor":12},{"not_picked":["Rip and Tear","Gash"],"picked":"Capacitor","floor":13},{"not_picked":["Force Field","Hyperbeam"],"picked":"Ball Lightning","floor":14},{"not_picked":["Thunder Strike","Core Surge"],"picked":"Multi-Cast","floor":16},{"not_picked":["Gash","Compile Driver","Rebound+1"],"picked":"SKIP","floor":18}],"player_experience":645387,"relics_obtained":[{"floor":7,"key":"Potion Belt"},{"floor":9,"key":"Symbiotic Virus"},{"floor":12,"key":"Odd Mushroom"},{"floor":13,"key":"Whetstone"}],"event_choices":[{"event_name":"The Cleric","player_choice":"Card Removal","floor":2,"damage_taken":0},{"event_name":"Transmorgrifier","player_choice":"Transform","floor":5,"damage_taken":0},{"event_name":"Scrap Ooze","player_choice":"success","floor":10,"damage_taken":18},{"event_name":"Mushrooms","player_choice":"Fought Mushrooms","floor":12,"damage_taken":0},{"event_name":"Colosseum","player_choice":"Fight","floor":19,"damage_taken":0},{"event_name":"Colosseum","player_choice":"Fled From Nobs","floor":19,"damage_taken":0},{"event_name":"Forgotten Altar","player_choice":"Smashed Altar","floor":20,"damage_taken":0}],"is_beta":false,"boss_relics":[{"not_picked":["Eternal Feather","Black Star"],"picked":"Inserter"}],"items_purged_floors":[],"is_endless":false,"potions_floor_spawned":[7,12,16],"killed_by":"Chosen","ascension_level":9}