{"gold_per_floor":[115,115,129,129,129,164,164,164,164,164,177,197,215,243,243,342,342,354,383,397,125,144,144,204,204,204,219,48,48,79,79,79,180,180,191,191,204,224,239,239,254,254,254,254,289,307,185,185],"floor_reached":48,"playtime":2336,"items_purged":["Strike_B","Strike_B","Defend_B"],"score":669,"play_id":"3b8d1547-7a5f-48fa-af9b-0ac8e7ccd2ad","local_time":"20180804184211","is_ascension_mode":true,"campfire_choices":[{"data":"Zap","floor":8,"key":"SMITH"},{"data":"Sweeping Beam","floor":10,"key":"SMITH"},{"floor":15,"key":"REST"},{"data":"Defragment","floor":23,"key":"SMITH"},{"floor":25,"key":"REST"},{"data":"Defragment","floor":32,"key":"SMITH"},{"data":"Echo Form","floor":40,"key":"SMITH"},{"data":"Biased Cognition","floor":42,"key":"SMITH"},{"data":"Reinforced Body","floor":44,"key":"SMITH"}],"neow_cost":"NONE","seed_source_timestamp":1156615773192710,"circlet_count":0,"master_deck":["Defend_B","Defend_B","Defend_B","Zap+1","Dualcast","Coolheaded","Sweeping Beam+1","Ball Lightning","Go for the Eyes","BootSequence","Electrodynamics","Biased Cognition+1","Beam Cell+1","Defragment+1","Defragment+1","Barrage","Streamline+1","Self Repair+1","Compile Driver","Reinforced Body+1","Stack","Echo Form+1","Conserve Battery","Doom and Gloom","Cold Snap","Leap+1","Core Surge"],"relics":["FrozenCore","NeowsBlessing","Bronze Scales","Oddly Smooth Stone","Cables","Omamori","Red Mask","Boot","Tiny Chest","Smiling Mask","NlothsMask","Art of War","Snecko Eye","Regal Pillow"],"potions_floor_usage":[14,22,33,33,37,48],"damage_taken":[{"damage":0,"enemies":"Small Slimes","floor":1,"turns":1},{"damage":0,"enemies":"2 Louse","floor":3,"turns":1},{"damage":0,"enemies":"3 Sentries","floor":6,"turns":1},{"damage":0,"enemies":"Cultist","floor":11,"turns":3},{"damage":0,"enemies":"Looter","floor":12,"turns":2},{"damage":0,"enemies":"2 Fungi Beasts","floor":13,"turns":2},{"damage":22,"enemies":"Lagavulin","floor":14,"turns":4},{"damage":5,"enemies":"Slime Boss","floor":16,"turns":7},{"damage":1,"enemies":"2 Thieves","floor":18,"turns":3},{"damage":6,"floor":19,"turns":3},{"damage":0,"enemies":"Chosen","floor":20,"turns":3},{"damage":15,"enemies":"Snake Plant","floor":22,"turns":4},{"damage":19,"enemies":"Book of Stabbing","floor":24,"turns":5},{"damage":2,"enemies":"Slaver and Parasite","floor":27,"turns":6},{"damage":7,"enemies":"Gremlin Leader","floor":30,"turns":5},{"damage":9,"enemies":"Collector","floor":33,"turns":7},{"damage":0,"enemies":"3 Shapes","floor":35,"turns":2},{"damage":12,"enemies":"3 Darklings","floor":37,"turns":5},{"damage":14,"enemies":"Maw","floor":38,"turns":6},{"damage":5,"enemies":"Transient","floor":39,"turns":5},{"damage":0,"enemies":"Sphere and 2 Shapes","floor":41,"turns":3},{"damage":22,"enemies":"2 Orb Walkers","floor":45,"turns":4},{"damage":14,"enemies":"Spire Growth","floor":46,"turns":4},{"damage":46,"enemies":"Giant Head","floor":48,"turns":6}],"seed_played":"-5134019615559294816","potions_obtained":[{"floor":3,"key":"AttackPotion"},{"floor":11,"key":"Ancient Potion"},{"floor":13,"key":"SpeedPotion"},{"floor":14,"key":"Regen Potion"},{"floor":22,"key":"Swift Potion"},{"floor":24,"key":"Block Potion"},{"floor":33,"key":"GamblersBrew"},{"floor":37,"key":"Swift Potion"},{"floor":45,"key":"Strength Potion"}],"is_trial":false,"path_per_floor":["M","$","M","?","?","E","?","R","T","R","M","M","M","E","R","B",null,"M","?","M","$","M","R","E","R","T","M","$","?","E","?","R","B",null,"M","?","M","M","M","R","M","R","T","R","E","M","$"],"character_chosen":"DEFECT","items_purchased":["Boot","Barrage","Compile Driver","Reinforced Body","Core Surge"],"campfire_rested":2,"item_purchase_floors":[21,21,28,28,47],"current_hp_per_floor":[75,75,75,68,68,68,61,61,61,61,61,61,61,39,61,56,70,69,63,63,63,57,57,38,60,60,68,68,68,71,71,71,72,74,74,75,73,69,64,64,64,64,64,64,42,28,28,0],"gold":185,"neow_bonus":"THREE_ENEMY_KILL","is_prod":false,"is_daily":false,"chose_seed":false,"campfire_upgraded":7,"win_rate":0,"timestamp":1533404531,"path_taken":["M","$","M","?","?","E","?","R","T","R","M","M","M","E","R","BOSS","M","?","M","$","M","R","E","R","T","M","$","?","E","?","R","BOSS","M","?","M","M","M","R","M","R","T","R","E","M","$","E"],"build_version":"2018-08-02","purchased_purges":3,"victory":false,"max_hp_per_floor":[75,75,75,75,75,75,75,75,75,75,75,75,75,75,75,75,75,75,75,75,75,75,75,75,75,75,75,75,75,75,75,75,75,75,75,75,75,75,75,75,75,75,75,75,75,75,75,75],"card_choices":[{"not_picked":["Compile Driver","Beam Cell"],"picked":"Coolheaded","floor":1},{"not_picked":["Steam Power","Rebound"],"picked":"Sweeping Beam","floor":3},{"not_picked":["Go for the Eyes","Cold Snap"],"picked":"Ball Lightning","floor":6},{"not_picked":["Sweeping Beam","Steam","Tempest"],"picked":"SKIP","floor":11},{"not_picked":["Lockon","Coolheaded"],"picked":"Go for the Eyes","floor":12},{"not_picked":["Redo","Steam"],"picked":"BootSequence","floor":13},{"not_picked":["BootSequence","Consume"],"picked":"Electrodynamics","floor":14},{"not_picked":["Amplify","Rainbow"],"picked":"Biased Cognition","floor":16},{"not_picked":["Melter","Rebound"],"picked":"Beam Cell+1","floor":18},{"not_picked":["Compile Driver","Cold Snap+1"],"picked":"Defragment","floor":19},{"not_picked":["Barrage","Cold Snap"],"picked":"Defragment","floor":20},{"not_picked":["Hologram","Darkness"],"picked":"Streamline+1","floor":22},{"not_picked":["Loop+1","Redo+1"],"picked":"Self Repair+1","floor":24},{"not_picked":["Turbo","Hologram","Blizzard+1"],"picked":"SKIP","floor":27},{"not_picked":["Genetic Algorithm+1","Multi-Cast"],"picked":"Stack","floor":30},{"not_picked":["Buffer","Amplify"],"picked":"Echo Form","floor":33},{"not_picked":["Gash","Turbo+1","Sweeping Beam+1"],"picked":"SKIP","floor":35},{"not_picked":["Beam Cell","Doom and Gloom"],"picked":"Conserve Battery","floor":37},{"not_picked":["BootSequence+1","Rebound+1","Conserve Battery+1"],"picked":"SKIP","floor":38},{"not_picked":["Beam Cell","Coolheaded+1","Biased Cognition"],"picked":"SKIP","floor":39},{"not_picked":["Skim","Sweeping Beam+1"],"picked":"Doom and Gloom","floor":41},{"not_picked":["Barrage+1","Heatsinks+1"],"picked":"Cold Snap","floor":45},{"not_picked":["Steam+1","Genetic Algorithm"],"picked":"Leap+1","floor":46}],"player_experience":533812,"relics_obtained":[{"floor":6,"key":"Bronze Scales"},{"floor":9,"key":"Cables"},{"floor":14,"key":"Omamori"},{"floor":19,"key":"Red Mask"},{"floor":24,"key":"Tiny Chest"},{"floor":26,"key":"Smiling Mask"},{"floor":30,"key":"Art of War"},{"floor":45,"key":"Regal Pillow"}],"event_choices":[{"event_name":"Golden Wing","player_choice":"Card Removal","floor":4,"damage_taken":0},{"event_name":"Wheel of Change","player_choice":"Card Removal","floor":5,"damage_taken":0},{"event_name":"Scrap Ooze","player_choice":"success","floor":7,"damage_taken":7},{"event_name":"Masked Bandits","player_choice":"Fought over 354 gold","floor":19,"damage_taken":0},{"event_name":"FaceTrader","player_choice":"Trade","floor":29,"damage_taken":0},{"event_name":"Vampires","player_choice":"Ignored","floor":31,"damage_taken":0},{"event_name":"Winding Halls","player_choice":"Writhe","floor":36,"damage_taken":0}],"is_beta":false,"boss_relics":[{"not_picked":["Busted Crown","Tiny House"],"picked":"FrozenCore"},{"not_picked":["Philosopher\u0027s Stone","Runic Dome"],"picked":"Snecko Eye"}],"items_purged_floors":[21,28,47],"is_endless":false,"potions_floor_spawned":[3,11,13,14,18,22,24,33,37,45],"killed_by":"Giant Head","ascension_level":5}