{"gold_per_floor":[112,262,187,200,11,11,42,42,42,57,57,77,77,33,33,108,108,108,23,23,23,23,23],"floor_reached":23,"playtime":600,"items_purged":["Strike_G"],"score":424,"play_id":"3be0a00b-e445-4f3b-8d29-8efc4bd70c9b","local_time":"20190319192855","is_ascension_mode":true,"campfire_choices":[{"data":"Finisher","floor":6.0,"key":"SMITH"},{"data":"Neutralize","floor":8.0,"key":"SMITH"},{"data":"Poisoned Stab","floor":13,"key":"SMITH"},{"data":"Footwork","floor":15,"key":"SMITH"}],"neow_cost":"NONE","seed_source_timestamp":205523369877796,"circlet_count":0,"master_deck":["AscendersBane","Defend_G","Defend_G","Defend_G","Defend_G","Defend_G","Strike_G","Strike_G","Strike_G","Strike_G","Survivor","Neutralize+1","Finisher+1","Dagger Spray","Dagger Spray","Slice","Crippling Poison","Backflip","Regret","Poisoned Stab+1","Footwork+1","Envenom","Poisoned Stab","PiercingWail","Dodge and Roll"],"special_seed":0,"relics":["Ring of the Snake","NeowsBlessing","Boot","Orichalcum","Mercury Hourglass","Odd Mushroom","Ectoplasm","Pantograph"],"potions_floor_usage":[16,18,23,23],"damage_taken":[{"damage":0.0,"enemies":"2 Louse","floor":1.0,"turns":1.0},{"damage":0.0,"enemies":"Small Slimes","floor":4.0,"turns":1.0},{"damage":0.0,"enemies":"3 Sentries","floor":7.0,"turns":1.0},{"damage":6.0,"enemies":"Jaw Worm","floor":10.0,"turns":2.0},{"damage":2,"enemies":"The Mushroom Lair","floor":12,"turns":2},{"damage":25,"enemies":"Slime Boss","floor":16,"turns":9},{"damage":15,"enemies":"Spheric Guardian","floor":18,"turns":4},{"damage":18,"enemies":"Shell Parasite","floor":21,"turns":3},{"damage":4,"enemies":"Snake Plant","floor":22,"turns":4},{"damage":22,"enemies":"Book of Stabbing","floor":23,"turns":4}],"seed_played":"-2843275820959315887","potions_obtained":[{"floor":1.0,"key":"Weak Potion"},{"floor":10.0,"key":"Block Potion"},{"floor":21,"key":"EssenceOfSteel"},{"floor":22,"key":"Poison Potion"}],"is_trial":false,"path_per_floor":["M","?","?","M","$","R","E","R","T","M","?","?","R","$","R","B",null,"M","?","?","M","M","E"],"character_chosen":"THE_SILENT","items_purchased":["Dagger Spray","Slice","Footwork"],"campfire_rested":0,"item_purchase_floors":[5,5,14],"current_hp_per_floor":[59,59,59,59,59,59,59,59,59,53,53,51,51,51,51,26,56,41,41,41,23,19,0],"gold":23,"neow_bonus":"THREE_ENEMY_KILL","is_prod":false,"is_daily":false,"chose_seed":false,"campfire_upgraded":4,"win_rate":0,"timestamp":1553020135,"path_taken":["M","?","?","M","?","R","E","R","T","?","?","?","R","$","R","BOSS","M","?","?","M","M","E"],"build_version":"2019-01-23","purchased_purges":1,"victory":false,"max_hp_per_floor":[66,66,66,66,66,66,66,66,66,66,66,66,66,66,66,66,66,66,66,66,66,66,66],"card_choices":[{"not_picked":["Sucker Punch","Bane"],"picked":"Finisher","floor":1.0},{"not_picked":["Deadly Poison","Backflip"],"picked":"Dagger Spray","floor":4.0},{"not_picked":["Deflect","Bane"],"picked":"Crippling Poison","floor":7.0},{"not_picked":["Escape Plan","Dagger Throw"],"picked":"Backflip","floor":10.0},{"not_picked":["Dodge and Roll","Catalyst"],"picked":"Poisoned Stab","floor":12},{"not_picked":["Phantasmal Killer","Tools of the Trade"],"picked":"Envenom","floor":16},{"not_picked":["Expertise","Prepared"],"picked":"Poisoned Stab","floor":18},{"not_picked":["Outmaneuver","Slice"],"picked":"PiercingWail","floor":21},{"not_picked":["Underhanded Strike","Deadly Poison"],"picked":"Dodge and Roll","floor":22}],"player_experience":717593,"relics_obtained":[{"floor":7.0,"key":"Boot"},{"floor":9.0,"key":"Orichalcum"},{"floor":12,"key":"Odd Mushroom"}],"event_choices":[{"damage_healed":0.0,"max_hp_gain":0.0,"max_hp_loss":0.0,"gold_gain":150.0,"event_name":"Liars Game","player_choice":"AGREE","floor":2.0,"gold_loss":0.0,"damage_taken":0.0,"cards_obtained":["Doubt"]},{"cards_removed":["Doubt"],"damage_healed":0.0,"max_hp_gain":0.0,"max_hp_loss":0.0,"gold_gain":0.0,"event_name":"The Cleric","player_choice":"Card Removal","floor":3.0,"gold_loss":75.0,"damage_taken":0.0},{"damage_healed":0.0,"max_hp_gain":0.0,"max_hp_loss":0.0,"gold_gain":0.0,"event_name":"Big Fish","player_choice":"Box","floor":11.0,"gold_loss":0.0,"damage_taken":0.0,"relics_obtained":["Mercury Hourglass"],"cards_obtained":["Regret"]},{"damage_healed":0,"gold_gain":0,"player_choice":"Fought Mushrooms","damage_taken":0,"max_hp_gain":0,"max_hp_loss":0,"event_name":"Mushrooms","floor":12,"gold_loss":0},{"damage_healed":0,"gold_gain":0,"player_choice":"Obtained Relic","damage_taken":0,"relics_obtained":["Pantograph"],"max_hp_gain":0,"max_hp_loss":0,"event_name":"Addict","floor":19,"gold_loss":85},{"damage_healed":0,"gold_gain":50,"player_choice":"Pray","damage_taken":0,"max_hp_gain":0,"max_hp_loss":0,"event_name":"Golden Shrine","floor":20,"gold_loss":0}],"is_beta":false,"boss_relics":[{"not_picked":["White Beast Statue","Eternal Feather"],"picked":"Ectoplasm"}],"items_purged_floors":[5],"is_endless":false,"potions_floor_spawned":[1,10,21,22],"killed_by":"Book of Stabbing","ascension_level":20}