{"gold_per_floor":[368,212,232,232,75,75,102,102,151,151,170,170],"floor_reached":12,"playtime":438,"items_purged":["Strike_R","Strike_R"],"score":141,"play_id":"8f01e7e6-d4bb-438a-82f5-874526058f8b","local_time":"20190705031505","is_ascension_mode":true,"campfire_choices":[{"data":"Metallicize","floor":6,"key":"SMITH"},{"data":"Bash","floor":8,"key":"SMITH"},{"data":"Shrug It Off","floor":10,"key":"SMITH"}],"neow_cost":"PERCENT_DAMAGE","seed_source_timestamp":1479998541703000,"circlet_count":0,"master_deck":["AscendersBane","Strike_R","Strike_R","Defend_R","Defend_R","Defend_R","Defend_R","Bash+1","Thunderclap","Metallicize+1","Shrug It Off+1","Iron Wave","Headbutt"],"relics":["Burning Blood","Potion Belt","Happy Flower"],"potions_floor_usage":[7],"damage_taken":[{"damage":17,"enemies":"Small Slimes","floor":1,"turns":4},{"damage":6,"enemies":"Cultist","floor":3,"turns":5},{"damage":24,"enemies":"3 Sentries","floor":7,"turns":12},{"damage":0,"enemies":"Jaw Worm","floor":11,"turns":5},{"damage":38,"enemies":"Lagavulin","floor":12,"turns":10}],"seed_played":"1841960588169155105","potions_obtained":[],"is_trial":false,"path_per_floor":["M","$","M","?","$","R","E","R","T","R","M","E"],"character_chosen":"IRONCLAD","items_purchased":["Metallicize","Strength Potion"],"campfire_rested":0,"item_purchase_floors":[2,5],"current_hp_per_floor":[39,39,39,39,39,39,21,21,21,21,27,0],"gold":170,"neow_bonus":"TWO_FIFTY_GOLD","is_prod":false,"is_daily":false,"chose_seed":false,"campfire_upgraded":3,"win_rate":0,"timestamp":1562289305,"path_taken":["M","$","M","?","$","R","E","R","T","R","?","E"],"build_version":"2019-07-01","purchased_purges":2,"victory":false,"max_hp_per_floor":[75,75,75,75,75,75,75,75,75,75,75,75],"card_choices":[{"not_picked":["Carnage","Entrench"],"picked":"Thunderclap","floor":1},{"not_picked":["Iron Wave","Havoc"],"picked":"Shrug It Off","floor":3},{"not_picked":["Twin Strike","Searing Blow"],"picked":"Iron Wave","floor":7},{"not_picked":["Blood for Blood","Clash"],"picked":"Headbutt","floor":11}],"player_experience":1603691,"relics_obtained":[{"floor":7,"key":"Potion Belt"},{"floor":9,"key":"Happy Flower"}],"event_choices":[{"cards_removed":["Strike_R"],"damage_healed":0,"gold_gain":0,"player_choice":"Offered Basic","damage_taken":0,"max_hp_gain":0,"max_hp_loss":0,"event_name":"Bonfire Elementals","floor":4,"gold_loss":0}],"is_beta":false,"boss_relics":[],"items_purged_floors":[2,5],"is_endless":false,"potions_floor_spawned":[],"killed_by":"Lagavulin","ascension_level":17}