{"gold_per_floor":[109,109,125,138,138,138,138,171,171,15,15],"floor_reached":11,"playtime":361,"items_purged":["Strike_G"],"score":117,"play_id":"14a39c18-1e17-4a88-b4d9-59ad2760e053","local_time":"20190306221807","is_ascension_mode":true,"campfire_choices":[{"data":"Neutralize","floor":6,"key":"SMITH"}],"neow_cost":"PERCENT_DAMAGE","seed_source_timestamp":62790667590400,"circlet_count":0,"master_deck":["AscendersBane","Defend_G","Defend_G","Defend_G","Defend_G","Defend_G","Strike_G","Strike_G","Survivor","Neutralize+1","Blade Dance","Glass Knife","Dodge and Roll","Phantasmal Killer","Flying Knee","Infinite Blades"],"relics":["Ring of the Snake","Nunchaku","Du-Vu Doll","StoneCalendar"],"potions_floor_usage":[],"damage_taken":[{"damage":2,"enemies":"Small Slimes","floor":1,"turns":6},{"damage":0,"enemies":"Cultist","floor":3,"turns":4},{"damage":1,"enemies":"2 Louse","floor":4,"turns":2},{"damage":26,"enemies":"3 Sentries","floor":8,"turns":12},{"damage":24,"enemies":"Gremlin Nob","floor":11,"turns":3}],"seed_played":"7422552980119100457","potions_obtained":[],"is_trial":false,"path_per_floor":["M","?","M","M","?","R","?","E","T","$","E"],"character_chosen":"THE_SILENT","items_purchased":["Infinite Blades"],"campfire_rested":0,"item_purchase_floors":[10],"current_hp_per_floor":[43,48,48,47,47,47,47,21,21,21,0],"gold":15,"neow_bonus":"ONE_RARE_RELIC","is_prod":false,"is_daily":false,"chose_seed":false,"campfire_upgraded":1,"win_rate":0,"timestamp":1551907087,"path_taken":["M","?","M","M","?","R","?","E","T","$","E"],"build_version":"2019-01-23","purchased_purges":1,"victory":false,"max_hp_per_floor":[70,75,75,75,75,75,75,75,75,75,75],"card_choices":[{"not_picked":["Backflip","Deflect"],"picked":"Blade Dance","floor":1},{"not_picked":["Terror","PiercingWail"],"picked":"Glass Knife","floor":3},{"not_picked":["Prepared","PiercingWail"],"picked":"Dodge and Roll","floor":4},{"not_picked":["Eviscerate","Slice"],"picked":"Flying Knee","floor":8}],"player_experience":955559,"relics_obtained":[{"floor":8,"key":"Du-Vu Doll"},{"floor":9,"key":"StoneCalendar"}],"event_choices":[{"damage_healed":0,"gold_gain":0,"player_choice":"Donut","damage_taken":0,"max_hp_gain":5,"max_hp_loss":0,"event_name":"Big Fish","floor":2,"gold_loss":0},{"damage_healed":0,"gold_gain":0,"cards_transformed":["Strike_G"],"player_choice":"Change","damage_taken":0,"max_hp_gain":0,"max_hp_loss":0,"event_name":"Living Wall","floor":5,"gold_loss":0,"cards_obtained":["Phantasmal Killer"]},{"cards_removed":["Strike_G"],"damage_healed":0,"gold_gain":0,"player_choice":"Offered Basic","damage_taken":0,"max_hp_gain":0,"max_hp_loss":0,"event_name":"Bonfire Elementals","floor":7,"gold_loss":0}],"is_beta":false,"boss_relics":[],"items_purged_floors":[10],"is_endless":false,"potions_floor_spawned":[],"killed_by":"Gremlin Nob","ascension_level":13}