{"gold_per_floor":[113,113,38,38,3,3,43,66,66,107,135,163,175,231,243,255],"floor_reached":16,"playtime":457,"items_purged":[],"score":286,"play_id":"ae1db5a8-e2f7-4b48-bf9a-bd2316a55e79","local_time":"20190204004700","is_ascension_mode":true,"campfire_choices":[{"data":"Bash","floor":6.0,"key":"SMITH"},{"floor":13.0,"key":"REST"},{"floor":15,"key":"REST"}],"neow_cost":"NONE","seed_source_timestamp":2182164014493181,"circlet_count":0,"master_deck":["AscendersBane","Strike_R","Strike_R+1","Strike_R","Strike_R","Strike_R+1","Defend_R","Defend_R","Defend_R","Defend_R","Bash+1","Flex","Evolve","Burning Pact","Spot Weakness","Whirlwind","Heavy Blade","Uppercut","Impervious"],"special_seed":0,"relics":["Burning Blood","NeowsBlessing","Golden Idol","Oddly Smooth Stone","MawBank","Bag of Marbles"],"potions_floor_usage":[],"damage_taken":[{"damage":0.0,"enemies":"Jaw Worm","floor":1.0,"turns":1.0},{"damage":0.0,"enemies":"Lagavulin","floor":7.0,"turns":1.0},{"damage":0.0,"enemies":"Small Slimes","floor":8.0,"turns":1.0},{"damage":34.0,"enemies":"3 Sentries","floor":10.0,"turns":7.0},{"damage":11.0,"enemies":"2 Louse","floor":11.0,"turns":3.0},{"damage":24.0,"enemies":"Exordium Thugs","floor":12.0,"turns":4.0},{"damage":32,"enemies":"Lagavulin","floor":14,"turns":5},{"damage":34,"enemies":"Hexaghost","floor":16,"turns":7}],"seed_played":"-9057248294402329552","potions_obtained":[{"floor":7.0,"key":"Poison Potion"},{"floor":8.0,"key":"Ancient Potion"},{"floor":14,"key":"Explosive Potion"}],"is_trial":false,"path_per_floor":["M","?","$","?","?","R","E","M","T","E","M","M","R","E","R","B"],"character_chosen":"IRONCLAD","items_purchased":["Evolve"],"campfire_rested":2,"item_purchase_floors":[3],"current_hp_per_floor":[74,51,51,51,68,68,68,68,68,40,35,17,37,11,31,0],"gold":255,"neow_bonus":"THREE_ENEMY_KILL","is_prod":false,"is_daily":false,"chose_seed":false,"campfire_upgraded":1,"win_rate":0,"timestamp":1549237620,"path_taken":["M","?","$","?","?","R","E","M","T","E","?","M","R","E","R","BOSS"],"build_version":"2019-01-23","purchased_purges":0,"victory":false,"max_hp_per_floor":[75,75,75,68,68,68,68,68,68,68,68,68,68,68,68,68],"card_choices":[{"not_picked":["Warcry","Clash"],"picked":"Flex","floor":1.0},{"not_picked":["Berserk","Flex"],"picked":"Burning Pact","floor":7.0},{"not_picked":["Thunderclap","Bloodletting"],"picked":"Spot Weakness","floor":8.0},{"not_picked":["Blood for Blood","Hemokinesis"],"picked":"Whirlwind","floor":10.0},{"not_picked":["Corruption","Dropkick"],"picked":"Heavy Blade","floor":11.0},{"not_picked":["Headbutt","True Grit"],"picked":"Uppercut","floor":12.0},{"not_picked":["Rupture","Headbutt"],"picked":"Impervious","floor":14}],"player_experience":634252,"relics_obtained":[{"floor":7.0,"key":"Oddly Smooth Stone"},{"floor":10.0,"key":"MawBank"},{"floor":14,"key":"Bag of Marbles"}],"event_choices":[{"damage_healed":0.0,"max_hp_gain":0.0,"max_hp_loss":0.0,"gold_gain":0.0,"event_name":"Shining Light","player_choice":"Entered Light","floor":2.0,"gold_loss":0.0,"damage_taken":23.0,"cards_upgraded":["Strike_R","Strike_R"]},{"damage_healed":0.0,"max_hp_gain":0.0,"max_hp_loss":7.0,"gold_gain":0.0,"event_name":"Golden Idol","player_choice":"Lose Max HP","floor":4.0,"gold_loss":0.0,"damage_taken":0.0,"relics_obtained":["Golden Idol"]},{"damage_healed":17.0,"max_hp_gain":0.0,"max_hp_loss":0.0,"gold_gain":0.0,"event_name":"The Cleric","player_choice":"Healed","floor":5.0,"gold_loss":35.0,"damage_taken":0.0}],"is_beta":false,"boss_relics":[],"items_purged_floors":[],"is_endless":false,"potions_floor_spawned":[7,8,14],"killed_by":"Hexaghost","ascension_level":20}