{"gold_per_floor":[116,129,129,9,25,25,39,71,98,98,98,117,129,141,141,219,219,231,131,143,162,162,162],"floor_reached":23,"playtime":850,"items_purged":["Strike_R","Defend_R"],"score":341,"play_id":"c09a5a53-7042-409f-9a95-93dc3325d7da","local_time":"20190423155751","is_ascension_mode":true,"campfire_choices":[{"data":"Armaments","floor":6,"key":"SMITH"},{"data":"Demon Form","floor":10,"key":"SMITH"},{"floor":15,"key":"REST"}],"neow_cost":"NONE","seed_source_timestamp":63387362669400,"circlet_count":0,"master_deck":["AscendersBane","Strike_R+1","Defend_R","Defend_R","Defend_R","Bash+1","Clothesline","Shrug It Off+1","Armaments+1","Warcry","Heavy Blade","Demon Form+1","Clash","Shockwave","Sword Boomerang","Double Tap","Heavy Blade+1","Armaments+1","Searing Blow+1","Ghostly Armor+1","Heavy Blade","Flame Barrier"],"relics":["Burning Blood","Art of War","Oddly Smooth Stone","Astrolabe"],"potions_floor_usage":[7,8,12,18,20,21,23],"damage_taken":[{"damage":0,"enemies":"Small Slimes","floor":1,"turns":3},{"damage":2,"enemies":"Cultist","floor":2,"turns":4},{"damage":2,"enemies":"2 Louse","floor":5,"turns":3},{"damage":7,"enemies":"2 Fungi Beasts","floor":7,"turns":3},{"damage":38,"enemies":"Lagavulin","floor":8,"turns":10},{"damage":0,"enemies":"Blue Slaver","floor":12,"turns":4},{"damage":2,"enemies":"Red Slaver","floor":13,"turns":2},{"damage":20,"enemies":"Lots of Slimes","floor":14,"turns":4},{"damage":12,"enemies":"The Guardian","floor":16,"turns":6},{"damage":0,"enemies":"Chosen","floor":18,"turns":4},{"damage":14,"enemies":"Spheric Guardian","floor":20,"turns":5},{"damage":34,"enemies":"Snake Plant","floor":21,"turns":6},{"damage":34,"enemies":"Slavers","floor":23,"turns":2}],"seed_played":"9216760835230408946","potions_obtained":[{"floor":2,"key":"SneckoOil"},{"floor":7,"key":"SpeedPotion"},{"floor":8,"key":"EssenceOfSteel"},{"floor":14,"key":"Block Potion"},{"floor":16,"key":"EssenceOfSteel"},{"floor":18,"key":"Poison Potion"},{"floor":21,"key":"Energy Potion"}],"is_trial":false,"path_per_floor":["M","M","?","$","M","R","M","E","T","R","?","M","M","M","R","B",null,"M","$","M","M","?","E"],"character_chosen":"IRONCLAD","items_purchased":["Armaments"],"campfire_rested":1,"item_purchase_floors":[4],"current_hp_per_floor":[81,82,57,57,61,61,60,28,28,28,28,34,38,24,48,42,72,78,78,70,42,34,0],"gold":162,"neow_bonus":"TEN_PERCENT_HP_BONUS","is_prod":false,"is_daily":false,"chose_seed":false,"campfire_upgraded":2,"win_rate":0,"timestamp":1556027871,"path_taken":["M","M","?","$","M","R","M","E","T","R","?","M","?","M","R","BOSS","M","$","M","M","?","E"],"build_version":"2019-01-23","purchased_purges":2,"victory":false,"max_hp_per_floor":[82,82,82,82,82,82,82,82,82,82,82,82,82,82,82,82,82,82,82,82,82,82,82],"card_choices":[{"not_picked":["Sword Boomerang","Wild Strike"],"picked":"Clothesline","floor":1},{"not_picked":["Iron Wave","Metallicize"],"picked":"Shrug It Off","floor":2},{"not_picked":["Blood for Blood","Hemokinesis"],"picked":"Warcry","floor":5},{"not_picked":["Twin Strike","Armaments"],"picked":"Heavy Blade","floor":7},{"not_picked":["Sword Boomerang","Twin Strike"],"picked":"Demon Form","floor":8},{"not_picked":["Sentinel","Hemokinesis"],"picked":"Clash","floor":12},{"not_picked":["Havoc","Warcry"],"picked":"Shockwave","floor":13},{"not_picked":["Body Slam","Evolve"],"picked":"Sword Boomerang","floor":14},{"not_picked":["Berserk","Exhume"],"picked":"Double Tap","floor":16},{"not_picked":["Armaments","Cleave"],"picked":"Ghostly Armor+1","floor":18},{"not_picked":["Iron Wave","Clothesline"],"picked":"Heavy Blade","floor":20},{"not_picked":["Evolve","Pommel Strike"],"picked":"Flame Barrier","floor":21}],"player_experience":1055919,"relics_obtained":[{"floor":8,"key":"Art of War"},{"floor":9,"key":"Oddly Smooth Stone"}],"event_choices":[{"damage_healed":0,"gold_gain":0,"player_choice":"Entered Light","damage_taken":25,"max_hp_gain":0,"max_hp_loss":0,"event_name":"Shining Light","floor":3,"gold_loss":0,"cards_upgraded":["Strike_R","Shrug It Off"]},{"damage_healed":0,"gold_gain":0,"player_choice":"Upgraded","damage_taken":0,"max_hp_gain":0,"max_hp_loss":0,"event_name":"Upgrade Shrine","floor":11,"gold_loss":0,"cards_upgraded":["Bash"]},{"damage_healed":0,"gold_gain":0,"player_choice":"","damage_taken":8,"max_hp_gain":0,"max_hp_loss":0,"event_name":"Knowing Skull","floor":22,"potions_obtained":[],"gold_loss":0,"cards_obtained":[]}],"is_beta":false,"boss_relics":[{"not_picked":["Ectoplasm","Calling Bell"],"picked":"Astrolabe"}],"items_purged_floors":[4,19],"is_endless":false,"potions_floor_spawned":[2,7,8,14,16,18,21],"killed_by":"Slavers","ascension_level":15}