{"gold_per_floor":[211,228,244,244,258,258,284,284,310,343,357,141,151,170,170,170],"floor_reached":16,"playtime":683,"items_purged":[],"score":205,"play_id":"13701fb5-f7d0-4ed0-aa41-61843256c60b","local_time":"20191009175520","is_ascension_mode":true,"campfire_choices":[{"data":"Bash","floor":6,"key":"SMITH"},{"floor":15,"key":"REST"}],"neow_cost":"NONE","seed_source_timestamp":204114453656201,"circlet_count":0,"master_deck":["AscendersBane","Strike_R","Strike_R","Strike_R","Strike_R","Strike_R","Defend_R","Defend_R","Defend_R","Defend_R","Bash+1","Twin Strike","Ghostly Armor","Fiend Fire","True Grit","Shrug It Off"],"relics":["Burning Blood","Potion Belt","Regal Pillow","Juzu Bracelet","PrismaticShard"],"potions_floor_usage":[10,14],"damage_taken":[{"damage":2,"enemies":"2 Louse","floor":1,"turns":3},{"damage":0,"enemies":"Small Slimes","floor":2,"turns":3},{"damage":6,"enemies":"Cultist","floor":3,"turns":3},{"damage":10,"enemies":"Large Slime","floor":5,"turns":6},{"damage":32,"enemies":"Gremlin Nob","floor":7,"turns":4},{"damage":35,"enemies":"3 Sentries","floor":10,"turns":6},{"damage":1,"enemies":"3 Louse","floor":11,"turns":5},{"damage":12,"enemies":"Exordium Wildlife","floor":13,"turns":6},{"damage":12,"enemies":"Lots of Slimes","floor":14,"turns":5},{"damage":68,"enemies":"The Guardian","floor":16,"turns":8}],"seed_played":"9103669461976355181","potions_obtained":[{"floor":2,"key":"Explosive Potion"},{"floor":3,"key":"PowerPotion"},{"floor":11,"key":"LiquidBronze"},{"floor":14,"key":"BloodPotion"}],"is_trial":false,"path_per_floor":["M","M","M","?","M","R","E","$","T","E","M","$","M","M","R","B"],"character_chosen":"IRONCLAD","items_purchased":["PrismaticShard","Shrug It Off"],"campfire_rested":1,"item_purchase_floors":[12,12],"current_hp_per_floor":[72,75,75,80,76,76,50,50,50,21,26,26,20,14,53,0],"gold":170,"neow_bonus":"HUNDRED_GOLD","is_prod":false,"is_daily":false,"chose_seed":false,"campfire_upgraded":1,"win_rate":0,"timestamp":1570658120,"path_taken":["M","M","M","?","M","R","E","$","T","E","M","$","M","M","R","BOSS"],"build_version":"2019-10-08","purchased_purges":0,"victory":false,"max_hp_per_floor":[75,75,75,80,80,80,80,80,80,80,80,80,80,80,80,80],"card_choices":[{"not_picked":["Sword Boomerang","Havoc"],"picked":"Twin Strike","floor":1},{"not_picked":["Blood for Blood","Wild Strike","Iron Wave"],"picked":"SKIP","floor":2},{"not_picked":["Flex","Sword Boomerang","Iron Wave"],"picked":"SKIP","floor":3},{"not_picked":["Seeing Red","Flex"],"picked":"Ghostly Armor","floor":5},{"not_picked":["Heavy Blade","Iron Wave","Armaments"],"picked":"SKIP","floor":7},{"not_picked":["Corruption","Armaments"],"picked":"Fiend Fire","floor":10},{"not_picked":["Rage","Twin Strike"],"picked":"True Grit","floor":11},{"not_picked":["Perfected Strike","Perseverance","EmptyBody"],"picked":"SKIP","floor":13},{"not_picked":["Coolheaded","Thunderclap","Blade Dance"],"picked":"SKIP","floor":14}],"player_experience":491475,"relics_obtained":[{"floor":7,"key":"Potion Belt"},{"floor":9,"key":"Regal Pillow"},{"floor":10,"key":"Juzu Bracelet"}],"event_choices":[{"damage_healed":0,"gold_gain":0,"player_choice":"Donut","damage_taken":0,"max_hp_gain":5,"max_hp_loss":0,"event_name":"Big Fish","floor":4,"gold_loss":0}],"is_beta":true,"boss_relics":[],"items_purged_floors":[],"is_endless":false,"potions_floor_spawned":[2,3,5,11,14],"killed_by":"The Guardian","ascension_level":16}