{"gold_per_floor":[111,32,32,50,125,157,157,182,182,182,162,179,179,189,189,261,261,272,284,384,400,400],"floor_reached":22,"playtime":492,"items_purged":[],"score":438,"play_id":"248db114-be87-4372-ad78-085296627501","local_time":"20190220221100","is_ascension_mode":true,"campfire_choices":[{"floor":7.0,"key":"DIG"},{"data":"1","floor":10.0,"key":"LIFT"},{"data":"2","floor":13.0,"key":"LIFT"},{"data":"3","floor":15.0,"key":"LIFT"}],"neow_cost":"NONE","seed_source_timestamp":382263043953005,"circlet_count":0,"master_deck":["AscendersBane","Strike_R","Strike_R","Strike_R","Strike_R","Strike_R","Defend_R","Defend_R","Defend_R","Defend_R","Perfected Strike","Whirlwind","Flex","Clothesline","Spot Weakness","Pommel Strike","Perfected Strike","Feed","Disarm+1","True Grit","Iron Wave","Pommel Strike"],"special_seed":0,"relics":["Burning Blood","NeowsBlessing","Shovel","Omamori","Bronze Scales","Girya","Velvet Choker","Ginger","Letter Opener"],"potions_floor_usage":[],"damage_taken":[{"damage":0.0,"enemies":"Jaw Worm","floor":1.0,"turns":1.0},{"damage":0.0,"enemies":"Cultist","floor":4.0,"turns":1.0},{"damage":0.0,"enemies":"Lagavulin","floor":6.0,"turns":1.0},{"damage":30.0,"enemies":"3 Sentries","floor":8.0,"turns":5.0},{"damage":3.0,"enemies":"2 Louse","floor":12.0,"turns":2.0},{"damage":0.0,"enemies":"Lots of Slimes","floor":14.0,"turns":1.0},{"damage":56.0,"enemies":"Slime Boss","floor":16.0,"turns":8.0},{"damage":11.0,"enemies":"Spheric Guardian","floor":18.0,"turns":3.0},{"damage":9.0,"enemies":"Chosen","floor":19.0,"turns":3.0},{"damage":30.0,"enemies":"Colosseum Slavers","floor":20.0,"turns":3.0},{"damage":13.0,"enemies":"Colosseum Nobs","floor":20.0,"turns":3.0},{"damage":14.0,"enemies":"Centurion and Healer","floor":21.0,"turns":2.0},{"damage":25,"enemies":"Shelled Parasite and Fungi","floor":22,"turns":2}],"seed_played":"4688934731536260383","potions_obtained":[{"floor":6.0,"key":"Strength Potion"},{"floor":8.0,"key":"Regen Potion"},{"floor":11.0,"key":"AttackPotion"},{"floor":20.0,"key":"AttackPotion"}],"is_trial":false,"path_per_floor":["M","$","?","M","?","E","R","E","T","R","?","M","R","M","R","B",null,"M","M","?","M","M"],"character_chosen":"IRONCLAD","items_purchased":["Whirlwind"],"campfire_rested":0,"item_purchase_floors":[2],"current_hp_per_floor":[74,74,74,75,64,70,70,46,46,46,46,49,49,55,55,20,61,59,56,31,23,0],"gold":400,"neow_bonus":"THREE_ENEMY_KILL","is_prod":false,"is_daily":false,"chose_seed":false,"campfire_upgraded":0,"win_rate":0,"timestamp":1550697060,"path_taken":["M","$","?","?","?","E","R","E","T","R","?","?","R","M","R","BOSS","M","M","?","M","M"],"build_version":"2019-01-23","purchased_purges":0,"victory":false,"max_hp_per_floor":[75,75,75,75,75,75,75,75,75,75,75,75,75,75,75,75,75,78,78,84,84,84],"card_choices":[{"not_picked":["Armaments","Thunderclap"],"picked":"Perfected Strike","floor":1.0},{"not_picked":["Cleave","Twin Strike"],"picked":"Flex","floor":4.0},{"not_picked":["Warcry","Cleave"],"picked":"Clothesline","floor":6.0},{"not_picked":["Headbutt","Armaments"],"picked":"Spot Weakness","floor":8.0},{"not_picked":["True Grit","Burning Pact"],"picked":"Pommel Strike","floor":12.0},{"not_picked":["Sever Soul","Sentinel"],"picked":"Perfected Strike","floor":14.0},{"not_picked":["Double Tap","Barricade"],"picked":"Feed","floor":16.0},{"not_picked":["Searing Blow","True Grit"],"picked":"Disarm+1","floor":18.0},{"not_picked":["Pommel Strike","Rampage"],"picked":"True Grit","floor":19.0},{"not_picked":["Havoc","Fire Breathing"],"picked":"Iron Wave","floor":20.0},{"not_picked":["Warcry","Clash+1"],"picked":"Pommel Strike","floor":21.0}],"player_experience":649572,"relics_obtained":[{"floor":6.0,"key":"Shovel"},{"floor":7.0,"key":"Omamori"},{"floor":8.0,"key":"Bronze Scales"},{"floor":9.0,"key":"Girya"},{"floor":20.0,"key":"Ginger"},{"floor":20.0,"key":"Letter Opener"}],"event_choices":[{"cards_removed":["Bash"],"damage_healed":0.0,"max_hp_gain":0.0,"max_hp_loss":0.0,"gold_gain":0.0,"event_name":"Bonfire Elementals","player_choice":"Offered Basic","floor":3.0,"gold_loss":0.0,"damage_taken":0.0},{"damage_healed":0.0,"max_hp_gain":0.0,"max_hp_loss":0.0,"gold_gain":75.0,"event_name":"World of Goop","player_choice":"Gather Gold","floor":5.0,"gold_loss":0.0,"damage_taken":11.0},{"damage_healed":0.0,"max_hp_gain":0.0,"max_hp_loss":0.0,"gold_gain":0.0,"event_name":"The Woman in Blue","player_choice":"Bought 1 Potion","floor":11.0,"gold_loss":0.0,"damage_taken":0.0},{"damage_healed":0.0,"max_hp_gain":0.0,"max_hp_loss":0.0,"gold_gain":0.0,"event_name":"Colosseum","player_choice":"Fight","floor":20.0,"gold_loss":0.0,"damage_taken":0.0},{"damage_healed":0.0,"max_hp_gain":0.0,"max_hp_loss":0.0,"gold_gain":0.0,"event_name":"Colosseum","player_choice":"Fought Nobs","floor":20.0,"gold_loss":0.0,"damage_taken":0.0}],"is_beta":false,"boss_relics":[{"not_picked":["White Beast Statue","Fusion Hammer"],"picked":"Velvet Choker"}],"items_purged_floors":[],"is_endless":false,"potions_floor_spawned":[6,8,12,20,20],"killed_by":"Shelled Parasite and Fungi","ascension_level":20}