{"gold_per_floor":[109,109,127,138,156,156,186,197,197,16,45,45,45,45],"floor_reached":14,"playtime":705,"items_purged":["Strike_B"],"score":145,"play_id":"032debcb-ba7b-4c04-885a-7d6c8226257f","local_time":"20190419232151","is_ascension_mode":true,"campfire_choices":[{"data":"Defragment","floor":6.0,"key":"SMITH"},{"data":"Coolheaded","floor":12,"key":"SMITH"}],"neow_cost":"NONE","seed_source_timestamp":908088007890003,"circlet_count":0,"master_deck":["Strike_B","Strike_B+1","Strike_B+1","Defend_B","Defend_B","Defend_B","Defend_B","Zap","Dualcast","Coolheaded+1","Hologram","Defragment+1","Turbo","Steam","Capacitor","Reprogram","Go for the Eyes+1"],"special_seed":0,"relics":["Cursed Key","Whetstone","Du-Vu Doll"],"potions_floor_usage":[11,11],"damage_taken":[{"damage":0.0,"enemies":"Cultist","floor":1.0,"turns":3.0},{"damage":2.0,"enemies":"2 Louse","floor":3.0,"turns":4.0},{"damage":7.0,"enemies":"Small Slimes","floor":4.0,"turns":3.0},{"damage":13.0,"enemies":"3 Louse","floor":5.0,"turns":3.0},{"damage":14.0,"enemies":"3 Sentries","floor":7.0,"turns":13.0},{"damage":4.0,"enemies":"Blue Slaver","floor":8.0,"turns":4.0},{"damage":6,"enemies":"Lagavulin","floor":11,"turns":5},{"damage":22,"enemies":"Exordium Thugs","floor":14,"turns":5}],"seed_played":"-4412890938941217689","potions_obtained":[{"floor":3.0,"key":"GamblersBrew"},{"floor":7.0,"key":"FearPotion"},{"floor":8.0,"key":"AttackPotion"}],"is_trial":false,"path_per_floor":["M","?","M","M","M","R","E","M","T","$","E","R","?","M"],"character_chosen":"DEFECT","items_purchased":["Capacitor","Reprogram"],"campfire_rested":0,"item_purchase_floors":[10,10],"current_hp_per_floor":[68,68,66,59,46,46,32,28,28,28,22,22,22,0],"gold":45,"neow_bonus":"BOSS_RELIC","is_prod":false,"is_daily":false,"chose_seed":false,"campfire_upgraded":2,"win_rate":0,"timestamp":1555741311,"path_taken":["M","?","M","M","M","R","E","M","T","$","E","R","?","M"],"build_version":"2019-01-23","purchased_purges":1,"victory":false,"max_hp_per_floor":[75,75,75,75,75,75,75,75,75,75,75,75,75,75],"card_choices":[{"not_picked":["Streamline","Ball Lightning"],"picked":"Coolheaded","floor":1.0},{"not_picked":["Conserve Battery","Redo"],"picked":"Hologram","floor":3.0},{"not_picked":["Thunder Strike","Leap"],"picked":"Defragment","floor":4.0},{"not_picked":["Cold Snap","Fission"],"picked":"Turbo","floor":5.0},{"not_picked":["Gash","Consume"],"picked":"Steam","floor":7.0},{"not_picked":["Darkness","Scrape","Steam Power"],"picked":"SKIP","floor":8.0},{"not_picked":["Darkness","Scrape","Steam Power"],"picked":"SKIP","floor":8.0},{"not_picked":["Heatsinks","Stack"],"picked":"Go for the Eyes","floor":11}],"player_experience":102297,"relics_obtained":[{"floor":7.0,"key":"Whetstone"},{"floor":11,"key":"Du-Vu Doll"}],"event_choices":[{"damage_healed":0.0,"max_hp_gain":0.0,"max_hp_loss":0.0,"gold_gain":0.0,"event_name":"Shining Light","player_choice":"Ignored","floor":2.0,"gold_loss":0.0,"damage_taken":0.0},{"damage_healed":0,"gold_gain":0,"player_choice":"Grow","damage_taken":0,"max_hp_gain":0,"max_hp_loss":0,"event_name":"Living Wall","floor":13,"gold_loss":0,"cards_upgraded":["Go for the Eyes"]}],"is_beta":false,"boss_relics":[],"items_purged_floors":[10],"is_endless":false,"potions_floor_spawned":[3,7,8],"killed_by":"Exordium Thugs","ascension_level":9}