{"gold_per_floor":[19,169,169,181,181,220,236,236,236,275,275],"floor_reached":11,"playtime":286,"items_purged":[],"score":162,"play_id":"b7dfbe71-04a8-4f00-9d4c-5ab1b3cf28a0","local_time":"20190226215007","is_ascension_mode":true,"campfire_choices":[{"data":"Streamline","floor":8.0,"key":"SMITH"}],"neow_cost":"NO_GOLD","seed_source_timestamp":899709148518234,"circlet_count":0,"master_deck":["AscendersBane","Strike_B","Strike_B","Strike_B","Strike_B","Defend_B","Defend_B","Defend_B","Defend_B","Zap","Dualcast","Seek","Capacitor","Doubt","Core Surge","Ball Lightning","Streamline+1","FTL","Cold Snap"],"special_seed":0,"relics":["Cracked Core","Golden Idol","Calipers","Bottled Tornado","Nunchaku"],"potions_floor_usage":[10,11],"damage_taken":[{"damage":2.0,"enemies":"Jaw Worm","floor":1.0,"turns":3.0},{"damage":5.0,"enemies":"Small Slimes","floor":4.0,"turns":2.0},{"damage":24.0,"enemies":"Gremlin Nob","floor":6.0,"turns":4.0},{"damage":1.0,"enemies":"Cultist","floor":7.0,"turns":3.0},{"damage":30,"enemies":"Lagavulin","floor":10,"turns":5},{"damage":2,"enemies":"3 Louse","floor":11,"turns":1}],"seed_played":"-754173874619451597","potions_obtained":[{"floor":1.0,"key":"AttackPotion"},{"floor":6.0,"key":"Strength Potion"},{"floor":10,"key":"EssenceOfSteel"}],"is_trial":false,"path_per_floor":["M","?","?","M","?","E","M","R","T","E","M"],"character_chosen":"DEFECT","items_purchased":[],"campfire_rested":0,"item_purchase_floors":[],"current_hp_per_floor":[62,62,62,57,57,33,32,32,32,2,0],"gold":275,"neow_bonus":"THREE_RARE_CARDS","is_prod":false,"is_daily":false,"chose_seed":false,"campfire_upgraded":1,"win_rate":0,"timestamp":1551214207,"path_taken":["M","?","?","?","?","E","M","R","T","E","M"],"build_version":"2019-01-23","purchased_purges":0,"victory":false,"max_hp_per_floor":[71,71,71,71,64,64,64,64,64,64,64],"card_choices":[{"not_picked":["Reboot","Multi-Cast"],"picked":"Seek","floor":0.0},{"not_picked":["Aggregate","Tempest"],"picked":"Capacitor","floor":1.0},{"not_picked":["Steam","Barrage"],"picked":"Ball Lightning","floor":4.0},{"not_picked":["Gash","Self Repair"],"picked":"Streamline","floor":6.0},{"not_picked":["Gash","Ball Lightning"],"picked":"FTL","floor":7.0},{"not_picked":["Genetic Algorithm","Undo"],"picked":"Cold Snap","floor":10}],"player_experience":672617,"relics_obtained":[{"floor":6.0,"key":"Calipers"},{"floor":9.0,"key":"Bottled Tornado"},{"floor":10,"key":"Nunchaku"}],"event_choices":[{"damage_healed":0.0,"max_hp_gain":0.0,"max_hp_loss":0.0,"gold_gain":150.0,"event_name":"Liars Game","player_choice":"AGREE","floor":2.0,"gold_loss":0.0,"damage_taken":0.0,"cards_obtained":["Doubt"]},{"damage_healed":0.0,"max_hp_gain":0.0,"max_hp_loss":0.0,"gold_gain":0.0,"event_name":"Match and Keep!","player_choice":"1 cards matched","floor":3.0,"gold_loss":0.0,"damage_taken":0.0,"cards_obtained":["Core Surge"]},{"damage_healed":0.0,"max_hp_gain":0.0,"max_hp_loss":7.0,"gold_gain":0.0,"event_name":"Golden Idol","player_choice":"Lose Max HP","floor":5.0,"gold_loss":0.0,"damage_taken":0.0,"relics_obtained":["Golden Idol"]}],"is_beta":false,"boss_relics":[],"items_purged_floors":[],"is_endless":false,"potions_floor_spawned":[1,6,10],"killed_by":"3 Louse","ascension_level":20}