{"gold_per_floor":[110,110,260,16,32,32,58,72,99,99,116,16,16,41,41,115,115,95,95,149,163,163],"floor_reached":22,"playtime":824,"items_purged":["Doubt"],"score":374,"play_id":"b3e13250-380d-4810-9306-8aa3a3f31a4f","local_time":"20190823091316","is_ascension_mode":true,"campfire_choices":[{"data":"Rampage","floor":6.0,"key":"SMITH"},{"data":"Bash","floor":10.0,"key":"SMITH"},{"floor":15.0,"key":"REST"}],"neow_cost":"NONE","seed_source_timestamp":792363894191700,"circlet_count":0,"master_deck":["AscendersBane","Strike_R","Strike_R","Strike_R","Strike_R","Strike_R","Defend_R+1","Defend_R+1","Bash+1","Iron Wave","Rampage+1","Flame Barrier+1","Thunderclap","Perfected Strike","Twin Strike","Spot Weakness","Perfected Strike","Headbutt","Flame Barrier+1","Bludgeon","Anger","Warcry"],"special_seed":0,"relics":["Burning Blood","PreservedInsect","Dream Catcher","Boot","Meat on the Bone","Empty Cage","War Paint"],"potions_floor_usage":[21,22],"damage_taken":[{"damage":16.0,"enemies":"Jaw Worm","floor":1.0,"turns":5.0},{"damage":2.0,"enemies":"2 Louse","floor":5.0,"turns":4.0},{"damage":18.0,"enemies":"3 Sentries","floor":7.0,"turns":7.0},{"damage":0.0,"enemies":"Small Slimes","floor":8.0,"turns":3.0},{"damage":21.0,"enemies":"Exordium Wildlife","floor":11.0,"turns":4.0},{"damage":8.0,"enemies":"Gremlin Nob","floor":14.0,"turns":3.0},{"damage":43.0,"enemies":"The Guardian","floor":16.0,"turns":13.0},{"damage":22,"enemies":"2 Thieves","floor":18,"turns":4},{"damage":12,"enemies":"Chosen","floor":21,"turns":3},{"damage":65,"enemies":"Masked Bandits","floor":22,"turns":4}],"seed_played":"-9187080786585387356","potions_obtained":[{"floor":7.0,"key":"Energy Potion"},{"floor":8.0,"key":"Dexterity Potion"},{"floor":16.0,"key":"PowerPotion"},{"floor":18,"key":"Energy Potion"}],"is_trial":false,"path_per_floor":["M","?","?","$","M","R","E","M","T","R","M","$","?","E","R","B",null,"M","?","T","M","?"],"character_chosen":"IRONCLAD","items_purchased":["Rampage","Flame Barrier","Spot Weakness","Perfected Strike"],"campfire_rested":1,"item_purchase_floors":[4,4,12,12],"current_hp_per_floor":[58,63,63,63,67,67,55,61,61,61,46,46,22,20,44,19,65,49,65,65,59,0],"gold":163,"neow_bonus":"RANDOM_COMMON_RELIC","is_prod":false,"is_daily":false,"chose_seed":false,"campfire_upgraded":2,"win_rate":0,"timestamp":1566544396,"path_taken":["M","?","?","$","M","R","E","M","T","R","M","$","?","E","R","BOSS","M","?","?","M","?"],"build_version":"2019-07-17","purchased_purges":1,"victory":false,"max_hp_per_floor":[75,80,80,80,80,80,80,80,80,80,80,80,80,80,80,80,80,80,80,80,80,80],"card_choices":[{"not_picked":["True Grit","Thunderclap"],"picked":"Iron Wave","floor":1.0},{"not_picked":["Carnage","Clothesline"],"picked":"Thunderclap","floor":5.0},{"not_picked":["Reckless Charge","Seeing Red"],"picked":"Perfected Strike","floor":7.0},{"not_picked":["Clash","Evolve"],"picked":"Twin Strike","floor":8.0},{"not_picked":["Sword Boomerang","Burning Pact","Cleave"],"picked":"SKIP","floor":11.0},{"not_picked":["Combust","Corruption"],"picked":"Headbutt","floor":14.0},{"not_picked":["Carnage","Cleave"],"picked":"Flame Barrier","floor":15.0},{"not_picked":["Reaper","Demon Form"],"picked":"Bludgeon","floor":16.0},{"not_picked":["Clash","Headbutt"],"picked":"Anger","floor":18},{"not_picked":["Flame Barrier","Sword Boomerang"],"picked":"Warcry","floor":21}],"player_experience":1952533,"relics_obtained":[{"floor":7.0,"key":"Dream Catcher"},{"floor":9.0,"key":"Boot"},{"floor":14.0,"key":"Meat on the Bone"},{"floor":20,"key":"War Paint"}],"event_choices":[{"damage_healed":0.0,"max_hp_gain":5.0,"max_hp_loss":0.0,"gold_gain":0.0,"event_name":"Big Fish","player_choice":"Donut","floor":2.0,"gold_loss":0.0,"damage_taken":0.0},{"damage_healed":0.0,"max_hp_gain":0.0,"max_hp_loss":0.0,"gold_gain":150.0,"event_name":"Liars Game","player_choice":"AGREE","floor":3.0,"gold_loss":0.0,"damage_taken":0.0,"cards_obtained":["Doubt"]},{"damage_healed":0.0,"max_hp_gain":0.0,"max_hp_loss":0.0,"gold_gain":0.0,"event_name":"Shining Light","player_choice":"Entered Light","floor":13.0,"gold_loss":0.0,"damage_taken":24.0,"cards_upgraded":["Flame Barrier","Defend_R"]},{"damage_healed":16,"gold_gain":0,"player_choice":"Heal","damage_taken":0,"max_hp_gain":0,"max_hp_loss":0,"event_name":"The Library","floor":19,"gold_loss":0},{"damage_healed":0,"gold_gain":0,"player_choice":"Fought Bandits","damage_taken":0,"max_hp_gain":0,"max_hp_loss":0,"event_name":"Masked Bandits","floor":22,"gold_loss":0}],"is_beta":false,"boss_relics":[{"not_picked":["Cursed Key","Busted Crown"],"picked":"Empty Cage"}],"items_purged_floors":[4],"is_endless":false,"potions_floor_spawned":[7,8,16,18],"killed_by":"Masked Bandits","ascension_level":19}