{"gold_per_floor":[116,116,116,41,41,79,102,141,141,141,155,180,180,213,213,304,304,288,288,102,377,395,395,461,461],"floor_reached":25,"playtime":916,"items_purged":["Injury","Strike_R+1"],"score":485,"play_id":"d02472a1-8f89-40e9-b964-3006d95d6916","local_time":"20190622133317","is_ascension_mode":true,"campfire_choices":[{"data":"Corruption","floor":10,"key":"SMITH"},{"data":"Spot Weakness","floor":13,"key":"SMITH"},{"data":"Shrug It Off","floor":15,"key":"SMITH"},{"data":"Demon Form","floor":23,"key":"SMITH"}],"neow_cost":"NONE","seed_source_timestamp":393379340782300,"circlet_count":0,"master_deck":["AscendersBane","Strike_R+1","Strike_R+1","Strike_R+1","Strike_R+1","Defend_R+1","Defend_R+1","Defend_R+1","Defend_R+1","Bash+1","Shrug It Off+1","Spot Weakness+1","Corruption+1","Rampage","Headbutt","Warcry","Iron Wave","Demon Form+1","Body Slam","Dual Wield","Regret","Flame Barrier","Body Slam"],"relics":["Burning Blood","NeowsBlessing","Golden Idol","Dead Branch","Shovel","Thread and Needle","Dodecahedron","Sozu","Tiny Chest"],"potions_floor_usage":[12,12,18,18],"damage_taken":[{"damage":0,"enemies":"2 Louse","floor":1,"turns":1},{"damage":0,"enemies":"Lagavulin","floor":6,"turns":1},{"damage":0,"enemies":"Cultist","floor":7,"turns":1},{"damage":28,"enemies":"3 Sentries","floor":8,"turns":6},{"damage":3,"enemies":"Jaw Worm","floor":11,"turns":4},{"damage":0,"enemies":"Exordium Wildlife","floor":12,"turns":4},{"damage":54,"enemies":"Gremlin Nob","floor":14,"turns":5},{"damage":9,"enemies":"Hexaghost","floor":16,"turns":9},{"damage":11,"enemies":"2 Thieves","floor":18,"turns":4},{"damage":30,"enemies":"3 Byrds","floor":22,"turns":4},{"damage":26,"enemies":"Gremlin Leader","floor":24,"turns":6},{"damage":19,"enemies":"Snake Plant","floor":25,"turns":1}],"seed_played":"-1410076096211648322","potions_obtained":[{"floor":8,"key":"Regen Potion"},{"floor":11,"key":"Fire Potion"},{"floor":14,"key":"SteroidPotion"},{"floor":16,"key":"Fire Potion"}],"is_trial":false,"path_per_floor":["M","$","?","$","?","E","M","E","T","R","M","M","R","E","R","B",null,"M","?","$","?","M","R","E","M"],"character_chosen":"IRONCLAD","items_purchased":["Dual Wield"],"campfire_rested":0,"item_purchase_floors":[20],"current_hp_per_floor":[74,74,74,74,74,75,75,53,53,53,56,74,74,26,26,23,62,57,57,57,57,33,33,13,0],"gold":461,"neow_bonus":"THREE_ENEMY_KILL","is_prod":false,"is_daily":false,"chose_seed":false,"campfire_upgraded":4,"win_rate":0,"timestamp":1561203197,"path_taken":["M","$","?","$","?","E","M","E","T","R","M","?","R","E","R","BOSS","M","?","$","?","?","R","E","M"],"build_version":"2019-01-23","purchased_purges":2,"victory":false,"max_hp_per_floor":[75,75,75,75,75,75,75,75,75,75,75,75,75,75,75,75,75,75,75,75,75,75,75,75,75],"card_choices":[{"not_picked":["Heavy Blade","Clash"],"picked":"Shrug It Off","floor":1},{"not_picked":["Flame Barrier","Cleave"],"picked":"Spot Weakness","floor":6},{"not_picked":["Pommel Strike","Cleave"],"picked":"Corruption","floor":7},{"not_picked":["Entrench","Combust"],"picked":"Rampage","floor":8},{"not_picked":["Clothesline","Warcry"],"picked":"Headbutt","floor":11},{"not_picked":["Ghostly Armor","Havoc"],"picked":"Warcry","floor":12},{"not_picked":["Infernal Blade","Thunderclap"],"picked":"Iron Wave","floor":14},{"not_picked":["Brutality","Impervious"],"picked":"Demon Form","floor":16},{"not_picked":["Disarm","Spot Weakness"],"picked":"Body Slam","floor":18},{"not_picked":["Twin Strike","Havoc+1"],"picked":"Flame Barrier","floor":22},{"not_picked":["Uppercut","Warcry"],"picked":"Body Slam","floor":24}],"player_experience":1437134,"relics_obtained":[{"floor":6,"key":"Dead Branch"},{"floor":8,"key":"Shovel"},{"floor":9,"key":"Thread and Needle"},{"floor":14,"key":"Dodecahedron"},{"floor":24,"key":"Tiny Chest"}],"event_choices":[{"damage_healed":0,"gold_gain":0,"player_choice":"Take Wound","damage_taken":0,"relics_obtained":["Golden Idol"],"max_hp_gain":0,"max_hp_loss":0,"event_name":"Golden Idol","floor":3,"gold_loss":0,"cards_obtained":["Injury"]},{"damage_healed":0,"gold_gain":0,"player_choice":"Forge","damage_taken":0,"max_hp_gain":0,"max_hp_loss":0,"event_name":"Accursed Blacksmith","floor":5,"gold_loss":0,"cards_upgraded":["Bash"]},{"damage_healed":0,"gold_gain":0,"player_choice":"Simplicity","damage_taken":0,"max_hp_gain":0,"max_hp_loss":0,"event_name":"Back to Basics","floor":19,"gold_loss":0,"cards_upgraded":["Strike_R","Strike_R","Strike_R","Strike_R","Strike_R","Defend_R","Defend_R","Defend_R","Defend_R"]},{"damage_healed":0,"gold_gain":275,"player_choice":"Desecrate","damage_taken":0,"max_hp_gain":0,"max_hp_loss":0,"event_name":"Golden Shrine","floor":21,"gold_loss":0,"cards_obtained":["Regret"]}],"is_beta":false,"boss_relics":[{"not_picked":["Fusion Hammer","Orrery"],"picked":"Sozu"}],"items_purged_floors":[4,20],"is_endless":false,"potions_floor_spawned":[8,11,14,16,22,24],"killed_by":"Snake Plant","ascension_level":17}