{"gold_per_floor":[114,134,59,73,73,73,105,125,125,140,168,185,185,204,204,277,277,292,292],"floor_reached":19,"playtime":850,"items_purged":[],"score":326,"play_id":"f1077299-5b3e-42f7-b7f6-917d7f1f6f09","local_time":"20190610100405","is_ascension_mode":true,"campfire_choices":[{"data":"Neutralize","floor":6,"key":"SMITH"},{"floor":13,"key":"REST"},{"data":"A Thousand Cuts","floor":15,"key":"SMITH"}],"neow_cost":"NONE","seed_source_timestamp":278482038116600,"circlet_count":0,"master_deck":["AscendersBane","Defend_G","Defend_G","Defend_G","Defend_G","Defend_G","Strike_G","Strike_G","Strike_G","Survivor","Neutralize+1","Predator","Poisoned Stab","Dodge and Roll","Dash","A Thousand Cuts+1","Bouncing Flask","Crippling Poison","Bane+1","Caltrops","Dagger Throw+1","Corpse Explosion","Riddle With Holes+1"],"relics":["Ring of the Snake","Pen Nib","Molten Egg 2","Ginger","Eternal Feather"],"potions_floor_usage":[7,7,14,18,19],"damage_taken":[{"damage":0,"enemies":"Small Slimes","floor":1,"turns":3},{"damage":2,"enemies":"2 Louse","floor":2,"turns":3},{"damage":0,"enemies":"Jaw Worm","floor":4,"turns":3},{"damage":5,"enemies":"3 Sentries","floor":7,"turns":7},{"damage":0,"enemies":"Exordium Wildlife","floor":8,"turns":2},{"damage":26,"enemies":"Gremlin Gang","floor":10,"turns":6},{"damage":16,"enemies":"Lagavulin","floor":11,"turns":7},{"damage":19,"enemies":"Exordium Thugs","floor":12,"turns":6},{"damage":0,"enemies":"Looter","floor":14,"turns":3},{"damage":25,"enemies":"Hexaghost","floor":16,"turns":11},{"damage":25,"enemies":"Spheric Guardian","floor":18,"turns":6},{"damage":31,"enemies":"Masked Bandits","floor":19,"turns":2}],"seed_played":"-2473160275652422554","potions_obtained":[{"floor":1,"key":"AttackPotion"},{"floor":2,"key":"SkillPotion"},{"floor":10,"key":"FairyPotion"},{"floor":12,"key":"Block Potion"},{"floor":16,"key":"SpeedPotion"},{"floor":18,"key":"Block Potion"}],"is_trial":false,"path_per_floor":["M","M","?","M","?","R","E","M","T","M","E","M","R","M","R","B",null,"M","?"],"character_chosen":"THE_SILENT","items_purchased":[],"campfire_rested":1,"item_purchase_floors":[],"current_hp_per_floor":[59,57,57,57,62,62,57,57,57,31,15,7,28,28,28,3,54,29,0],"gold":292,"neow_bonus":"TRANSFORM_CARD","is_prod":false,"is_daily":false,"chose_seed":false,"campfire_upgraded":2,"win_rate":0,"timestamp":1560153845,"path_taken":["M","M","?","M","?","R","E","M","T","M","E","M","R","M","R","BOSS","M","?"],"build_version":"2019-01-23","purchased_purges":0,"victory":false,"max_hp_per_floor":[66,66,66,66,71,71,71,71,71,71,71,71,71,71,71,71,71,71,71],"card_choices":[{"not_picked":["Predator","Deflect"],"picked":"Poisoned Stab","floor":1},{"not_picked":["Blade Dance","Prepared"],"picked":"Dodge and Roll","floor":2},{"not_picked":["Backstab","Terror"],"picked":"Dash","floor":4},{"not_picked":["Flying Knee","Prepared"],"picked":"A Thousand Cuts","floor":7},{"not_picked":["PiercingWail","Concentrate"],"picked":"Bouncing Flask","floor":8},{"not_picked":["Dagger Throw+1","Acrobatics"],"picked":"Crippling Poison","floor":10},{"not_picked":["Underhanded Strike+1","Eviscerate+1"],"picked":"Bane+1","floor":11},{"not_picked":["Distraction","Cloak And Dagger"],"picked":"Caltrops","floor":12},{"not_picked":["Setup","Night Terror"],"picked":"Dagger Throw+1","floor":14},{"not_picked":["Die Die Die+1","Adrenaline"],"picked":"Corpse Explosion","floor":16},{"not_picked":["Sucker Punch+1","Cloak And Dagger"],"picked":"Riddle With Holes+1","floor":18}],"player_experience":1270639,"relics_obtained":[{"floor":7,"key":"Pen Nib"},{"floor":9,"key":"Molten Egg 2"},{"floor":11,"key":"Ginger"}],"event_choices":[{"cards_removed":["Strike_G"],"damage_healed":0,"gold_gain":0,"player_choice":"Card Removal","damage_taken":0,"max_hp_gain":0,"max_hp_loss":0,"event_name":"The Cleric","floor":3,"gold_loss":75},{"damage_healed":0,"gold_gain":0,"player_choice":"Donut","damage_taken":0,"max_hp_gain":5,"max_hp_loss":0,"event_name":"Big Fish","floor":5,"gold_loss":0},{"damage_healed":0,"gold_gain":0,"player_choice":"Fought Bandits","damage_taken":0,"max_hp_gain":0,"max_hp_loss":0,"event_name":"Masked Bandits","floor":19,"gold_loss":0}],"is_beta":false,"boss_relics":[{"not_picked":["Runic Dome","Ectoplasm"],"picked":"Eternal Feather"}],"items_purged_floors":[],"is_endless":false,"potions_floor_spawned":[1,2,10,12,16,18],"killed_by":"Masked Bandits","ascension_level":16}