{"gold_per_floor":[116,39,56,206,55,82,82,111,136,149,162,187,187,199,199,274,274,286,306,31,31,31,31,31,31,57,57,57,108,8,22,22,99,99,118,130,130,33,33],"floor_reached":39,"playtime":1174,"items_purged":["Doubt","Normality"],"score":844,"play_id":"0eacb92b-6429-464a-96f3-b13e80f91fad","local_time":"20190107204920","is_ascension_mode":true,"campfire_choices":[{"data":"Whirlwind","floor":7.0,"key":"SMITH"},{"data":"Rupture","floor":13.0,"key":"SMITH"},{"data":"Body Slam","floor":15.0,"key":"SMITH"},{"floor":23.0,"key":"REST"},{"data":"Limit Break","floor":25.0,"key":"SMITH"},{"data":"True Grit","floor":27.0,"key":"SMITH"},{"data":"Bash","floor":32.0,"key":"SMITH"}],"neow_cost":"NONE","seed_source_timestamp":442022165470074,"circlet_count":0,"master_deck":["AscendersBane","Strike_R","Strike_R+1","Strike_R","Strike_R+1","Strike_R","Defend_R","Defend_R","Defend_R","Defend_R","Bash+1","Sentinel+1","Whirlwind+1","True Grit+1","Inflame","Combust","Body Slam+1","True Grit+1","Rupture+1","Sword Boomerang","Limit Break+1","Iron Wave","Disarm","Injury","Battle Trance","Immolate","Shrug It Off+1","True Grit+1","Shrug It Off","Ghostly Armor"],"special_seed":0,"relics":["Burning Blood","NeowsBlessing","Whetstone","Red Skull","War Paint","Question Card","Cursed Key","Bottled Tornado","MutagenicStrength","Potion Belt","Velvet Choker"],"potions_floor_usage":[39],"damage_taken":[{"damage":0.0,"enemies":"Cultist","floor":1.0,"turns":1.0},{"damage":0.0,"enemies":"Jaw Worm","floor":3.0,"turns":1.0},{"damage":0.0,"enemies":"Lagavulin","floor":6.0,"turns":1.0},{"damage":20.0,"enemies":"3 Sentries","floor":8.0,"turns":5.0},{"damage":0.0,"enemies":"2 Louse","floor":10.0,"turns":1.0},{"damage":8.0,"enemies":"Blue Slaver","floor":11.0,"turns":3.0},{"damage":8.0,"enemies":"Gremlin Nob","floor":12.0,"turns":3.0},{"damage":11.0,"enemies":"Large Slime","floor":14.0,"turns":5.0},{"damage":37.0,"enemies":"Hexaghost","floor":16.0,"turns":9.0},{"damage":32.0,"enemies":"Shell Parasite","floor":18.0,"turns":4.0},{"damage":7.0,"enemies":"3 Byrds","floor":19.0,"turns":5.0},{"damage":0.0,"enemies":"Sentry and Sphere","floor":22.0,"turns":2.0},{"damage":16.0,"enemies":"Chosen and Byrds","floor":31.0,"turns":5.0},{"damage":49.0,"enemies":"Collector","floor":33.0,"turns":6.0},{"damage":23.0,"enemies":"3 Shapes","floor":35.0,"turns":3.0},{"damage":12.0,"enemies":"Orb Walker","floor":36.0,"turns":2.0},{"damage":48,"enemies":"Spire Growth","floor":39,"turns":3}],"seed_played":"5600467741128876221","potions_obtained":[{"floor":6.0,"key":"SmokeBomb"},{"floor":11.0,"key":"Block Potion"},{"floor":16.0,"key":"Explosive Potion"},{"floor":31.0,"key":"Energy Potion"},{"floor":33.0,"key":"Swift Potion"},{"floor":36.0,"key":"PowerPotion"}],"is_trial":false,"path_per_floor":["M","$","M","?","$","E","R","E","T","M","M","E","R","M","R","B",null,"M","M","$","?","M","R","?","R","T","R","?","T","$","M","R","B",null,"M","M","?","$","M"],"character_chosen":"IRONCLAD","items_purchased":["Whirlwind","Inflame","Bottled Tornado","Shrug It Off","Ghostly Armor"],"campfire_rested":1,"item_purchase_floors":[2,5,20,38,38],"current_hp_per_floor":[74,74,75,75,75,75,75,61,61,67,65,63,63,58,58,27,63,37,36,36,36,42,64,64,64,64,64,64,64,64,54,54,11,59,42,36,36,36,0],"gold":33,"neow_bonus":"THREE_ENEMY_KILL","is_prod":false,"is_daily":false,"chose_seed":false,"campfire_upgraded":6,"win_rate":0,"timestamp":1546890560,"path_taken":["M","$","?","?","?","E","R","E","T","M","M","E","R","M","R","BOSS","M","M","$","?","M","R","?","R","T","R","?","?","$","M","R","BOSS","M","M","?","$","?"],"build_version":"2019-01-03v4","purchased_purges":2,"victory":false,"max_hp_per_floor":[75,75,75,75,75,75,75,75,75,75,75,75,75,75,75,75,75,75,75,75,75,75,75,75,75,75,75,75,75,75,75,75,75,75,75,75,75,75,75],"card_choices":[{"not_picked":["Anger","Fire Breathing"],"picked":"Sentinel","floor":1.0},{"not_picked":["Body Slam","Flex"],"picked":"True Grit","floor":3.0},{"not_picked":["Havoc","Intimidate"],"picked":"Combust","floor":6.0},{"not_picked":["Wild Strike","Anger"],"picked":"Body Slam","floor":8.0},{"not_picked":["Pummel","Rage","Sentinel"],"picked":"SKIP","floor":10.0},{"not_picked":["Clothesline","Dual Wield"],"picked":"True Grit","floor":11.0},{"not_picked":["Corruption","Barricade"],"picked":"Rupture","floor":12.0},{"not_picked":["Clash","Wild Strike","Anger"],"picked":"Sword Boomerang","floor":14.0},{"not_picked":["Dark Embrace","Demon Form","Barricade"],"picked":"Limit Break","floor":16.0},{"not_picked":["Uppercut","Heavy Blade","Anger"],"picked":"Iron Wave","floor":18.0},{"not_picked":["Uppercut","Twin Strike","Perfected Strike"],"picked":"Disarm","floor":19.0},{"not_picked":["Headbutt","Havoc","Warcry"],"picked":"Battle Trance","floor":31.0},{"not_picked":["Exhume","Feed","Berserk"],"picked":"Immolate","floor":33.0},{"not_picked":["Disarm","Headbutt","Twin Strike"],"picked":"Shrug It Off","floor":35.0},{"not_picked":["Pummel","Evolve","Cleave+1"],"picked":"True Grit+1","floor":36.0}],"player_experience":584395,"relics_obtained":[{"floor":6.0,"key":"Whetstone"},{"floor":8.0,"key":"Red Skull"},{"floor":9.0,"key":"War Paint"},{"floor":12.0,"key":"Question Card"},{"floor":29.0,"key":"Potion Belt"}],"event_choices":[{"damage_healed":0.0,"max_hp_gain":0.0,"max_hp_loss":0.0,"gold_gain":150.0,"event_name":"Liars Game","player_choice":"AGREE","floor":4.0,"gold_loss":0.0,"damage_taken":0.0,"cards_obtained":["Doubt"]},{"damage_healed":0.0,"max_hp_gain":0.0,"max_hp_loss":0.0,"gold_gain":0.0,"event_name":"Beggar","player_choice":"Ignored","floor":24.0,"gold_loss":0.0,"damage_taken":0.0},{"damage_healed":0.0,"max_hp_gain":0.0,"max_hp_loss":0.0,"gold_gain":0.0,"event_name":"Drug Dealer","player_choice":"Inject Mutagens","floor":28.0,"gold_loss":0.0,"damage_taken":0.0,"relics_obtained":["MutagenicStrength"]},{"damage_healed":0.0,"max_hp_gain":0.0,"max_hp_loss":0.0,"gold_gain":0.0,"event_name":"Upgrade Shrine","player_choice":"Upgraded","floor":37.0,"gold_loss":0.0,"damage_taken":0.0,"cards_upgraded":["Shrug It Off"]}],"is_beta":false,"boss_relics":[{"not_picked":["Philosopher\u0027s Stone","Ectoplasm"],"picked":"Cursed Key"},{"not_picked":["Snecko Eye","Orrery"],"picked":"Velvet Choker"}],"items_purged_floors":[5,30],"is_endless":false,"potions_floor_spawned":[6,11,14,16,19,31,33,36],"killed_by":"Spire Growth","ascension_level":20}