{"path_per_floor":["M","?","?","M","?","R","M","R","T","R","?","M","M","E","R","B",null,"M","M","?","M","$"],"character_chosen":"IRONCLAD","items_purchased":["Bag of Preparation"],"gold_per_floor":[114,114,64,81,156,156,169,169,169,169,169,187,206,233,233,328,328,341,355,355,373,141],"floor_reached":23,"campfire_rested":1,"playtime":1238,"current_hp_per_floor":[80,73,73,73,62,62,61,61,61,61,61,61,67,57,80,30,68,45,35,35,18,18],"items_purged":["Strike_R"],"gold":141,"play_id":"b31a028d-6fe1-4ac3-b8b9-cf8ee39af44e","is_prod":false,"is_daily":false,"is_ascension_mode":true,"campfire_upgraded":3,"path_taken":["M","?","?","M","?","R","M","R","T","R","?","M","?","E","R","BOSS","M","M","?","M","$","E"],"build_version":"2018-02-01-PROD3","purchased_purges":1,"victory":false,"master_deck":["Strike_R","Strike_R","Strike_R","Defend_R","Defend_R","Bash+1","Flex+1","Dropkick+1","Warcry","Offering","Rampage"],"max_hp_per_floor":[80,80,80,80,80,80,80,80,80,80,80,80,80,80,80,80,80,80,80,80,80,80],"relics":["Burning Blood","Omamori","Gambling Chip","Dream Catcher","Orrery","Bag of Preparation"],"card_choices":[{"not_picked":["True Grit","Ghostly Armor"],"picked":"Flex"},{"not_picked":["Cleave","Intimidate"],"picked":"Dropkick"},{"not_picked":["Hemokinesis","Flex"],"picked":"Warcry"},{"not_picked":["Immolate","Impervious"],"picked":"Offering"},{"not_picked":["Wild Strike","Anger"],"picked":"Rampage"}],"player_experience":164010,"potions_floor_usage":[16,23,23,23],"damage_taken":[{"damage":3,"enemies":"Jaw Worm","floor":1,"turns":5},{"damage":6,"enemies":"Cultist","floor":4,"turns":3},{"damage":7,"enemies":"Small Slimes","floor":7,"turns":3},{"damage":6,"enemies":"Looter","floor":12,"turns":2},{"damage":0,"enemies":"Large Slime","floor":13,"turns":3},{"damage":16,"enemies":"Gremlin Nob","floor":14,"turns":3},{"damage":56,"enemies":"The Guardian","floor":16,"turns":8},{"damage":29,"enemies":"Spheric Guardian","floor":18,"turns":4},{"damage":16,"enemies":"2 Thieves","floor":19,"turns":3},{"damage":23,"enemies":"Snake Plant","floor":21,"turns":2},{"damage":32,"enemies":"Gremlin Leader","floor":23,"turns":4}],"event_choices":[{"event_name":"Golden Wing","player_choice":"Card Removal","floor":2,"damage_taken":0},{"event_name":"The Cleric","player_choice":"Card Removal","floor":3,"damage_taken":0},{"event_name":"World of Goop","player_choice":"Gather Gold","floor":5,"damage_taken":0},{"event_name":"Purifier","player_choice":"One Purge","floor":11,"damage_taken":0},{"event_name":"The Lab","player_choice":"Got Potions","floor":20,"damage_taken":0}],"boss_relics":[{"not_picked":["Snecko Eye","Runic Pyramid"],"picked":"Orrery"}],"potions_floor_spawned":[7,13],"seed_played":"5833333898727820889","killed_by":"Gremlin Leader","ascension_level":5,"is_trial":false}