{"gold_per_floor":[114,114,114,114,114,153,173,173,228,259,284,284,308,20,20,141,141,166,197,137],"floor_reached":20,"playtime":563,"items_purged":[],"score":325,"play_id":"618950a0-4e68-44a9-b758-c183704a9d02","local_time":"20190227181004","is_ascension_mode":true,"campfire_choices":[{"data":"Zap","floor":8,"key":"SMITH"},{"data":"Defragment","floor":12,"key":"SMITH"},{"data":"Apotheosis","floor":15,"key":"SMITH"}],"neow_cost":"NONE","seed_source_timestamp":656919147616200,"circlet_count":0,"master_deck":["AscendersBane","Strike_B","Strike_B","Strike_B","Defend_B","Defend_B","Defend_B","Defend_B","Zap+1","Dualcast","Defragment+1","Injury","Machine Learning","Ball Lightning","Coolheaded","Chill","Glacier","Apotheosis+1","Capacitor","Conserve Battery","Echo Form","FTL","Compile Driver+1"],"relics":["Cracked Core","NeowsBlessing","Golden Idol","Pocketwatch","Meat on the Bone","Tiny Chest","Bag of Marbles","PreservedInsect","Nuclear Battery","Red Mask"],"potions_floor_usage":[16,19,19],"damage_taken":[{"damage":0,"enemies":"Jaw Worm","floor":1,"turns":1},{"damage":0,"enemies":"3 Sentries","floor":6,"turns":1},{"damage":0,"enemies":"2 Louse","floor":7,"turns":1},{"damage":15,"enemies":"Lagavulin","floor":10,"turns":5},{"damage":4,"enemies":"Small Slimes","floor":13,"turns":3},{"damage":12,"enemies":"The Guardian","floor":16,"turns":10},{"damage":3,"enemies":"Shell Parasite","floor":18,"turns":6},{"damage":63,"enemies":"Masked Bandits","floor":19,"turns":7},{"damage":25,"enemies":"2 Thieves","floor":20,"turns":2}],"seed_played":"-7966381352894463476","potions_obtained":[{"floor":6,"key":"Explosive Potion"},{"floor":10,"key":"Block Potion"},{"floor":16,"key":"Weak Potion"}],"is_trial":false,"path_per_floor":["M","?","?","?","?","E","M","R","T","E","T","R","M","$","R","B",null,"M","?","M"],"character_chosen":"DEFECT","items_purchased":["Apotheosis","Capacitor","Conserve Battery"],"campfire_rested":0,"item_purchase_floors":[14,14,14],"current_hp_per_floor":[68,73,73,73,66,66,66,66,66,51,51,51,47,47,47,47,72,69,18,0],"gold":137,"neow_bonus":"THREE_ENEMY_KILL","is_prod":false,"is_daily":false,"chose_seed":false,"campfire_upgraded":3,"win_rate":0,"timestamp":1551287404,"path_taken":["M","?","?","?","?","E","?","R","T","E","?","R","M","$","R","BOSS","M","?","M"],"build_version":"2019-01-23","purchased_purges":0,"victory":false,"max_hp_per_floor":[75,80,80,80,80,80,80,80,80,80,80,80,80,80,80,80,80,80,80,80],"card_choices":[{"not_picked":["Coolheaded","Loop"],"picked":"Defragment","floor":1},{"not_picked":["Storm","Reprogram"],"picked":"Ball Lightning","floor":6},{"not_picked":["Cold Snap","Barrage"],"picked":"Coolheaded","floor":7},{"not_picked":["Coolheaded","Skim"],"picked":"Chill","floor":10},{"not_picked":["Barrage","Turbo"],"picked":"Glacier","floor":13},{"not_picked":["Biased Cognition","Hyperbeam"],"picked":"Echo Form","floor":16},{"not_picked":["Skim+1","Leap"],"picked":"FTL","floor":18},{"not_picked":["Coolheaded","Redo"],"picked":"Compile Driver+1","floor":19}],"player_experience":872166,"relics_obtained":[{"floor":6,"key":"Meat on the Bone"},{"floor":9,"key":"Tiny Chest"},{"floor":10,"key":"Bag of Marbles"},{"floor":11,"key":"PreservedInsect"},{"floor":19,"key":"Red Mask"}],"event_choices":[{"damage_healed":0,"gold_gain":0,"player_choice":"Donut","damage_taken":0,"max_hp_gain":5,"max_hp_loss":0,"event_name":"Big Fish","floor":2,"gold_loss":0},{"damage_healed":0,"gold_gain":0,"player_choice":"Take Wound","damage_taken":0,"relics_obtained":["Golden Idol"],"max_hp_gain":0,"max_hp_loss":0,"event_name":"Golden Idol","floor":3,"gold_loss":0,"cards_obtained":["Injury"]},{"damage_healed":0,"gold_gain":0,"cards_transformed":["Strike_B"],"player_choice":"Change","damage_taken":0,"max_hp_gain":0,"max_hp_loss":0,"event_name":"Living Wall","floor":4,"gold_loss":0,"cards_obtained":["Machine Learning"]},{"damage_healed":0,"gold_gain":0,"player_choice":"Success","damage_taken":7,"relics_obtained":["Pocketwatch"],"max_hp_gain":0,"max_hp_loss":0,"event_name":"Scrap Ooze","floor":5,"gold_loss":0},{"damage_healed":0,"gold_gain":0,"player_choice":"Fought Bandits","damage_taken":0,"max_hp_gain":0,"max_hp_loss":0,"event_name":"Masked Bandits","floor":19,"gold_loss":0}],"is_beta":false,"boss_relics":[{"not_picked":["Fusion Hammer","Coffee Dripper"],"picked":"Nuclear Battery"}],"items_purged_floors":[],"is_endless":false,"potions_floor_spawned":[6,10,16],"killed_by":"2 Thieves","ascension_level":12}