{"gold_per_floor":[109,109,126,126,136,166,166,198,198,198,22,38,38,38,38,113,113,131,151,151,151,165,165,65,65,65,80,100,100,2,12,12,12],"floor_reached":33,"playtime":1405,"items_purged":["Strike_R","Defend_R"],"score":446,"play_id":"a4d57e96-3348-4f0a-a706-5a649e953bb8","local_time":"20190303170145","is_ascension_mode":true,"campfire_choices":[{"floor":7,"key":"REST"},{"data":"Bash","floor":10,"key":"SMITH"},{"data":"Carnage","floor":15,"key":"SMITH"},{"data":"Spot Weakness","floor":23,"key":"SMITH"},{"data":"Seeing Red","floor":25,"key":"SMITH"},{"data":"True Grit","floor":29,"key":"SMITH"},{"data":"Sentinel","floor":32,"key":"SMITH"}],"neow_cost":"NONE","seed_source_timestamp":161707347866300,"circlet_count":0,"master_deck":["AscendersBane","Defend_R","Defend_R+1","Defend_R+1","Bash+1","Forethought","Clothesline","Armaments+1","Shrug It Off","Battle Trance","Carnage+1","Spot Weakness+1","Offering","Flame Barrier","Iron Wave","Seeing Red+1","Bite","Bite","Bite","Bite","Bite","Flex","Reaper","True Grit+1","Enlightenment","Sentinel+1"],"relics":["Burning Blood","Pen Nib","Incense Burner","Sundial","Runic Cube","Letter Opener"],"potions_floor_usage":[6,6,11,27,33,33],"damage_taken":[{"damage":12,"enemies":"Small Slimes","floor":1,"turns":3},{"damage":0,"enemies":"2 Louse","floor":3,"turns":3},{"damage":1,"enemies":"Cultist","floor":5,"turns":4},{"damage":29,"enemies":"Gremlin Nob","floor":6,"turns":4},{"damage":15,"enemies":"Lagavulin","floor":8,"turns":8},{"damage":7,"enemies":"Looter","floor":12,"turns":4},{"damage":33,"enemies":"Slime Boss","floor":16,"turns":9},{"damage":10,"enemies":"Shell Parasite","floor":18,"turns":3},{"damage":13,"enemies":"Chosen","floor":19,"turns":3},{"damage":16,"enemies":"Centurion and Healer","floor":22,"turns":6},{"damage":12,"enemies":"Chosen and Byrds","floor":27,"turns":2},{"damage":27,"enemies":"3 Cultists","floor":28,"turns":7},{"damage":21,"enemies":"Cultist and Chosen","floor":31,"turns":8},{"damage":100,"enemies":"Champ","floor":33,"turns":21}],"seed_played":"-3813887367748015056","potions_obtained":[{"floor":1,"key":"AttackPotion"},{"floor":5,"key":"PowerPotion"},{"floor":8,"key":"LiquidBronze"},{"floor":19,"key":"Weak Potion"},{"floor":27,"key":"Dexterity Potion"}],"is_trial":false,"path_per_floor":["M","?","M","?","M","E","R","E","T","R","$","M","?","$","R","B",null,"M","M","?","?","M","R","$","R","T","M","M","R","$","M","R","B"],"character_chosen":"IRONCLAD","items_purchased":["Fruit Juice","Enlightenment"],"campfire_rested":1,"item_purchase_floors":[11,30],"current_hp_per_floor":[66,50,56,56,61,38,62,53,53,53,58,57,49,49,49,22,69,65,58,58,58,59,59,59,59,59,56,49,49,49,46,46,0],"gold":12,"neow_bonus":"RANDOM_COLORLESS","is_prod":false,"is_daily":false,"chose_seed":false,"campfire_upgraded":6,"win_rate":0,"timestamp":1551628905,"path_taken":["M","?","M","?","M","E","R","E","T","R","$","?","?","?","R","BOSS","M","M","?","?","M","R","?","R","T","M","?","R","$","?","R","BOSS"],"build_version":"2019-01-23","purchased_purges":2,"victory":false,"max_hp_per_floor":[80,80,80,80,80,80,80,80,80,80,85,85,85,85,85,85,85,85,85,85,59,59,59,59,59,59,59,59,59,59,59,59,59],"card_choices":[{"not_picked":["Wild Strike","Headbutt"],"picked":"Clothesline","floor":1},{"not_picked":["Body Slam","Twin Strike"],"picked":"Armaments","floor":3},{"not_picked":["Sentinel","Exhume"],"picked":"Shrug It Off","floor":5},{"not_picked":["Feed","Dropkick"],"picked":"Battle Trance","floor":6},{"not_picked":["Perfected Strike","Second Wind"],"picked":"Carnage","floor":8},{"not_picked":["Reckless Charge","Intimidate"],"picked":"Spot Weakness","floor":12},{"not_picked":["Immolate","Berserk"],"picked":"Offering","floor":16},{"not_picked":["Power Through+1","Warcry"],"picked":"Flame Barrier","floor":18},{"not_picked":["Combust","Clash"],"picked":"Iron Wave","floor":19},{"not_picked":["Wild Strike","Iron Wave"],"picked":"Flex","floor":22},{"not_picked":["Havoc","True Grit"],"picked":"Reaper","floor":27},{"not_picked":["Metallicize","Havoc"],"picked":"True Grit","floor":28},{"not_picked":["Body Slam","True Grit"],"picked":"Sentinel","floor":31}],"player_experience":917765,"relics_obtained":[{"floor":6,"key":"Pen Nib"},{"floor":8,"key":"Incense Burner"},{"floor":9,"key":"Sundial"},{"floor":26,"key":"Letter Opener"}],"event_choices":[{"damage_healed":0,"gold_gain":0,"player_choice":"Entered Light","damage_taken":16,"max_hp_gain":0,"max_hp_loss":0,"event_name":"Shining Light","floor":2,"gold_loss":0,"cards_upgraded":["Defend_R","Defend_R"]},{"damage_healed":0,"gold_gain":0,"player_choice":"Forge","damage_taken":0,"max_hp_gain":0,"max_hp_loss":0,"event_name":"Accursed Blacksmith","floor":4,"gold_loss":0,"cards_upgraded":["Armaments"]},{"damage_healed":0,"gold_gain":0,"player_choice":"Damaged","damage_taken":8,"max_hp_gain":0,"max_hp_loss":0,"event_name":"Wheel of Change","floor":13,"gold_loss":0},{"damage_healed":0,"gold_gain":0,"player_choice":"Read","damage_taken":0,"max_hp_gain":0,"max_hp_loss":0,"event_name":"The Library","floor":20,"gold_loss":0,"cards_obtained":["Seeing Red"]},{"damage_healed":0,"gold_gain":0,"player_choice":"Became a vampire","damage_taken":0,"max_hp_gain":0,"max_hp_loss":26,"event_name":"Vampires","floor":21,"gold_loss":0,"cards_obtained":["Bite","Bite","Bite","Bite","Bite"]}],"is_beta":false,"boss_relics":[{"not_picked":["Calling Bell","Black Star"],"picked":"Runic Cube"}],"items_purged_floors":[11,24],"is_endless":false,"potions_floor_spawned":[1,5,8,19,27],"killed_by":"Champ","ascension_level":13}