{"gold_per_floor":[114,114,114,2,21,21,49,49,49,66,97,108,108],"floor_reached":13,"playtime":252,"items_purged":["Strike_R"],"score":224,"play_id":"216455e6-b046-4c12-a7e2-6c64006fc262","local_time":"20190814183600","is_ascension_mode":true,"campfire_choices":[{"data":"Spot Weakness","floor":6.0,"key":"SMITH"},{"data":"Double Tap","floor":8,"key":"SMITH"}],"neow_cost":"NONE","seed_source_timestamp":49092325241100,"circlet_count":0,"master_deck":["AscendersBane","Strike_R","Strike_R","Strike_R","Defend_R","Defend_R","Defend_R","Defend_R","Bash+1","Anger","Fire Breathing","Spot Weakness+1","Double Tap+1","Anger","Rampage","Second Wind"],"special_seed":0,"relics":["Burning Blood","NeowsBlessing","Bottled Flame","Blue Candle","Shuriken"],"potions_floor_usage":[11,11],"damage_taken":[{"damage":0.0,"enemies":"Small Slimes","floor":1.0,"turns":1.0},{"damage":0.0,"enemies":"Jaw Worm","floor":5.0,"turns":1.0},{"damage":0.0,"enemies":"3 Sentries","floor":7.0,"turns":1.0},{"damage":7,"enemies":"Cultist","floor":10,"turns":4},{"damage":58,"enemies":"Gremlin Nob","floor":11,"turns":5},{"damage":17,"enemies":"Lots of Slimes","floor":12,"turns":3},{"damage":11,"enemies":"Large Slime","floor":13,"turns":2}],"seed_played":"6503769109629935752","potions_obtained":[{"floor":5.0,"key":"Block Potion"},{"floor":10,"key":"SkillPotion"}],"is_trial":false,"path_per_floor":["M","?","?","$","M","R","E","R","T","M","E","M","M"],"character_chosen":"IRONCLAD","items_purchased":["Fire Breathing"],"campfire_rested":0,"item_purchase_floors":[4],"current_hp_per_floor":[74,67,67,67,73,73,75,75,75,74,22,11,0],"gold":108,"neow_bonus":"THREE_ENEMY_KILL","is_prod":false,"is_daily":false,"chose_seed":false,"campfire_upgraded":2,"win_rate":0,"timestamp":1565800560,"path_taken":["M","?","?","?","M","R","E","R","T","M","E","?","?"],"build_version":"2019-07-17","purchased_purges":1,"victory":false,"max_hp_per_floor":[75,75,75,75,75,75,75,75,75,75,75,75,75],"card_choices":[{"not_picked":["Warcry","Combust"],"picked":"Anger","floor":1.0},{"not_picked":["Headbutt","Power Through"],"picked":"Spot Weakness","floor":5.0},{"not_picked":["Warcry","Armaments"],"picked":"Double Tap","floor":7},{"not_picked":["Body Slam","Perfected Strike"],"picked":"Anger","floor":10},{"not_picked":["Reckless Charge","Hemokinesis"],"picked":"Rampage","floor":11},{"not_picked":["Spot Weakness","Shrug It Off"],"picked":"Second Wind","floor":12}],"player_experience":1888930,"relics_obtained":[{"floor":7,"key":"Bottled Flame"},{"floor":9,"key":"Blue Candle"},{"floor":11,"key":"Shuriken"}],"event_choices":[{"cards_removed":["Strike_R"],"damage_healed":0.0,"max_hp_gain":0.0,"max_hp_loss":0.0,"gold_gain":0.0,"event_name":"Golden Wing","player_choice":"Card Removal","floor":2.0,"gold_loss":0.0,"damage_taken":7.0},{"damage_healed":0.0,"max_hp_gain":0.0,"max_hp_loss":0.0,"gold_gain":0.0,"event_name":"Living Wall","player_choice":"Grow","floor":3.0,"gold_loss":0.0,"damage_taken":0.0,"cards_upgraded":["Bash"]}],"is_beta":false,"boss_relics":[],"items_purged_floors":[4],"is_endless":false,"potions_floor_spawned":[5,10],"killed_by":"Large Slime","ascension_level":18}