{"gold_per_floor":[109,109,126,276,13,44,44,70,93,93,93,124,42,53,53,132,132,148,48,62,62,62,62,74,74,74,92,9,9],"floor_reached":29,"playtime":1093,"items_purged":["Doubt","Strike_G"],"score":565,"play_id":"437ec59a-667f-4555-99af-5f8d9e76f307","local_time":"20190621223144","is_ascension_mode":true,"campfire_choices":[{"data":"Apotheosis","floor":7.0,"key":"SMITH"},{"data":"Skewer","floor":11.0,"key":"SMITH"},{"data":"Bullet Time","floor":15.0,"key":"SMITH"},{"floor":23.0,"key":"REST"},{"data":"Footwork","floor":25,"key":"SMITH"}],"neow_cost":"NONE","seed_source_timestamp":0,"circlet_count":0,"master_deck":["AscendersBane","Defend_G","Defend_G","Defend_G","Defend_G","Defend_G","Strike_G","Strike_G","Strike_G","Strike_G","Survivor","Neutralize","Backflip","Skewer+1","Apotheosis+1","Bullet Time+1","Dagger Throw","Calculated Gamble","Footwork+1","Flying Knee","Doppelganger","Underhanded Strike","Decay","Writhe"],"special_seed":0,"relics":["Ring of the Snake","NeowsBlessing","Blood Vial","Oddly Smooth Stone","Pen Nib","MawBank","Busted Crown","Darkstone Periapt","Du-Vu Doll"],"potions_floor_usage":[],"damage_taken":[{"damage":0.0,"enemies":"Small Slimes","floor":1.0,"turns":1.0},{"damage":0.0,"enemies":"2 Louse","floor":3.0,"turns":1.0},{"damage":0.0,"enemies":"Lagavulin","floor":6.0,"turns":1.0},{"damage":13.0,"enemies":"Gremlin Nob","floor":8.0,"turns":3.0},{"damage":8.0,"enemies":"3 Sentries","floor":12.0,"turns":7.0},{"damage":0.0,"enemies":"Jaw Worm","floor":14.0,"turns":3.0},{"damage":0.0,"enemies":"The Guardian","floor":16.0,"turns":13.0},{"damage":9.0,"enemies":"Chosen","floor":18.0,"turns":4.0},{"damage":22.0,"enemies":"2 Thieves","floor":20.0,"turns":5.0},{"damage":3.0,"enemies":"Shelled Parasite and Fungi","floor":24.0,"turns":8.0},{"damage":24,"enemies":"Chosen and Byrds","floor":27,"turns":6},{"damage":47,"enemies":"Slavers","floor":29,"turns":6}],"seed_played":"-5574480801390505454","potions_obtained":[{"floor":1.0,"key":"FearPotion"},{"floor":8.0,"key":"FearPotion"},{"floor":27,"key":"Strength Potion"}],"is_trial":false,"path_per_floor":["M","$","M","?","$","E","R","E","T","?","R","E","$","M","R","B",null,"M","$","M","?","?","R","M","R","T","M","$","E"],"character_chosen":"THE_SILENT","items_purchased":["Apotheosis","Footwork","PowerPotion","GhostInAJar"],"campfire_rested":1,"item_purchase_floors":[5,13,13,28],"current_hp_per_floor":[59,59,59,59,59,59,59,48,48,53,53,47,47,49,49,51,66,59,59,39,39,45,68,67,67,67,45,45,0],"gold":9,"neow_bonus":"THREE_ENEMY_KILL","is_prod":false,"is_daily":false,"chose_seed":false,"campfire_upgraded":4,"win_rate":0,"timestamp":1561149104,"path_taken":["M","$","M","?","$","E","R","E","T","?","R","E","$","M","R","BOSS","M","$","M","?","?","R","?","R","T","M","?","E"],"build_version":"2019-01-23","purchased_purges":2,"victory":false,"max_hp_per_floor":[66,66,66,66,66,66,66,66,66,71,71,71,71,71,71,71,71,71,71,71,71,77,77,77,77,77,77,77,77],"card_choices":[{"not_picked":["Dagger Throw","Blur"],"picked":"Backflip","floor":1.0},{"not_picked":["Tactician","Infinite Blades"],"picked":"Skewer","floor":3.0},{"not_picked":["Bane","Deflect"],"picked":"Bullet Time","floor":6.0},{"not_picked":["Backflip","Acrobatics"],"picked":"Dagger Throw","floor":8.0},{"not_picked":["Underhanded Strike","Phantasmal Killer"],"picked":"Calculated Gamble","floor":12.0},{"not_picked":["Deadly Poison","Backflip"],"picked":"Flying Knee","floor":14.0},{"not_picked":["Night Terror","Phantasmal Killer"],"picked":"Doppelganger","floor":16.0},{"not_picked":["Masterful Stab"],"picked":"SKIP","floor":18.0},{"not_picked":[],"picked":"Underhanded Strike","floor":20.0},{"not_picked":["Outmaneuver"],"picked":"SKIP","floor":24},{"not_picked":["Outmaneuver"],"picked":"SKIP","floor":24},{"not_picked":["Heel Hook"],"picked":"SKIP","floor":27}],"player_experience":1421183,"relics_obtained":[{"floor":6.0,"key":"Blood Vial"},{"floor":8.0,"key":"Oddly Smooth Stone"},{"floor":9.0,"key":"Pen Nib"},{"floor":12.0,"key":"MawBank"},{"floor":26,"key":"Du-Vu Doll"}],"event_choices":[{"damage_healed":0.0,"max_hp_gain":0.0,"max_hp_loss":0.0,"gold_gain":150.0,"event_name":"Liars Game","player_choice":"AGREE","floor":4.0,"gold_loss":0.0,"damage_taken":0.0,"cards_obtained":["Doubt"]},{"damage_healed":0.0,"max_hp_gain":5.0,"max_hp_loss":0.0,"gold_gain":0.0,"event_name":"Big Fish","player_choice":"Donut","floor":10.0,"gold_loss":0.0,"damage_taken":0.0},{"damage_healed":0.0,"max_hp_gain":0.0,"max_hp_loss":0.0,"gold_gain":0.0,"event_name":"Forgotten Altar","player_choice":"Smashed Altar","floor":21.0,"gold_loss":0.0,"damage_taken":0.0,"cards_obtained":["Decay"]},{"damage_healed":0.0,"max_hp_gain":0.0,"max_hp_loss":0.0,"gold_gain":0.0,"event_name":"The Mausoleum","player_choice":"Opened","floor":22.0,"gold_loss":0.0,"damage_taken":0.0,"relics_obtained":["Darkstone Periapt"],"cards_obtained":["Writhe"]}],"is_beta":false,"boss_relics":[{"not_picked":["Snecko Eye","Runic Dome"],"picked":"Busted Crown"}],"items_purged_floors":[5,19],"is_endless":false,"potions_floor_spawned":[1,8,27],"killed_by":"Slavers","ascension_level":16}