{"gold_per_floor":[109,109,89,103,119,146,161,174,174,174,139,139,153,166,166,166],"floor_reached":16,"playtime":480,"items_purged":[],"score":187,"play_id":"cf58fedf-3ae0-4a48-aaf3-daf95be0c40c","local_time":"20190622050124","is_ascension_mode":true,"campfire_choices":[{"data":"Envenom","floor":10,"key":"SMITH"},{"data":"Bouncing Flask","floor":12,"key":"SMITH"},{"floor":15,"key":"REST"}],"neow_cost":"NONE","seed_source_timestamp":363082810216900,"circlet_count":0,"master_deck":["AscendersBane","Defend_G","Defend_G","Defend_G","Defend_G","Defend_G","Strike_G","Strike_G","Strike_G","Strike_G","Strike_G","Survivor","Neutralize","Backflip","Sucker Punch","Bouncing Flask+1","Deadly Poison","Envenom+1","Deadly Poison","Skewer","Bane"],"special_seed":0,"relics":["Ring of the Snake","NeowsBlessing","Potion Belt","The Courier"],"potions_floor_usage":[6,8,14],"damage_taken":[{"damage":0.0,"enemies":"Cultist","floor":1.0,"turns":1.0},{"damage":0.0,"enemies":"2 Louse","floor":4.0,"turns":1.0},{"damage":0,"enemies":"Small Slimes","floor":5,"turns":1},{"damage":41,"enemies":"Gremlin Nob","floor":6,"turns":6},{"damage":1,"enemies":"Blue Slaver","floor":7,"turns":5},{"damage":0,"enemies":"Large Slime","floor":8,"turns":5},{"damage":6,"enemies":"Red Slaver","floor":13,"turns":4},{"damage":20,"enemies":"Exordium Wildlife","floor":14,"turns":6},{"damage":40,"enemies":"Slime Boss","floor":16,"turns":5}],"seed_played":"8366505406408868829","potions_obtained":[{"floor":3.0,"key":"Ancient Potion"},{"floor":6,"key":"Strength Potion"},{"floor":8,"key":"SkillPotion"},{"floor":14,"key":"Ancient Potion"}],"is_trial":false,"path_per_floor":["M","?","?","M","M","E","M","M","T","R","?","R","M","M","R","B"],"character_chosen":"THE_SILENT","items_purchased":[],"campfire_rested":1,"item_purchase_floors":[],"current_hp_per_floor":[59,64,64,64,64,23,22,22,22,22,39,39,33,13,34,0],"gold":166,"neow_bonus":"THREE_ENEMY_KILL","is_prod":false,"is_daily":false,"chose_seed":false,"campfire_upgraded":2,"win_rate":0,"timestamp":1561172484,"path_taken":["M","?","?","M","?","E","M","M","T","R","?","R","M","M","R","BOSS"],"build_version":"2019-01-23","purchased_purges":0,"victory":false,"max_hp_per_floor":[66,71,71,71,71,71,71,71,71,71,71,71,71,71,71,71],"card_choices":[{"not_picked":["Slice","Finisher"],"picked":"Backflip","floor":1.0},{"not_picked":["Slice","Backflip"],"picked":"Sucker Punch","floor":4},{"not_picked":["Underhanded Strike","Backflip"],"picked":"Bouncing Flask","floor":5},{"not_picked":["Flechettes","Escape Plan"],"picked":"Deadly Poison","floor":6},{"not_picked":["Accuracy","Slice"],"picked":"Envenom","floor":7},{"not_picked":["Blade Dance","Sucker Punch"],"picked":"Deadly Poison","floor":8},{"not_picked":["Dodge and Roll","Noxious Fumes"],"picked":"Skewer","floor":13},{"not_picked":["Deadly Poison","Dagger Throw"],"picked":"Bane","floor":14}],"player_experience":1422430,"relics_obtained":[{"floor":6,"key":"Potion Belt"},{"floor":9,"key":"The Courier"}],"event_choices":[{"damage_healed":0.0,"max_hp_gain":5.0,"max_hp_loss":0.0,"gold_gain":0.0,"event_name":"Big Fish","player_choice":"Donut","floor":2.0,"gold_loss":0.0,"damage_taken":0.0},{"damage_healed":0.0,"max_hp_gain":0.0,"max_hp_loss":0.0,"gold_gain":0.0,"event_name":"The Woman in Blue","player_choice":"Bought 1 Potion","floor":3.0,"gold_loss":0.0,"damage_taken":0.0},{"damage_healed":17,"gold_gain":0,"player_choice":"Healed","damage_taken":0,"max_hp_gain":0,"max_hp_loss":0,"event_name":"The Cleric","floor":11,"gold_loss":35}],"is_beta":false,"boss_relics":[],"items_purged_floors":[],"is_endless":false,"potions_floor_spawned":[6,8,14],"killed_by":"Slime Boss","ascension_level":16}