{"gold_per_floor":[116,191,191,206,53,53,82,100,100,100,100,114,126,126,126,255,255,273,286,211,336,336,375,44,44,70,70,93,118,149,164,164,287,287,306,326,34,57,76,112,151,167,217,252,277,301,314,339,339,339,339,339,58,99,99],"floor_reached":56,"playtime":2828,"items_purged":[],"score":1358,"play_id":"68d73238-c85d-47b4-a98a-f70c438ee5cc","local_time":"20190625220204","is_ascension_mode":false,"campfire_choices":[{"data":"Bash","floor":6,"key":"SMITH"},{"data":"Metallicize","floor":11,"key":"SMITH"},{"data":"Whirlwind","floor":15,"key":"SMITH"},{"data":"Whirlwind","floor":25,"key":"SMITH"},{"floor":32,"key":"REST"},{"floor":49,"key":"RECALL"},{"floor":52,"key":"REST"}],"neow_cost":"CURSE","seed_source_timestamp":1143187694389642,"circlet_count":0,"master_deck":["Strike_R","Strike_R","Strike_R+1","Strike_R+1","Strike_R","Defend_R","Defend_R","Defend_R","Defend_R","Bash+1","Writhe","Pommel Strike+1","Metallicize+1","Sentinel+1","Whirlwind+1","Havoc+1","Injury","Offering+1","Flame Barrier+1","Whirlwind+1","Shame","Headbutt","Armaments+1","Panache","Anger","Havoc+1","Clothesline","True Grit+1","Pommel Strike","Impervious+1","Sentinel+1","Battle Trance+1","Corruption","Warcry+1","Rampage+1","Warcry+1","Intimidate+1","Havoc+1","Clothesline+1","Havoc+1","Spot Weakness+1","Disarm+1","Flex+1","Pummel+1","Double Tap+1","Sword Boomerang"],"relics":["Burning Blood","WingedGreaves","Vajra","Toxic Egg 2","Du-Vu Doll","Ornamental Fan","Golden Idol","Busted Crown","Gambling Chip","Mercury Hourglass","Unceasing Top","Art of War","Strawberry","Prayer Wheel","Fusion Hammer","Chemical X","Orichalcum","Bag of Preparation","Whetstone","Anchor","Bag of Marbles"],"potions_floor_usage":[7,21,21,30,41,42,48,50,50],"damage_taken":[{"damage":6,"enemies":"Jaw Worm","floor":1,"turns":3},{"damage":13,"enemies":"2 Louse","floor":4,"turns":3},{"damage":24,"enemies":"Lagavulin","floor":7,"turns":6},{"damage":3,"enemies":"Cultist","floor":8,"turns":3},{"damage":6,"enemies":"2 Fungi Beasts","floor":12,"turns":3},{"damage":4,"enemies":"3 Louse","floor":13,"turns":3},{"damage":9,"enemies":"Slime Boss","floor":16,"turns":5},{"damage":9,"enemies":"3 Byrds","floor":18,"turns":3},{"damage":6,"enemies":"Shell Parasite","floor":19,"turns":2},{"damage":14,"enemies":"Colosseum Slavers","floor":21,"turns":3},{"damage":11,"enemies":"Colosseum Nobs","floor":21,"turns":3},{"damage":24,"enemies":"Gremlin Leader","floor":23,"turns":3},{"damage":10,"enemies":"Snecko","floor":28,"turns":3},{"damage":13,"enemies":"Shelled Parasite and Fungi","floor":29,"turns":2},{"damage":20,"enemies":"Book of Stabbing","floor":30,"turns":4},{"damage":0,"enemies":"Snake Plant","floor":31,"turns":2},{"damage":44,"enemies":"Automaton","floor":33,"turns":8},{"damage":0,"enemies":"3 Darklings","floor":35,"turns":1},{"damage":0,"enemies":"3 Shapes","floor":36,"turns":1},{"damage":0,"enemies":"Jaw Worm Horde","floor":38,"turns":1},{"damage":6,"enemies":"Writhing Mass","floor":39,"turns":1},{"damage":56,"enemies":"Nemesis","floor":40,"turns":7},{"damage":0,"enemies":"Giant Head","floor":41,"turns":5},{"damage":0,"enemies":"Maw","floor":42,"turns":2},{"damage":10,"enemies":"Reptomancer","floor":44,"turns":4},{"damage":6,"enemies":"Transient","floor":45,"turns":5},{"damage":25,"enemies":"Sphere and 2 Shapes","floor":46,"turns":1},{"damage":0,"enemies":"Jaw Worm Horde","floor":47,"turns":2},{"damage":6,"enemies":"Writhing Mass","floor":48,"turns":2},{"damage":26,"enemies":"Time Eater","floor":50,"turns":9},{"damage":0,"enemies":"Shield and Spear","floor":54,"turns":2},{"damage":89,"enemies":"The Heart","floor":55,"turns":8}],"seed_played":"2968650257749609770","potions_obtained":[{"floor":1,"key":"Poison Potion"},{"floor":7,"key":"FearPotion"},{"floor":12,"key":"FairyPotion"},{"floor":18,"key":"FearPotion"},{"floor":21,"key":"PowerPotion"},{"floor":23,"key":"Swift Potion"},{"floor":31,"key":"Block Potion"},{"floor":36,"key":"SteroidPotion"},{"floor":41,"key":"SteroidPotion"},{"floor":42,"key":"Block Potion"},{"floor":48,"key":"Dexterity Potion"}],"is_trial":false,"path_per_floor":["M","?","?","M","$","R","E","M","T","?","R","M","M","?","R","B",null,"M","M","?","?","?","E","$","R","T","$","M","M","E","M","R","B",null,"M","M","$","M","M","E","E","M","T","E","M","M","M","M","R","B",null,"R","$","E","B",null],"character_chosen":"IRONCLAD","items_purchased":["Vajra","Headbutt","Armaments+1","Panache","Anger","Havoc+1","Chemical X","Corruption","Warcry+1","Double Tap+1","Anchor","Sword Boomerang"],"campfire_rested":2,"item_purchase_floors":[5,24,24,24,24,24,37,37,37,53,53,53],"current_hp_per_floor":[80,69,69,62,62,62,44,47,47,47,47,47,49,49,49,46,80,77,77,77,64,64,46,46,46,53,53,49,42,28,34,60,22,87,87,87,87,87,87,37,43,49,49,45,45,26,32,32,32,12,87,87,87,87,12],"gold":99,"neow_bonus":"ONE_RARE_RELIC","is_prod":false,"is_daily":false,"chose_seed":false,"campfire_upgraded":4,"win_rate":0,"timestamp":1561514524,"path_taken":["M","?","?","M","$","R","E","?","T","?","R","M","M","?","R","BOSS","M","M","?","?","?","E","$","R","T","$","?","M","E","M","R","BOSS","M","?","$","M","M","E","E","M","T","E","M","M","M","M","R","BOSS","R","$","E","BOSS"],"build_version":"2019-01-23","purchased_purges":0,"victory":true,"max_hp_per_floor":[80,80,80,80,80,80,80,80,80,80,80,80,80,80,80,80,80,80,80,80,80,80,80,80,80,87,87,87,87,87,87,87,87,87,87,87,87,87,87,87,87,87,87,87,87,87,87,87,87,87,87,87,87,87,87],"card_choices":[{"not_picked":["Rage","Clash"],"picked":"Pommel Strike","floor":1},{"not_picked":["Flex","Second Wind"],"picked":"Metallicize","floor":4},{"not_picked":["Havoc","Dark Embrace","Twin Strike"],"picked":"SKIP","floor":7},{"not_picked":["Havoc+1","Wild Strike"],"picked":"Sentinel+1","floor":8},{"not_picked":["Body Slam","Pommel Strike"],"picked":"Whirlwind","floor":12},{"not_picked":["Shockwave+1","Entrench+1"],"picked":"Havoc+1","floor":13},{"not_picked":["Exhume+1","Brutality"],"picked":"Offering+1","floor":16},{"not_picked":[],"picked":"Flame Barrier+1","floor":18},{"not_picked":[],"picked":"Whirlwind","floor":19},{"not_picked":["Blood for Blood"],"picked":"SKIP","floor":23},{"not_picked":[],"picked":"Clothesline","floor":28},{"not_picked":["Fire Breathing"],"picked":"SKIP","floor":29},{"not_picked":["Clothesline+1"],"picked":"SKIP","floor":30},{"not_picked":[],"picked":"True Grit+1","floor":31},{"not_picked":[],"picked":"Pommel Strike","floor":31},{"not_picked":[],"picked":"Impervious+1","floor":33},{"not_picked":[],"picked":"Sentinel+1","floor":35},{"not_picked":["Hemokinesis"],"picked":"SKIP","floor":35},{"not_picked":[],"picked":"Battle Trance+1","floor":36},{"not_picked":["Clothesline+1"],"picked":"SKIP","floor":36},{"not_picked":[],"picked":"Rampage+1","floor":38},{"not_picked":[],"picked":"Warcry+1","floor":38},{"not_picked":[],"picked":"Intimidate+1","floor":39},{"not_picked":[],"picked":"Havoc+1","floor":39},{"not_picked":["Cleave"],"picked":"SKIP","floor":40},{"not_picked":["Thunderclap"],"picked":"SKIP","floor":41},{"not_picked":[],"picked":"Clothesline+1","floor":42},{"not_picked":["Perfected Strike"],"picked":"SKIP","floor":42},{"not_picked":["Searing Blow+1"],"picked":"SKIP","floor":44},{"not_picked":[],"picked":"Havoc+1","floor":45},{"not_picked":["Searing Blow"],"picked":"SKIP","floor":45},{"not_picked":[],"picked":"Spot Weakness+1","floor":46},{"not_picked":[],"picked":"Disarm+1","floor":46},{"not_picked":[],"picked":"Flex+1","floor":47},{"not_picked":["Rage+1"],"picked":"SKIP","floor":47},{"not_picked":[],"picked":"Pummel+1","floor":48},{"not_picked":["Clash+1"],"picked":"SKIP","floor":48},{"not_picked":["Iron Wave"],"picked":"SKIP","floor":54}],"player_experience":251070,"relics_obtained":[{"floor":7,"key":"Toxic Egg 2"},{"floor":9,"key":"Du-Vu Doll"},{"floor":21,"key":"Gambling Chip"},{"floor":21,"key":"Mercury Hourglass"},{"floor":23,"key":"Art of War"},{"floor":26,"key":"Strawberry"},{"floor":30,"key":"Prayer Wheel"},{"floor":40,"key":"Orichalcum"},{"floor":41,"key":"Bag of Preparation"},{"floor":44,"key":"Whetstone"},{"floor":54,"key":"Bag of Marbles"}],"event_choices":[{"damage_healed":0,"gold_gain":75,"player_choice":"Gather Gold","damage_taken":11,"max_hp_gain":0,"max_hp_loss":0,"event_name":"World of Goop","floor":2,"gold_loss":0},{"damage_healed":0,"gold_gain":0,"player_choice":"Forge","damage_taken":0,"max_hp_gain":0,"max_hp_loss":0,"event_name":"Accursed Blacksmith","floor":3,"gold_loss":0,"cards_upgraded":["Pommel Strike"]},{"damage_healed":0,"gold_gain":0,"player_choice":"Box","damage_taken":0,"relics_obtained":["Ornamental Fan"],"max_hp_gain":0,"max_hp_loss":0,"event_name":"Big Fish","floor":10,"gold_loss":0,"cards_obtained":["Regret"]},{"damage_healed":0,"gold_gain":0,"player_choice":"Take Wound","damage_taken":0,"relics_obtained":["Golden Idol"],"max_hp_gain":0,"max_hp_loss":0,"event_name":"Golden Idol","floor":14,"gold_loss":0,"cards_obtained":["Injury"]},{"cards_removed":["Regret"],"damage_healed":0,"gold_gain":0,"player_choice":"Gave Gold","damage_taken":0,"max_hp_gain":0,"max_hp_loss":0,"event_name":"Beggar","floor":20,"gold_loss":75},{"damage_healed":0,"gold_gain":0,"player_choice":"Fight","damage_taken":0,"max_hp_gain":0,"max_hp_loss":0,"event_name":"Colosseum","floor":21,"gold_loss":0},{"damage_healed":0,"gold_gain":0,"player_choice":"Fought Nobs","damage_taken":0,"max_hp_gain":0,"max_hp_loss":0,"event_name":"Colosseum","floor":21,"gold_loss":0},{"damage_healed":0,"gold_gain":0,"player_choice":"Stole Relic","damage_taken":0,"relics_obtained":["Unceasing Top"],"max_hp_gain":0,"max_hp_loss":0,"event_name":"Addict","floor":22,"gold_loss":0,"cards_obtained":["Shame"]}],"is_beta":false,"boss_relics":[{"not_picked":["Astrolabe","Runic Dome"],"picked":"Busted Crown"},{"not_picked":["Eternal Feather","Coffee Dripper"],"picked":"Fusion Hammer"}],"items_purged_floors":[],"is_endless":false,"potions_floor_spawned":[1,7,12,18,21,23,31,35,36,41,42,48],"ascension_level":0}