{"gold_per_floor":[113,125,18,30,30,65,65,65,118,118,69,69,110,35,35,128,128,116,89,89,114,135,135],"floor_reached":23,"playtime":1051,"items_purged":["Strike_R"],"score":335,"play_id":"97c9f2d6-7545-486e-a543-93e4c0c6fe9e","local_time":"20180909203450","is_ascension_mode":true,"campfire_choices":[{"data":"Inflame","floor":8,"key":"SMITH"},{"data":"Bash","floor":10,"key":"SMITH"},{"data":"True Grit","floor":15,"key":"SMITH"}],"neow_cost":"NONE","seed_source_timestamp":1935329627984931,"circlet_count":0,"master_deck":["Bash+1","AscendersBane","Armaments","Headbutt","Feel No Pain","Clothesline","Inflame+1","True Grit+1","Limit Break","Shrug It Off","Iron Wave","Headbutt","Blood for Blood","Pommel Strike","Disarm","Burning Pact","Twin Strike","True Grit","RitualDagger","Spot Weakness"],"relics":["Burning Blood","NeowsBlessing","Blood Vial","Bird Faced Urn","Orichalcum","Golden Idol","Ornamental Fan","Pandora\u0027s Box"],"potions_floor_usage":[13,16,18],"damage_taken":[{"damage":0,"enemies":"Cultist","floor":1,"turns":1},{"damage":0,"enemies":"2 Louse","floor":2,"turns":1},{"damage":0,"enemies":"Jaw Worm","floor":4,"turns":1},{"damage":27,"enemies":"Gremlin Nob","floor":6,"turns":5},{"damage":23,"enemies":"3 Sentries","floor":13,"turns":9},{"damage":23,"enemies":"Slime Boss","floor":16,"turns":7},{"damage":20,"enemies":"2 Thieves","floor":18,"turns":4},{"damage":7,"enemies":"Chosen","floor":21,"turns":6},{"damage":32,"enemies":"Shelled Parasite and Fungi","floor":22,"turns":6},{"damage":39,"enemies":"Slavers","floor":23,"turns":3}],"seed_played":"6276512136887547739","potions_obtained":[{"floor":6,"key":"EssenceOfSteel"},{"floor":13,"key":"PowerPotion"},{"floor":18,"key":"GamblersBrew"}],"is_trial":false,"path_per_floor":["M","M","$","M","?","E","?","R","T","R","$","?","E","$","R","B",null,"M","$","?","M","M"],"character_chosen":"IRONCLAD","items_purchased":["Feel No Pain","Clothesline","Explosive Potion","True Grit"],"campfire_rested":0,"item_purchase_floors":[3,3,11,19],"current_hp_per_floor":[74,75,75,75,75,54,59,59,59,59,59,59,48,48,48,39,65,53,53,47,52,32,0],"gold":135,"neow_bonus":"THREE_ENEMY_KILL","is_prod":false,"is_daily":false,"chose_seed":false,"campfire_upgraded":3,"win_rate":0,"timestamp":1536521690,"path_taken":["M","?","$","M","?","E","?","R","T","R","?","?","E","$","R","BOSS","M","$","?","?","M","E"],"build_version":"2018-09-06","purchased_purges":1,"victory":false,"max_hp_per_floor":[75,75,75,75,75,75,80,80,80,80,80,74,74,74,74,74,74,74,74,74,74,74,74],"card_choices":[{"not_picked":["Thunderclap","Sword Boomerang"],"picked":"Armaments","floor":1},{"not_picked":["Blood for Blood","Clash"],"picked":"Headbutt","floor":2},{"not_picked":["Headbutt","Exhume"],"picked":"Anger","floor":4},{"not_picked":["Twin Strike","Perfected Strike"],"picked":"Inflame","floor":6},{"not_picked":["Fire Breathing","Clash"],"picked":"True Grit","floor":13},{"not_picked":["Bludgeon","Brutality"],"picked":"Limit Break","floor":16},{"not_picked":["Carnage","Bloodletting","Rage"],"picked":"SKIP","floor":18},{"not_picked":["Inflame","Pommel Strike"],"picked":"Spot Weakness","floor":21},{"not_picked":["Warcry+1","Armaments","True Grit"],"picked":"SKIP","floor":22}],"player_experience":717350,"relics_obtained":[{"floor":6,"key":"Bird Faced Urn"},{"floor":9,"key":"Orichalcum"},{"floor":13,"key":"Ornamental Fan"}],"event_choices":[{"event_name":"WeMeetAgain","player_choice":"Card","floor":5,"damage_taken":0},{"event_name":"Big Fish","player_choice":"Donut","floor":7,"damage_taken":0},{"event_name":"Golden Idol","player_choice":"Lose Max HP","floor":12,"damage_taken":0},{"event_name":"Nest","player_choice":"Joined the Cult","floor":20,"damage_taken":0}],"is_beta":false,"boss_relics":[{"not_picked":["Philosopher\u0027s Stone","Orrery"],"picked":"Pandora\u0027s Box"}],"items_purged_floors":[14],"is_endless":false,"potions_floor_spawned":[6,13,18],"killed_by":"Slavers","ascension_level":14}