{"gold_per_floor":[130,182,24,60,135,135,175,225,275,330,8,8,80,80,80,177,177,195,39,39,52,52,52],"floor_reached":23,"playtime":740,"items_purged":["Clumsy","Strike_R"],"score":362,"play_id":"806eda6b-9eb7-4518-82e6-7071dcf125f1","local_time":"20190107004039","is_ascension_mode":true,"campfire_choices":[{"floor":6.0,"key":"REST"},{"floor":12.0,"key":"REST"},{"floor":15.0,"key":"REST"}],"neow_cost":"CURSE","seed_source_timestamp":370232577106723,"circlet_count":0,"master_deck":["AscendersBane","Strike_R","Strike_R","Defend_R+1","Defend_R","Defend_R+1","Defend_R","Bash","Panacea","HandOfGreed","Carnage","Clothesline","Shrug It Off","Cleave","Shrug It Off","Battle Trance","Iron Wave","Sentinel","Juggernaut","Shrug It Off","Juggernaut","Flame Barrier+1"],"special_seed":0,"relics":["Burning Blood","War Paint","Ice Cream","Empty Cage"],"potions_floor_usage":[16,21],"damage_taken":[{"damage":14.0,"enemies":"Jaw Worm","floor":1.0,"turns":3.0},{"damage":20.0,"enemies":"Small Slimes","floor":2.0,"turns":6.0},{"damage":15.0,"enemies":"Cultist","floor":4.0,"turns":6.0},{"damage":12.0,"enemies":"Blue Slaver","floor":7.0,"turns":4.0},{"damage":33.0,"enemies":"Large Slime","floor":10.0,"turns":10.0},{"damage":24.0,"enemies":"Lots of Slimes","floor":13.0,"turns":7.0},{"damage":13,"enemies":"The Guardian","floor":16,"turns":13},{"damage":25,"enemies":"Shell Parasite","floor":18,"turns":11},{"damage":22,"enemies":"3 Byrds","floor":21,"turns":4},{"damage":37,"enemies":"Gremlin Leader","floor":23,"turns":3}],"seed_played":"7559012556285646146","potions_obtained":[{"floor":13.0,"key":"PowerPotion"},{"floor":16,"key":"Explosive Potion"},{"floor":21,"key":"Strength Potion"}],"is_trial":false,"path_per_floor":["M","M","$","M","?","R","M","?","T","M","$","R","M","?","R","B",null,"M","$","?","M","$","E"],"character_chosen":"IRONCLAD","items_purchased":["Shrug It Off","Cleave","Ice Cream","Shrug It Off"],"campfire_rested":3,"item_purchase_floors":[3,3,11,19],"current_hp_per_floor":[60,46,46,37,26,48,42,35,35,8,8,30,12,12,34,27,63,44,44,44,28,28,0],"gold":52,"neow_bonus":"RANDOM_COLORLESS_2","is_prod":false,"is_daily":false,"chose_seed":false,"campfire_upgraded":0,"win_rate":0,"timestamp":1546818039,"path_taken":["M","M","$","M","?","R","M","?","T","M","$","R","?","?","R","BOSS","M","$","?","M","$","E"],"build_version":"2019-01-03v4","purchased_purges":2,"victory":false,"max_hp_per_floor":[75,75,75,75,75,75,75,75,75,75,75,75,75,75,75,75,75,75,75,75,75,75,75],"card_choices":[{"not_picked":["Second Wind","Whirlwind"],"picked":"Carnage","floor":1.0},{"not_picked":["Pommel Strike","Warcry"],"picked":"Clothesline","floor":2.0},{"not_picked":["Armaments","Clash"],"picked":"Shrug It Off","floor":4.0},{"not_picked":["Reckless Charge","True Grit"],"picked":"Battle Trance","floor":7.0},{"not_picked":["Warcry","Thunderclap"],"picked":"Iron Wave","floor":10.0},{"not_picked":["Searing Blow","Rage"],"picked":"Sentinel","floor":13.0},{"not_picked":["Berserk","Reaper"],"picked":"Juggernaut","floor":16},{"not_picked":["Flex","Twin Strike","Pummel+1"],"picked":"SKIP","floor":18},{"not_picked":["Clash","Infernal Blade"],"picked":"Flame Barrier+1","floor":21}],"player_experience":583328,"relics_obtained":[{"floor":9.0,"key":"War Paint"}],"event_choices":[{"damage_healed":0.0,"max_hp_gain":0.0,"max_hp_loss":0.0,"gold_gain":75.0,"event_name":"World of Goop","player_choice":"Gather Gold","floor":5.0,"gold_loss":0.0,"damage_taken":11.0},{"damage_healed":0.0,"max_hp_gain":0.0,"max_hp_loss":0.0,"gold_gain":50.0,"event_name":"FaceTrader","player_choice":"Touch","floor":8.0,"gold_loss":0.0,"damage_taken":7.0},{"damage_healed":0.0,"max_hp_gain":0.0,"max_hp_loss":0.0,"gold_gain":0.0,"event_name":"Shining Light","player_choice":"Ignored","floor":14.0,"gold_loss":0.0,"damage_taken":0.0},{"damage_healed":0,"gold_gain":0,"player_choice":"Copied","damage_taken":0,"max_hp_gain":0,"max_hp_loss":0,"event_name":"Duplicator","floor":20,"gold_loss":0,"cards_obtained":["Juggernaut"]}],"is_beta":false,"boss_relics":[{"not_picked":["Busted Crown","Philosopher\u0027s Stone"],"picked":"Empty Cage"}],"items_purged_floors":[3,19],"is_endless":false,"potions_floor_spawned":[13,16,21],"killed_by":"Gremlin Leader","ascension_level":20}