{"gold_per_floor":[112,126,51,70,81,113,123,123,123,142,142,142,153,166,166,166],"floor_reached":16,"playtime":383,"items_purged":["Bash"],"score":106,"play_id":"2ebb7697-2b4d-4241-b3aa-4fa7fbf43612","local_time":"20181225130659","is_ascension_mode":false,"campfire_choices":[{"floor":8.0,"key":"REST"},{"floor":12,"key":"REST"},{"data":"Whirlwind","floor":15,"key":"SMITH"}],"neow_cost":"NONE","seed_source_timestamp":273508272564042,"circlet_count":0,"master_deck":["Strike_R","Strike_R","Strike_R","Strike_R","Defend_R","Defend_R","Defend_R","Defend_R","Carnage","Whirlwind+1"],"special_seed":0,"relics":["Runic Cube","Unceasing Top"],"potions_floor_usage":[16,16],"damage_taken":[{"damage":6.0,"enemies":"Cultist","floor":1.0,"turns":3.0},{"damage":11.0,"enemies":"Jaw Worm","floor":2.0,"turns":2.0},{"damage":0.0,"enemies":"2 Louse","floor":4.0,"turns":3.0},{"damage":7.0,"enemies":"2 Fungi Beasts","floor":5.0,"turns":3.0},{"damage":27.0,"enemies":"3 Sentries","floor":6.0,"turns":5.0},{"damage":10.0,"enemies":"Looter","floor":7.0,"turns":3.0},{"damage":9,"enemies":"Exordium Wildlife","floor":10,"turns":4},{"damage":28,"enemies":"Exordium Thugs","floor":13,"turns":3},{"damage":6,"enemies":"Blue Slaver","floor":14,"turns":4},{"damage":42,"enemies":"Hexaghost","floor":16,"turns":10}],"seed_played":"-8849074807139109188","potions_obtained":[{"floor":1.0,"key":"FairyPotion"},{"floor":5.0,"key":"BloodPotion"},{"floor":7.0,"key":"EssenceOfSteel"}],"is_trial":false,"path_per_floor":["M","M","$","M","M","E","M","R","T","M","?","R","M","M","R","B"],"character_chosen":"IRONCLAD","items_purchased":[],"campfire_rested":2,"item_purchase_floors":[],"current_hp_per_floor":[74,63,63,63,56,29,19,43,43,34,34,58,30,24,24,0],"gold":166,"neow_bonus":"BOSS_RELIC","is_prod":false,"is_daily":false,"chose_seed":false,"campfire_upgraded":1,"win_rate":0,"timestamp":1545739619,"path_taken":["M","M","?","?","M","E","M","R","T","M","?","R","M","M","R","BOSS"],"build_version":"2018-12-20","purchased_purges":1,"victory":false,"max_hp_per_floor":[80,80,80,80,80,80,80,80,80,80,80,80,80,80,80,80],"card_choices":[{"not_picked":["Corruption","Flame Barrier"],"picked":"Carnage","floor":1.0},{"not_picked":["Flame Barrier","Entrench","Armaments"],"picked":"SKIP","floor":2.0},{"not_picked":["Clothesline","Flex"],"picked":"Whirlwind","floor":4.0},{"not_picked":["Thunderclap","Warcry","Armaments"],"picked":"SKIP","floor":5.0},{"not_picked":["Battle Trance","Dual Wield","Havoc"],"picked":"SKIP","floor":6.0},{"not_picked":["True Grit","Iron Wave","Dark Embrace"],"picked":"SKIP","floor":7.0},{"not_picked":["Armaments","Inflame","Body Slam"],"picked":"SKIP","floor":10},{"not_picked":["Evolve","Pommel Strike","Armaments"],"picked":"SKIP","floor":13},{"not_picked":["Anger","Iron Wave","Twin Strike"],"picked":"SKIP","floor":14}],"player_experience":540345,"relics_obtained":[{"floor":6.0,"key":"Unceasing Top"}],"event_choices":[{"cards_removed":["Strike_R"],"damage_healed":0,"gold_gain":0,"player_choice":"Forget","damage_taken":0,"max_hp_gain":0,"max_hp_loss":0,"event_name":"Living Wall","floor":11,"gold_loss":0}],"is_beta":false,"boss_relics":[],"items_purged_floors":[3],"is_endless":false,"potions_floor_spawned":[1,5,7,10,14],"killed_by":"Hexaghost","ascension_level":0}