{"path_per_floor":["M","M","M","$","?","R","M","E","T","R","M","$","R","?","R","B",null,"M","?","M","?","M","E","R","$","T","M","?","$","R","M","R"],"character_chosen":"IRONCLAD","items_purchased":["Vajra","Champion Belt"],"gold_per_floor":[360,375,387,387,387,387,404,435,458,458,470,23,23,51,51,149,149,169,169,188,188,198,223,223,223,223,236,161,86,86,97,97],"floor_reached":33,"campfire_rested":1,"playtime":1732,"current_hp_per_floor":[34,39,38,38,38,62,64,66,66,66,57,57,57,56,56,25,66,67,67,55,80,51,30,30,30,30,30,30,30,30,43,43],"items_purged":["Clash"],"gold":97,"score":358,"play_id":"121d3234-4755-48be-bf75-7a6f9afeabfa","is_prod":false,"is_daily":false,"is_ascension_mode":true,"campfire_upgraded":3,"path_taken":["M","M","M","$","?","R","M","E","T","R","?","$","R","?","R","BOSS","M","?","M","?","M","E","R","$","T","M","?","$","R","M","R","BOSS"],"build_version":"2018-02-22-PROD2","purchased_purges":3,"victory":false,"master_deck":["Strike_R","Strike_R","Strike_R","Strike_R","Strike_R","Defend_R","Defend_R","Defend_R","Defend_R","Bash","Thunderclap","Second Wind","Warcry+1","Metallicize+1","Flex+1","Evolve+1","Juggernaut","Metallicize+1","Shrug It Off","Ghostly Armor"],"max_hp_per_floor":[80,80,80,80,80,80,80,80,80,80,80,80,80,80,80,80,80,80,80,80,80,80,80,80,80,80,80,80,80,80,80,80],"relics":["Burning Blood","Omamori","Anchor","Vajra","Champion Belt","Odd Mushroom","Cursed Key","Shovel","Blue Candle","Magic Flower","Bag of Preparation","Toxic Egg 2"],"card_choices":[{"not_picked":["Havoc","Pummel"],"picked":"Thunderclap"},{"not_picked":["Wild Strike","Carnage"],"picked":"Second Wind"},{"not_picked":["Pommel Strike","Infernal Blade"],"picked":"Warcry"},{"not_picked":["Clothesline","Anger"],"picked":"Clash"},{"not_picked":["Iron Wave","Havoc"],"picked":"Metallicize"},{"not_picked":["Headbutt","Iron Wave"],"picked":"Flex"},{"not_picked":["Seeing Red","Body Slam"],"picked":"Evolve"},{"not_picked":["Feed","Demon Form"],"picked":"Juggernaut"},{"not_picked":["Sword Boomerang","Uppercut"],"picked":"Clash"},{"not_picked":["Entrench","Pommel Strike"],"picked":"Shrug It Off"},{"not_picked":["Clash","Sword Boomerang"],"picked":"Ghostly Armor"}],"player_experience":231498,"potions_floor_usage":[2,8,8,16,31,31],"damage_taken":[{"damage":4,"enemies":"Small Slimes","floor":1,"turns":4},{"damage":1,"enemies":"Cultist","floor":2,"turns":3},{"damage":7,"enemies":"Jaw Worm","floor":3,"turns":3},{"damage":4,"enemies":"Large Slime","floor":7,"turns":6},{"damage":4,"enemies":"Gremlin Nob","floor":8,"turns":4},{"damage":15,"enemies":"2 Fungi Beasts","floor":11,"turns":4},{"damage":7,"enemies":"The Mushroom Lair","floor":14,"turns":3},{"damage":37,"enemies":"Hexaghost","floor":16,"turns":10},{"damage":5,"enemies":"3 Byrds","floor":18,"turns":6},{"damage":18,"enemies":"Shell Parasite","floor":20,"turns":5},{"damage":35,"enemies":"Chosen and Byrds","floor":22,"turns":7},{"damage":27,"enemies":"Slavers","floor":23,"turns":8},{"damage":9,"enemies":"Snake Plant","floor":27,"turns":4},{"damage":21,"enemies":"3 Cultists","floor":31,"turns":8},{"damage":52,"enemies":"Champ","floor":33,"turns":13}],"event_choices":[{"event_name":"Living Wall","player_choice":"Grow","floor":5,"damage_taken":0},{"event_name":"Mushrooms","player_choice":"Fought Mushrooms","floor":14,"damage_taken":0},{"event_name":"Duplicator","player_choice":"One dupe","floor":19,"damage_taken":0},{"event_name":"The Library","player_choice":"Heal","floor":21,"damage_taken":0},{"event_name":"Beggar","player_choice":"Gave Gold","floor":28,"damage_taken":0}],"boss_relics":[{"not_picked":["Runic Pyramid","White Beast Statue"],"picked":"Cursed Key"}],"potions_floor_spawned":[1,2,7,8,23,27],"seed_played":"-4444767489545412929","killed_by":"Champ","ascension_level":7,"is_trial":false}