{"gold_per_floor":[111,111,111,123,148,160,206,368,380,392,435,447,477,509,521,627,639,675,710,99,149,149],"floor_reached":22,"playtime":549,"items_purged":["Doubt"],"score":393,"play_id":"4f02ff39-89cf-4e7f-b67a-39a0309ce19c","local_time":"20190722185509","is_ascension_mode":true,"campfire_choices":[{"data":"Bash","floor":6,"key":"SMITH"},{"data":"Anger","floor":10,"key":"SMITH"},{"data":"Clothesline","floor":12,"key":"SMITH"},{"data":"Armaments","floor":15,"key":"SMITH"}],"neow_cost":"NONE","seed_source_timestamp":119102285988600,"circlet_count":0,"master_deck":["AscendersBane","Strike_R","Strike_R","Strike_R","Strike_R","Strike_R","Defend_R","Defend_R","Defend_R","Defend_R","Bash+1","Anger+1","Heavy Blade","Clothesline+1","Armaments+1","Spot Weakness","Second Wind","Battle Trance","Double Tap","Warcry","Shockwave","Uppercut","Anger","Apotheosis","Corruption","Offering","Headbutt","Whirlwind"],"relics":["Burning Blood","NeowsBlessing","Golden Idol","MawBank","Bottled Flame","Prayer Wheel","Odd Mushroom","Eternal Feather"],"potions_floor_usage":[11,16,16,22],"damage_taken":[{"damage":0,"enemies":"Small Slimes","floor":1,"turns":1},{"damage":0,"enemies":"Jaw Worm","floor":5,"turns":1},{"damage":0,"enemies":"3 Sentries","floor":7,"turns":2},{"damage":32,"enemies":"The Mushroom Lair","floor":11,"turns":6},{"damage":2,"enemies":"2 Louse","floor":13,"turns":3},{"damage":10,"enemies":"2 Fungi Beasts","floor":14,"turns":4},{"damage":10,"enemies":"Hexaghost","floor":16,"turns":9},{"damage":33,"enemies":"Shell Parasite","floor":18,"turns":5},{"damage":28,"enemies":"Chosen","floor":19,"turns":7},{"damage":18,"enemies":"Centurion and Healer","floor":22,"turns":2}],"seed_played":"7391370293255167523","potions_obtained":[{"floor":1,"key":"SkillPotion"},{"floor":11,"key":"EssenceOfSteel"},{"floor":13,"key":"GamblersBrew"},{"floor":19,"key":"Swift Potion"}],"is_trial":false,"path_per_floor":["M","?","?","$","M","R","E","?","T","R","?","R","M","M","R","B",null,"M","M","$","?","M"],"character_chosen":"IRONCLAD","items_purchased":["Apotheosis","Corruption","Offering","Headbutt","Whirlwind"],"campfire_rested":0,"item_purchase_floors":[20,20,20,20,20],"current_hp_per_floor":[74,48,43,43,49,49,55,55,55,55,29,29,33,29,29,25,63,36,14,14,14,0],"gold":149,"neow_bonus":"THREE_ENEMY_KILL","is_prod":false,"is_daily":false,"chose_seed":false,"campfire_upgraded":4,"win_rate":0,"timestamp":1563814509,"path_taken":["M","?","?","?","M","R","E","?","T","R","?","R","M","?","R","BOSS","M","M","$","?","M"],"build_version":"2019-07-17","purchased_purges":1,"victory":false,"max_hp_per_floor":[75,75,75,75,75,75,75,75,75,75,75,75,75,75,75,75,75,75,75,75,75,75],"card_choices":[{"not_picked":["Hemokinesis","Havoc","Sword Boomerang"],"picked":"SKIP","floor":1},{"not_picked":["Shrug It Off","Heavy Blade"],"picked":"Anger","floor":5},{"not_picked":["Pummel","Twin Strike"],"picked":"Heavy Blade","floor":7},{"not_picked":["Warcry","Dropkick"],"picked":"Clothesline","floor":11},{"not_picked":["Anger","Infernal Blade"],"picked":"Armaments","floor":13},{"not_picked":["Sever Soul","Hemokinesis"],"picked":"Spot Weakness","floor":13},{"not_picked":["Corruption","Burning Pact"],"picked":"Second Wind","floor":14},{"not_picked":["Body Slam","Feed"],"picked":"Battle Trance","floor":14},{"not_picked":["Offering","Fiend Fire"],"picked":"Double Tap","floor":16},{"not_picked":["Perfected Strike","Pummel"],"picked":"Warcry","floor":18},{"not_picked":["Pommel Strike","Twin Strike"],"picked":"Shockwave","floor":18},{"not_picked":["Warcry","Cleave"],"picked":"Uppercut","floor":19},{"not_picked":["Shrug It Off","Sword Boomerang+1"],"picked":"Anger","floor":19}],"player_experience":1742943,"relics_obtained":[{"floor":7,"key":"Bottled Flame"},{"floor":9,"key":"Prayer Wheel"},{"floor":11,"key":"Odd Mushroom"}],"event_choices":[{"damage_healed":0,"gold_gain":0,"player_choice":"Take Damage","damage_taken":26,"relics_obtained":["Golden Idol"],"max_hp_gain":0,"max_hp_loss":0,"event_name":"Golden Idol","floor":2,"gold_loss":0},{"damage_healed":0,"gold_gain":0,"player_choice":"Success","damage_taken":5,"relics_obtained":["MawBank"],"max_hp_gain":0,"max_hp_loss":0,"event_name":"Scrap Ooze","floor":3,"gold_loss":0},{"damage_healed":0,"gold_gain":150,"player_choice":"AGREE","damage_taken":0,"max_hp_gain":0,"max_hp_loss":0,"event_name":"Liars Game","floor":8,"gold_loss":0,"cards_obtained":["Doubt"]},{"damage_healed":0,"gold_gain":0,"player_choice":"Fought Mushrooms","damage_taken":0,"max_hp_gain":0,"max_hp_loss":0,"event_name":"Mushrooms","floor":11,"gold_loss":0},{"damage_healed":0,"gold_gain":100,"player_choice":"Bet on Murderer","damage_taken":0,"max_hp_gain":0,"max_hp_loss":0,"event_name":"The Joust","floor":21,"gold_loss":50}],"is_beta":false,"boss_relics":[{"not_picked":["Snecko Eye","Coffee Dripper"],"picked":"Eternal Feather"}],"items_purged_floors":[20],"is_endless":false,"potions_floor_spawned":[1,11,13,19],"killed_by":"Centurion and Healer","ascension_level":18}