{"gold_per_floor":[112,112,112,112,127,160,160,177,177,177,193,224,224,259,259,335,335,354,369,383,168,168,168,203,215,227,239,268,1,19,50,50,50],"floor_reached":33,"playtime":1277,"items_purged":["Strike_G","Strike_G"],"score":545,"play_id":"6516e3e7-e749-4662-9dbd-5075402b9d71","local_time":"20190618021846","is_ascension_mode":true,"campfire_choices":[{"data":"Neutralize","floor":7,"key":"SMITH"},{"data":"Glass Knife","floor":10,"key":"SMITH"},{"data":"Deadly Poison","floor":13,"key":"SMITH"},{"data":"Crippling Poison","floor":15,"key":"SMITH"},{"data":"Catalyst","floor":23,"key":"SMITH"},{"data":"Slice","floor":25,"key":"SMITH"},{"data":"Escape Plan","floor":27,"key":"SMITH"},{"floor":32,"key":"REST"}],"neow_cost":"NONE","seed_source_timestamp":6938607032400,"circlet_count":0,"master_deck":["AscendersBane","Defend_G+1","Defend_G","Defend_G","Defend_G","Defend_G","Strike_G+1","Strike_G","Strike_G","Survivor","Neutralize+1","Glass Knife+1","Deadly Poison+1","Slice+1","Flying Knee+1","Quick Slash+1","Escape Plan+1","All Out Attack+1","Crippling Poison+1","Glass Knife+1","Skewer+1","Flechettes+1","Catalyst+1","Backstab+1","RitualDagger+1","Crippling Poison+1","Sucker Punch+1","Endless Agony+1","Choke+1","Infinite Blades","Backflip"],"relics":["Ring of the Snake","Molten Egg 2","Bottled Flame","Pear","Blood Vial","Eternal Feather","MawBank","Bag of Marbles","Question Card"],"potions_floor_usage":[6,6,8,19,24,24,30],"damage_taken":[{"damage":0,"enemies":"Small Slimes","floor":1,"turns":4},{"damage":0,"enemies":"2 Louse","floor":5,"turns":2},{"damage":15,"enemies":"3 Sentries","floor":6,"turns":10},{"damage":0,"enemies":"Jaw Worm","floor":8,"turns":3},{"damage":2,"enemies":"Lots of Slimes","floor":11,"turns":3},{"damage":12,"enemies":"Gremlin Nob","floor":12,"turns":4},{"damage":2,"enemies":"3 Sentries","floor":14,"turns":4},{"damage":14,"enemies":"Hexaghost","floor":16,"turns":9},{"damage":0,"enemies":"Chosen","floor":18,"turns":3},{"damage":4,"enemies":"Shell Parasite","floor":19,"turns":3},{"damage":24,"enemies":"Shelled Parasite and Fungi","floor":20,"turns":5},{"damage":26,"enemies":"Book of Stabbing","floor":24,"turns":5},{"damage":31,"enemies":"Snake Plant","floor":28,"turns":3},{"damage":2,"enemies":"Centurion and Healer","floor":30,"turns":3},{"damage":13,"enemies":"Slavers","floor":31,"turns":5},{"damage":71,"enemies":"Collector","floor":33,"turns":6}],"seed_played":"7877967744904929335","potions_obtained":[{"floor":1,"key":"Regen Potion"},{"floor":4,"key":"Energy Potion"},{"floor":6,"key":"GamblersBrew"},{"floor":16,"key":"AttackPotion"},{"floor":20,"key":"Block Potion"},{"floor":28,"key":"GamblersBrew"}],"is_trial":false,"path_per_floor":["M","?","?","?","M","E","R","M","T","R","M","E","R","E","R","B",null,"M","M","M","$","?","R","E","R","T","R","M","$","M","E","R","B"],"character_chosen":"THE_SILENT","items_purchased":["Dexterity Potion","Backstab+1","Endless Agony+1","Choke+1"],"campfire_rested":1,"item_purchase_floors":[21,21,29,29],"current_hp_per_floor":[59,39,61,61,61,56,56,56,56,56,54,52,52,50,50,38,67,69,67,45,45,39,54,30,45,45,60,31,31,31,20,60,0],"gold":50,"neow_bonus":"ONE_RANDOM_RARE_CARD","is_prod":false,"is_daily":false,"chose_seed":false,"campfire_upgraded":7,"win_rate":0,"timestamp":1560817126,"path_taken":["M","?","?","?","M","E","R","M","T","R","?","E","R","E","R","BOSS","M","?","M","$","?","R","E","R","T","R","M","$","M","E","R","BOSS"],"build_version":"2019-01-23","purchased_purges":2,"victory":false,"max_hp_per_floor":[66,66,66,66,66,66,66,66,66,66,66,76,76,76,76,76,76,76,76,76,76,76,76,76,76,76,76,76,76,76,76,76,76],"card_choices":[{"not_picked":["Choke","Acrobatics"],"picked":"Deadly Poison","floor":1},{"not_picked":["Blade Dance","Prepared"],"picked":"Slice","floor":5},{"not_picked":["Quick Slash","Outmaneuver"],"picked":"Flying Knee","floor":6},{"not_picked":["Acrobatics","PiercingWail"],"picked":"Quick Slash+1","floor":8},{"not_picked":["Sucker Punch+1","Dodge and Roll"],"picked":"Escape Plan","floor":11},{"not_picked":["Deadly Poison","Grand Finale+1"],"picked":"All Out Attack+1","floor":12},{"not_picked":["Escape Plan","Reflex"],"picked":"Crippling Poison","floor":14},{"not_picked":["Tools of the Trade","Doppelganger"],"picked":"Glass Knife+1","floor":16},{"not_picked":["Dagger Spray+1","Acrobatics"],"picked":"Skewer+1","floor":18},{"not_picked":["Deadly Poison","Reflex+1"],"picked":"Flechettes+1","floor":19},{"not_picked":["Leg Sweep","Underhanded Strike+1"],"picked":"Catalyst","floor":20},{"not_picked":["Cloak And Dagger+1","Underhanded Strike+1"],"picked":"Crippling Poison+1","floor":24},{"not_picked":["Slice+1","Blade Dance"],"picked":"Sucker Punch+1","floor":28},{"not_picked":["Cloak And Dagger","Bouncing Flask"],"picked":"Infinite Blades","floor":30},{"not_picked":["Acrobatics","Outmaneuver"],"picked":"Backflip","floor":31}],"player_experience":1407829,"relics_obtained":[{"floor":6,"key":"Molten Egg 2"},{"floor":9,"key":"Bottled Flame"},{"floor":12,"key":"Pear"},{"floor":14,"key":"Blood Vial"},{"floor":24,"key":"MawBank"},{"floor":26,"key":"Bag of Marbles"},{"floor":31,"key":"Question Card"}],"event_choices":[{"damage_healed":0,"gold_gain":0,"player_choice":"Entered Light","damage_taken":20,"max_hp_gain":0,"max_hp_loss":0,"event_name":"Shining Light","floor":2,"gold_loss":0,"cards_upgraded":["Defend_G","Strike_G"]},{"damage_healed":22,"gold_gain":0,"player_choice":"Banana","damage_taken":0,"max_hp_gain":0,"max_hp_loss":0,"event_name":"Big Fish","floor":3,"gold_loss":0},{"damage_healed":0,"gold_gain":0,"player_choice":"Got Potions","damage_taken":0,"max_hp_gain":0,"max_hp_loss":0,"event_name":"Lab","floor":4,"gold_loss":0},{"damage_healed":0,"gold_gain":0,"player_choice":"Joined the Cult","damage_taken":6,"max_hp_gain":0,"max_hp_loss":0,"event_name":"Nest","floor":22,"gold_loss":0,"cards_obtained":["RitualDagger"]}],"is_beta":false,"boss_relics":[{"not_picked":["Ectoplasm","Sozu"],"picked":"Eternal Feather"}],"items_purged_floors":[21,29],"is_endless":false,"potions_floor_spawned":[1,6,16,20,28],"killed_by":"Collector","ascension_level":16}