{"gold_per_floor":[110,90,42,61,77,77,105,121,145,145,175,175,200,214,214,214],"floor_reached":16,"playtime":702,"items_purged":[],"score":193,"play_id":"64c7b6db-f178-49f7-938b-f4894d090c6f","local_time":"20180916195105","is_ascension_mode":true,"campfire_choices":[{"data":"Clothesline","floor":6,"key":"SMITH"},{"data":"Armaments","floor":10,"key":"SMITH"},{"floor":12,"key":"REST"},{"data":"Spot Weakness","floor":15,"key":"SMITH"}],"neow_cost":"NONE","seed_source_timestamp":327850885470091,"circlet_count":0,"master_deck":["Strike_R","Strike_R","Strike_R","Strike_R","Strike_R","Defend_R","Defend_R","Defend_R","Defend_R","Bash","AscendersBane","Spot Weakness+1","Shrug It Off","Clothesline+1","Wild Strike","Battle Trance","Armaments+1","Pummel","Perfected Strike"],"relics":["Burning Blood","Pen Nib","Blood Vial","Bag of Marbles","Tiny Chest","Juzu Bracelet"],"potions_floor_usage":[4,13,16,16],"damage_taken":[{"damage":4,"enemies":"Jaw Worm","floor":1,"turns":4},{"damage":6,"enemies":"Cultist","floor":4,"turns":5},{"damage":1,"enemies":"2 Louse","floor":5,"turns":4},{"damage":34,"enemies":"Gremlin Nob","floor":7,"turns":5},{"damage":7,"enemies":"Blue Slaver","floor":8,"turns":4},{"damage":15,"enemies":"3 Sentries","floor":13,"turns":7},{"damage":14,"enemies":"Red Slaver","floor":14,"turns":2},{"damage":68,"enemies":"Hexaghost","floor":16,"turns":11}],"seed_played":"1393178924112234649","potions_obtained":[{"floor":1,"key":"Swift Potion"},{"floor":2,"key":"Fruit Juice"},{"floor":4,"key":"SteroidPotion"},{"floor":14,"key":"SpeedPotion"}],"is_trial":false,"path_per_floor":["M","?","$","M","M","R","E","M","T","R","?","R","E","M","R"],"character_chosen":"IRONCLAD","items_purchased":["Shrug It Off"],"campfire_rested":1,"item_purchase_floors":[3],"current_hp_per_floor":[70,70,70,75,80,80,52,53,53,53,48,72,65,59,59,0],"gold":214,"neow_bonus":"RANDOM_COMMON_RELIC","is_prod":false,"is_daily":false,"chose_seed":false,"campfire_upgraded":3,"win_rate":0,"timestamp":1537123865,"path_taken":["M","?","$","M","M","R","E","M","T","R","?","R","E","M","R","BOSS"],"build_version":"2018-09-06","purchased_purges":0,"victory":false,"max_hp_per_floor":[75,75,75,80,80,80,80,80,80,80,80,80,80,80,80,80],"card_choices":[{"not_picked":["Twin Strike","Armaments"],"picked":"Spot Weakness","floor":1},{"not_picked":["Armaments","Clash"],"picked":"Clothesline","floor":4},{"not_picked":["Second Wind","Burning Pact"],"picked":"Wild Strike","floor":5},{"not_picked":["Feel No Pain","Flex"],"picked":"Battle Trance","floor":7},{"not_picked":["Warcry","Dropkick"],"picked":"Armaments","floor":8},{"not_picked":["Dark Embrace","Corruption"],"picked":"Pummel","floor":13},{"not_picked":["Body Slam","Rupture"],"picked":"Perfected Strike","floor":14}],"player_experience":743528,"relics_obtained":[{"floor":7,"key":"Blood Vial"},{"floor":9,"key":"Bag of Marbles"},{"floor":13,"key":"Juzu Bracelet"}],"event_choices":[{"event_name":"The Woman in Blue","player_choice":"Bought 1 Potion","floor":2,"damage_taken":0},{"event_name":"Scrap Ooze","player_choice":"success","floor":11,"damage_taken":5}],"is_beta":false,"boss_relics":[],"items_purged_floors":[],"is_endless":false,"potions_floor_spawned":[1,4,14],"killed_by":"Hexaghost","ascension_level":15}