{"gold_per_floor":[112,131,142,217,217,253,253,296,322,53,53,71,71,91,91,182,182,195,21,39,39,39,39,39],"floor_reached":24,"playtime":1226,"items_purged":["Strike_G","Strike_G"],"score":362,"play_id":"b66462de-fe4c-4970-984c-a93c600f8f06","local_time":"20181104133046","is_ascension_mode":true,"campfire_choices":[{"floor":7.0,"key":"REST"},{"floor":11.0,"key":"REST"},{"data":"Neutralize","floor":13.0,"key":"SMITH"},{"data":"Infinite Blades","floor":15.0,"key":"SMITH"},{"data":"Ghostly","floor":23,"key":"SMITH"}],"neow_cost":"NONE","seed_source_timestamp":0,"circlet_count":0,"master_deck":["AscendersBane","Defend_G","Defend_G","Defend_G","Defend_G","Defend_G","Strike_G+1","Strike_G","Survivor","Neutralize+1","Dodge and Roll","Dagger Spray","Dagger Throw+1","Infinite Blades+1","Choke","Deadly Poison","Endless Agony","Envenom","Endless Agony","Footwork","Crippling Poison","Ghostly+1","Ghostly","Ghostly","Ghostly","Ghostly"],"special_seed":0,"relics":["Ring of the Serpent","Golden Idol","Whetstone","Lantern","Oddly Smooth Stone","HandDrill","MutagenicStrength"],"potions_floor_usage":[16,16,18,24],"damage_taken":[{"damage":0.0,"enemies":"2 Louse","floor":1.0,"turns":3.0},{"damage":3.0,"enemies":"Jaw Worm","floor":2.0,"turns":6.0},{"damage":4.0,"enemies":"Small Slimes","floor":3.0,"turns":3.0},{"damage":32.0,"enemies":"Lagavulin","floor":6.0,"turns":9.0},{"damage":29.0,"enemies":"3 Sentries","floor":8.0,"turns":5.0},{"damage":0.0,"enemies":"2 Fungi Beasts","floor":12.0,"turns":3.0},{"damage":0.0,"enemies":"Looter","floor":14.0,"turns":3.0},{"damage":18,"enemies":"Hexaghost","floor":16,"turns":11},{"damage":0,"enemies":"Chosen","floor":18,"turns":5},{"damage":29,"enemies":"2 Thieves","floor":20,"turns":5},{"damage":21,"enemies":"Book of Stabbing","floor":24,"turns":7}],"seed_played":"6235959187492581591","potions_obtained":[{"floor":3.0,"key":"Swift Potion"},{"floor":6.0,"key":"Fire Potion"},{"floor":8.0,"key":"AttackPotion"},{"floor":16,"key":"GhostInAJar"},{"floor":18,"key":"SpeedPotion"}],"is_trial":false,"path_per_floor":["M","M","M","?","?","E","R","E","T","$","R","M","R","M","R","B",null,"M","$","M","?","?","R","E"],"character_chosen":"THE_SILENT","items_purchased":["HandDrill","Footwork"],"campfire_rested":2,"item_purchase_floors":[10,19],"current_hp_per_floor":[63,60,56,45,45,13,32,3,3,3,22,22,22,22,22,4,50,50,50,21,21,21,21,0],"gold":39,"neow_bonus":"TRANSFORM_CARD","is_prod":false,"is_daily":false,"chose_seed":false,"campfire_upgraded":3,"win_rate":0,"timestamp":1541338246,"path_taken":["M","M","M","?","?","E","R","E","T","$","R","M","R","M","R","BOSS","M","$","M","?","?","R","E"],"build_version":"2018-11-01","purchased_purges":2,"victory":false,"max_hp_per_floor":[70,70,70,70,65,65,65,65,65,65,65,65,65,65,65,65,65,65,65,65,32,32,32,32],"card_choices":[{"not_picked":["Expertise","Slice"],"picked":"Dagger Spray","floor":1.0},{"not_picked":["Sucker Punch","Cloak And Dagger"],"picked":"Dagger Throw","floor":2.0},{"not_picked":["Dagger Throw","Blade Dance"],"picked":"Infinite Blades","floor":3.0},{"not_picked":["Blur","Deadly Poison"],"picked":"Choke","floor":6.0},{"not_picked":["Quick Slash","Tactician"],"picked":"Deadly Poison","floor":8.0},{"not_picked":["Finisher","Sucker Punch","Dagger Throw"],"picked":"SKIP","floor":12.0},{"not_picked":["Flying Knee","Backstab"],"picked":"Endless Agony","floor":14.0},{"not_picked":["Wraith Form v2","Grand Finale"],"picked":"Envenom","floor":16},{"not_picked":["Outmaneuver","Prepared"],"picked":"Endless Agony","floor":18},{"not_picked":["Dagger Spray","Quick Slash"],"picked":"Crippling Poison","floor":20}],"player_experience":968165,"relics_obtained":[{"floor":6.0,"key":"Whetstone"},{"floor":8.0,"key":"Lantern"},{"floor":9.0,"key":"Oddly Smooth Stone"}],"event_choices":[{"damage_healed":0.0,"max_hp_gain":0.0,"max_hp_loss":0.0,"gold_gain":75.0,"event_name":"World of Goop","player_choice":"Gather Gold","floor":4.0,"gold_loss":0.0,"damage_taken":11.0},{"damage_healed":0.0,"max_hp_gain":0.0,"max_hp_loss":5.0,"gold_gain":0.0,"event_name":"Golden Idol","player_choice":"Lose Max HP","floor":5.0,"gold_loss":0.0,"damage_taken":0.0,"relics_obtained":["Golden Idol"]},{"damage_healed":0,"gold_gain":0,"player_choice":"Became a Ghost","damage_taken":0,"max_hp_gain":0,"max_hp_loss":33,"event_name":"Ghosts","floor":21,"gold_loss":0,"cards_obtained":["Ghostly","Ghostly","Ghostly","Ghostly","Ghostly"]},{"damage_healed":0,"gold_gain":0,"player_choice":"Inject Mutagens","damage_taken":0,"relics_obtained":["MutagenicStrength"],"max_hp_gain":0,"max_hp_loss":0,"event_name":"Drug Dealer","floor":22,"gold_loss":0}],"is_beta":false,"boss_relics":[{"not_picked":["Sozu","White Beast Statue"],"picked":"Ring of the Serpent"}],"items_purged_floors":[10,19],"is_endless":false,"potions_floor_spawned":[3,6,8,16,18],"killed_by":"Book of Stabbing","ascension_level":13}