{"gold_per_floor":[114,39,39,56,56,88,99,99,126,126,156,173,60,86,86,158,158,168,168,186,86,104,104,19,19,49,69,81,81,107,126,126,202,202,222,234,184,284,61,61,76,76,76,76,86,0,49,84,84,84,84],"floor_reached":52,"playtime":2081,"items_purged":["Strike_B","Strike_B","Writhe"],"score":1771,"play_id":"a4aeee1f-0bae-45f8-a233-661d4e0e9df2","local_time":"20190103010012","is_ascension_mode":true,"campfire_choices":[{"floor":8.0,"key":"REST"},{"data":"Apotheosis","floor":10.0,"key":"SMITH"},{"data":"Panacea","floor":15.0,"key":"SMITH"},{"floor":23.0,"key":"REST"},{"floor":32.0,"key":"REST"},{"data":"Doom and Gloom","floor":40.0,"key":"PURGE"},{"data":"Defragment","floor":42.0,"key":"SMITH"},{"data":"Defend_B","floor":44.0,"key":"PURGE"},{"data":"Defend_B","floor":49,"key":"PURGE"}],"neow_cost":"TEN_PERCENT_HP_LOSS","seed_source_timestamp":24290767191627,"circlet_count":0,"master_deck":["AscendersBane","Defend_B","Defend_B","Zap","Dualcast+1","Apotheosis+1","Panacea+1","Cold Snap","Biased Cognition","Cold Snap","Coolheaded","Defragment","Defragment+1","Conserve Battery","Ball Lightning","Fission","Self Repair","Reinforced Body","Double Energy","Self Repair","Consume","Tempest+1","Steam Power+1","Steam+1","Echo Form","Reinforced Body+1","Coolheaded"],"special_seed":0,"relics":["Cracked Core","Letter Opener","Regal Pillow","Boot","Dream Catcher","Anchor","Inserter","PreservedInsect","Tiny Chest","Ancient Tea Set","Smiling Mask","Busted Crown","Peace Pipe","Chemical X","Pear","Red Mask","Bag of Preparation","War Paint"],"potions_floor_usage":[48,50],"damage_taken":[{"damage":0.0,"enemies":"Cultist","floor":1.0,"turns":3.0},{"damage":10.0,"enemies":"Small Slimes","floor":4.0,"turns":4.0},{"damage":18.0,"enemies":"3 Sentries","floor":6.0,"turns":6.0},{"damage":7.0,"enemies":"Jaw Worm","floor":7.0,"turns":2.0},{"damage":8.0,"enemies":"Lagavulin","floor":11.0,"turns":5.0},{"damage":11.0,"enemies":"Blue Slaver","floor":12.0,"turns":2.0},{"damage":20.0,"enemies":"Gremlin Nob","floor":14.0,"turns":5.0},{"damage":12.0,"enemies":"Hexaghost","floor":16.0,"turns":8.0},{"damage":0.0,"enemies":"Chosen","floor":18.0,"turns":4.0},{"damage":11.0,"enemies":"2 Thieves","floor":20.0,"turns":3.0},{"damage":26.0,"enemies":"Snake Plant","floor":22.0,"turns":4.0},{"damage":15.0,"enemies":"Colosseum Slavers","floor":25.0,"turns":5.0},{"damage":5.0,"enemies":"Centurion and Healer","floor":27.0,"turns":7.0},{"damage":11.0,"enemies":"Snecko","floor":28.0,"turns":5.0},{"damage":22.0,"enemies":"Shelled Parasite and Fungi","floor":31.0,"turns":3.0},{"damage":35.0,"enemies":"Collector","floor":33.0,"turns":6.0},{"damage":1.0,"enemies":"Orb Walker","floor":35.0,"turns":4.0},{"damage":10.0,"enemies":"3 Darklings","floor":36.0,"turns":6.0},{"damage":0.0,"enemies":"Mind Bloom Boss Battle","floor":38.0,"turns":5.0},{"damage":24.0,"enemies":"Writhing Mass","floor":41.0,"turns":6.0},{"damage":15.0,"enemies":"Spire Growth","floor":45.0,"turns":5.0},{"damage":30,"enemies":"Reptomancer","floor":48,"turns":6},{"damage":16,"enemies":"Time Eater","floor":50,"turns":10},{"damage":17,"enemies":"Donu and Deca","floor":51,"turns":12}],"seed_played":"-3762097136592030916","potions_obtained":[{"floor":4.0,"key":"Dexterity Potion"},{"floor":6.0,"key":"Ancient Potion"},{"floor":7.0,"key":"Block Potion"},{"floor":22.0,"key":"Regen Potion"},{"floor":28.0,"key":"Regen Potion"},{"floor":31.0,"key":"Weak Potion"},{"floor":36.0,"key":"Swift Potion"}],"is_trial":false,"path_per_floor":["M","$","?","M","T","E","M","R","T","R","E","M","$","E","R","B",null,"M","?","M","$","M","R","?","?","T","M","M","?","T","M","R","B",null,"M","M","$","?","$","R","M","R","T","R","M","?","T","E","R","B","B",null],"character_chosen":"DEFECT","items_purchased":["Defragment","Conserve Battery","Chemical X"],"campfire_rested":3,"item_purchase_floors":[13,13,39],"current_hp_per_floor":[64,64,69,59,59,41,34,69,69,69,61,50,50,30,30,18,56,56,56,45,45,29,64,64,69,69,69,68,68,68,46,69,60,67,69,69,69,69,69,69,65,65,75,75,74,74,74,74,74,79,79],"gold":84,"neow_bonus":"RANDOM_COLORLESS_2","is_prod":false,"is_daily":false,"chose_seed":false,"campfire_upgraded":3,"win_rate":0,"timestamp":1546473612,"path_taken":["M","?","?","M","?","E","M","R","T","R","E","?","$","E","R","BOSS","M","?","M","$","M","R","?","?","T","?","M","?","?","M","R","BOSS","M","M","?","?","?","R","M","R","T","R","?","?","?","E","R","BOSS","BOSS"],"build_version":"2018-12-20","purchased_purges":3,"victory":true,"max_hp_per_floor":[64,64,69,69,69,69,69,69,69,69,69,69,69,69,69,69,69,69,69,69,69,69,69,69,69,69,69,69,69,69,69,69,69,69,69,69,69,69,69,69,69,69,79,79,79,79,79,79,79,79,79],"card_choices":[{"not_picked":["Capacitor","Go for the Eyes"],"picked":"Doom and Gloom","floor":1.0},{"not_picked":["Conserve Battery","Steam"],"picked":"Cold Snap","floor":4.0},{"not_picked":["Rip and Tear","Force Field"],"picked":"Biased Cognition","floor":6.0},{"not_picked":["Force Field","Turbo"],"picked":"Cold Snap","floor":7.0},{"not_picked":["Hello World","Reboot"],"picked":"Coolheaded","floor":11.0},{"not_picked":["Skim","Coolheaded"],"picked":"Defragment","floor":12.0},{"not_picked":["Streamline","Hologram"],"picked":"Ball Lightning","floor":14.0},{"not_picked":["Rainbow","Buffer"],"picked":"Fission","floor":16.0},{"not_picked":["Capacitor","Gash","Beam Cell+1"],"picked":"SKIP","floor":18.0},{"not_picked":["Redo","Gash"],"picked":"Double Energy","floor":20.0},{"not_picked":["Doom and Gloom","Force Field+1"],"picked":"Self Repair","floor":22.0},{"not_picked":["Self Repair+1","Rebound"],"picked":"Consume","floor":27.0},{"not_picked":["Self Repair","Gash"],"picked":"Tempest+1","floor":28.0},{"not_picked":["Go for the Eyes","Conserve Battery"],"picked":"Steam Power","floor":31.0},{"not_picked":["Self Repair","Beam Cell+1"],"picked":"Steam+1","floor":32.0},{"not_picked":["Electrodynamics","Multi-Cast"],"picked":"Echo Form","floor":33.0},{"not_picked":[],"picked":"Reinforced Body+1","floor":35.0},{"not_picked":["Conserve Battery"],"picked":"SKIP","floor":36.0},{"not_picked":[],"picked":"Coolheaded","floor":41.0},{"not_picked":["Streamline"],"picked":"SKIP","floor":45.0},{"not_picked":["Steam"],"picked":"SKIP","floor":48}],"player_experience":565715,"relics_obtained":[{"floor":5.0,"key":"Letter Opener"},{"floor":6.0,"key":"Regal Pillow"},{"floor":9.0,"key":"Boot"},{"floor":11.0,"key":"Dream Catcher"},{"floor":14.0,"key":"Anchor"},{"floor":26.0,"key":"Tiny Chest"},{"floor":30.0,"key":"Smiling Mask"},{"floor":38.0,"key":"Peace Pipe"},{"floor":43.0,"key":"Pear"},{"floor":47.0,"key":"Bag of Preparation"},{"floor":48,"key":"War Paint"}],"event_choices":[{"damage_healed":0.0,"max_hp_gain":5.0,"max_hp_loss":0.0,"gold_gain":0.0,"event_name":"Big Fish","player_choice":"Donut","floor":3.0,"gold_loss":0.0,"damage_taken":0.0},{"damage_healed":0.0,"max_hp_gain":0.0,"max_hp_loss":0.0,"gold_gain":0.0,"cards_transformed":["Strike_B","Strike_B"],"event_name":"Drug Dealer","player_choice":"Became Test Subject","floor":19.0,"gold_loss":0.0,"damage_taken":0.0,"cards_obtained":["Self Repair","Reinforced Body"]},{"damage_healed":0.0,"max_hp_gain":0.0,"max_hp_loss":0.0,"gold_gain":0.0,"event_name":"Addict","player_choice":"Obtained Relic","floor":24.0,"gold_loss":85.0,"damage_taken":0.0,"relics_obtained":["PreservedInsect"]},{"damage_healed":0.0,"max_hp_gain":0.0,"max_hp_loss":0.0,"gold_gain":0.0,"event_name":"Colosseum","player_choice":"Fight","floor":25.0,"gold_loss":0.0,"damage_taken":0.0},{"damage_healed":0.0,"max_hp_gain":0.0,"max_hp_loss":0.0,"gold_gain":0.0,"event_name":"Colosseum","player_choice":"Fled From Nobs","floor":25.0,"gold_loss":0.0,"damage_taken":0.0},{"damage_healed":0.0,"max_hp_gain":0.0,"max_hp_loss":0.0,"gold_gain":0.0,"event_name":"The Mausoleum","player_choice":"Opened","floor":29.0,"gold_loss":0.0,"damage_taken":0.0,"relics_obtained":["Ancient Tea Set"],"cards_obtained":["Writhe"]},{"damage_healed":0.0,"max_hp_gain":0.0,"max_hp_loss":0.0,"gold_gain":0.0,"event_name":"MindBloom","player_choice":"Fight","floor":38.0,"gold_loss":0.0,"damage_taken":0.0},{"damage_healed":0.0,"max_hp_gain":0.0,"max_hp_loss":0.0,"gold_gain":0.0,"event_name":"Tomb of Lord Red Mask","player_choice":"Paid","floor":46.0,"gold_loss":86.0,"damage_taken":0.0,"relics_obtained":["Red Mask"]}],"is_beta":false,"boss_relics":[{"not_picked":["Empty Cage","Nuclear Battery"],"picked":"Inserter"},{"not_picked":["Orrery","Runic Dome"],"picked":"Busted Crown"}],"items_purged_floors":[2,21,37],"is_endless":false,"potions_floor_spawned":[4,6,7,22,25,28,31,36,38,41],"ascension_level":20}