{"path_per_floor":["M","M","?","?","$","R","?","E","T","R","M","$","?","M","R","B",null,"M","$","?","M","?","R","M","M","T","R","$","M","R","E","R","B",null,"M","$","$","?","$"],"character_chosen":"IRONCLAD","items_purchased":["Tiny Chest","Flex","Demon Form","Whetstone","Bag of Preparation"],"gold_per_floor":[114,129,129,129,129,129,129,154,154,154,167,26,26,43,43,138,138,150,75,75,95,95,95,115,135,135,135,35,45,45,378,378,476,476,496,188,40,40,40,40],"floor_reached":40,"campfire_rested":1,"playtime":1502,"current_hp_per_floor":[78,77,59,59,59,59,59,39,39,39,40,40,40,46,46,27,74,32,32,38,43,75,75,29,19,19,62,62,68,68,37,37,17,76,21,21,21,21,21,0],"items_purged":["Normality","Regret"],"gold":40,"score":585,"play_id":"380e17ee-7e1d-421d-a2d6-16f1af2ca389","local_time":"20180517211333","is_prod":false,"is_daily":false,"chose_seed":false,"is_ascension_mode":true,"campfire_upgraded":6,"timestamp":1526588013,"path_taken":["M","M","?","?","?","R","?","E","T","R","?","$","?","M","R","BOSS","M","$","?","?","?","R","M","M","T","R","?","M","R","E","R","BOSS","M","?","$","?","$","E"],"build_version":"2018-05-10","seed_source_timestamp":9202413941286,"purchased_purges":3,"victory":false,"master_deck":["Strike_R","Strike_R","Strike_R","Strike_R","Strike_R+1","Defend_R","Defend_R","Defend_R","Bash","Uppercut+1","Shrug It Off","Mind Blast+1","Bludgeon+1","Thunderclap+1","Flex+1","Heavy Blade+1","Double Tap+1","Doubt","Rampage","Decay","Combust+1","Shockwave+1","Limit Break+1","Shrug It Off+1","Limit Break","Flex","Flex+1","Demon Form","Dramatic Entrance"],"max_hp_per_floor":[80,80,80,80,80,80,80,90,90,90,90,90,90,90,90,90,90,90,90,96,96,96,96,96,96,96,96,96,96,96,96,96,96,96,96,96,96,96,96,96],"relics":["Burning Blood","Regal Pillow","Pear","Mummified Hand","Tiny Chest","Calling Bell","Ancient Tea Set","Darkstone Periapt","Red Skull","Pen Nib","Old Coin","Orrery","Whetstone","Bag of Preparation"],"card_choices":[{"not_picked":["Warcry","Anger"],"picked":"Uppercut","floor":1},{"not_picked":["Pummel","Reckless Charge"],"picked":"Shrug It Off","floor":2},{"not_picked":["Hemokinesis","Limit Break"],"picked":"Bludgeon","floor":8},{"not_picked":["Intimidate","Heavy Blade"],"picked":"Thunderclap","floor":11},{"not_picked":["Dropkick","Sword Boomerang"],"picked":"Heavy Blade","floor":14},{"not_picked":["Dark Embrace","Berserk"],"picked":"Double Tap","floor":16},{"not_picked":["Entrench","Rupture"],"picked":"Rampage","floor":18},{"not_picked":["Cleave","Iron Wave"],"picked":"Combust","floor":21},{"not_picked":["Shrug It Off","Clothesline"],"picked":"Shockwave","floor":24},{"not_picked":["Pommel Strike","Sever Soul"],"picked":"Limit Break","floor":25},{"not_picked":["Havoc","Headbutt"],"picked":"Shrug It Off","floor":31},{"not_picked":["Fiend Fire","Dark Embrace"],"picked":"Limit Break","floor":33},{"not_picked":["Sword Boomerang","Heavy Blade"],"picked":"Flex","floor":34},{"not_picked":["Anger","Shrug It Off"],"picked":"Flex","floor":34},{"not_picked":["Deep Breath","Swift Strike"],"picked":"Dramatic Entrance","floor":38}],"player_experience":307389,"potions_floor_usage":[16,16,29,33,40],"damage_taken":[{"damage":0,"enemies":"2 Louse","floor":1,"turns":3},{"damage":7,"enemies":"Jaw Worm","floor":2,"turns":3},{"damage":36,"enemies":"3 Sentries","floor":8,"turns":8},{"damage":5,"enemies":"Small Slimes","floor":11,"turns":3},{"damage":0,"enemies":"2 Fungi Beasts","floor":14,"turns":2},{"damage":25,"enemies":"The Guardian","floor":16,"turns":7},{"damage":48,"enemies":"3 Byrds","floor":18,"turns":6},{"damage":1,"enemies":"Spheric Guardian","floor":21,"turns":3},{"damage":52,"enemies":"Chosen and Byrds","floor":24,"turns":7},{"damage":16,"enemies":"Centurion and Healer","floor":25,"turns":5},{"damage":0,"enemies":"Snake Plant","floor":29,"turns":1},{"damage":37,"enemies":"Book of Stabbing","floor":31,"turns":4},{"damage":26,"enemies":"Collector","floor":33,"turns":6},{"damage":61,"enemies":"3 Shapes","floor":35,"turns":3},{"damage":21,"enemies":"Nemesis","floor":40,"turns":2}],"event_choices":[{"event_name":"Scrap Ooze","player_choice":"success","floor":3,"damage_taken":18},{"event_name":"Match and Keep!","player_choice":"1 cards matched","floor":4,"damage_taken":0},{"event_name":"Upgrade Shrine","player_choice":"Upgraded","floor":7,"damage_taken":0},{"event_name":"Living Wall","player_choice":"Grow","floor":13,"damage_taken":0},{"event_name":"Forgotten Altar","player_choice":"Smashed Altar","floor":20,"damage_taken":0},{"event_name":"The Library","player_choice":"Heal","floor":22,"damage_taken":0},{"event_name":"SensoryStone","player_choice":"Memory 1","floor":38,"damage_taken":0}],"boss_relics":[{"not_picked":["Philosopher\u0027s Stone","Runic Pyramid"],"picked":"Calling Bell"},{"not_picked":["Runic Cube","White Beast Statue"],"picked":"Orrery"}],"potions_floor_spawned":[2,11,21,29,33],"seed_played":"-9017850953945026232","killed_by":"Nemesis","ascension_level":8,"is_trial":false}