{"gold_per_floor":[112,127,52,68,86,86,97,97,147,162,173,185,185,185],"floor_reached":14,"playtime":904,"items_purged":[],"score":159,"play_id":"a57e9d64-e860-4710-8411-a3a4b6ff1fc3","local_time":"20190706172139","is_ascension_mode":true,"campfire_choices":[{"data":"Zap","floor":6,"key":"SMITH"},{"data":"Chaos","floor":8,"key":"SMITH"},{"data":"Redo","floor":13,"key":"SMITH"}],"neow_cost":"NONE","seed_source_timestamp":28028955783400,"circlet_count":0,"master_deck":["AscendersBane","Strike_B","Strike_B","Strike_B","Defend_B","Defend_B","Defend_B","Defend_B","Zap+1","Dualcast","Coolheaded","Chaos+1","Redo+1","Multi-Cast","Doom and Gloom","Leap","Conserve Battery","Melter"],"relics":["Cracked Core","Potion Belt"],"potions_floor_usage":[7,11,12,12],"damage_taken":[{"damage":0,"enemies":"Cultist","floor":1,"turns":3},{"damage":4,"enemies":"2 Louse","floor":2,"turns":3},{"damage":2,"enemies":"Jaw Worm","floor":4,"turns":6},{"damage":26,"enemies":"Gremlin Gang","floor":5,"turns":5},{"damage":9,"enemies":"3 Louse","floor":7,"turns":3},{"damage":0,"enemies":"Blue Slaver","floor":10,"turns":4},{"damage":9,"enemies":"Large Slime","floor":11,"turns":4},{"damage":18,"enemies":"Exordium Thugs","floor":12,"turns":4},{"damage":20,"enemies":"The Mushroom Lair","floor":14,"turns":2}],"seed_played":"7974471527218697613","potions_obtained":[{"floor":1,"key":"Swift Potion"},{"floor":7,"key":"SpeedPotion"},{"floor":10,"key":"Poison Potion"},{"floor":11,"key":"Regen Potion"}],"is_trial":false,"path_per_floor":["M","M","?","M","M","R","M","R","T","M","M","M","R","?"],"character_chosen":"DEFECT","items_purchased":[],"campfire_rested":0,"item_purchase_floors":[],"current_hp_per_floor":[71,67,67,65,39,39,30,30,30,30,21,15,15,0],"gold":185,"neow_bonus":"TEN_PERCENT_HP_BONUS","is_prod":false,"is_daily":false,"chose_seed":false,"campfire_upgraded":3,"win_rate":0,"timestamp":1562426499,"path_taken":["M","M","?","M","M","R","M","R","T","M","M","M","R","?"],"build_version":"2019-07-05","purchased_purges":0,"victory":false,"max_hp_per_floor":[78,78,78,78,78,78,78,78,78,78,78,78,78,78],"card_choices":[{"not_picked":["Reprogram","Gash"],"picked":"Coolheaded","floor":1},{"not_picked":["Scrape","Aggregate"],"picked":"Chaos","floor":2},{"not_picked":["Stack","Steam"],"picked":"Redo","floor":4},{"not_picked":["FTL","Rebound"],"picked":"Multi-Cast","floor":5},{"not_picked":["Turbo","Skim"],"picked":"Doom and Gloom","floor":7},{"not_picked":["Sweeping Beam","Streamline"],"picked":"Leap","floor":10},{"not_picked":["White Noise","Barrage"],"picked":"Conserve Battery","floor":11},{"not_picked":["Gash","Beam Cell"],"picked":"Melter","floor":12}],"player_experience":1627826,"relics_obtained":[{"floor":9,"key":"Potion Belt"}],"event_choices":[{"cards_removed":["Strike_B"],"damage_healed":0,"gold_gain":0,"player_choice":"Card Removal","damage_taken":0,"max_hp_gain":0,"max_hp_loss":0,"event_name":"The Cleric","floor":3,"gold_loss":75},{"damage_healed":0,"gold_gain":0,"player_choice":"Fought Mushrooms","damage_taken":0,"max_hp_gain":0,"max_hp_loss":0,"event_name":"Mushrooms","floor":14,"gold_loss":0}],"is_beta":false,"boss_relics":[],"items_purged_floors":[],"is_endless":false,"potions_floor_spawned":[1,7,10,11],"killed_by":"The Mushroom Lair","ascension_level":17}