{"gold_per_floor":[115,126,142,159,170,170,200,29,29,54,54,66,79,79,79,153,153,129,141,56,56,56,83,99,99,99,99,99],"floor_reached":28,"playtime":1598,"items_purged":["Strike_B"],"score":469,"play_id":"584138d7-fbfc-4988-96a5-a88b26216e92","local_time":"20190720004437","is_ascension_mode":true,"campfire_choices":[{"data":"Zap","floor":6,"key":"SMITH"},{"data":"Discovery","floor":11,"key":"SMITH"},{"data":"Echo Form","floor":15,"key":"SMITH"},{"data":"Meteor Strike","floor":25,"key":"SMITH"},{"data":"Auto Shields","floor":27,"key":"SMITH"}],"neow_cost":"TEN_PERCENT_HP_LOSS","seed_source_timestamp":618311577828700,"circlet_count":0,"master_deck":["AscendersBane","Zap+1","Dualcast","Ball Lightning","Steam","Genetic Algorithm","Hologram","Chaos","Conserve Battery","Discovery+1","Leap","Echo Form+1","Double Energy","Multi-Cast","BootSequence","Chaos","Meteor Strike+1","Beam Cell","Machine Learning","Recycle","Reinforced Body","Go for the Eyes","Auto Shields+1","Bite","Bite","Bite","Bite","Bite","Scrape","Doom and Gloom"],"relics":["Cracked Core","FossilizedHelix","Girya","Bottled Flame","Odd Mushroom","Pandora\u0027s Box","Mummified Hand","Dodecahedron","Meat on the Bone"],"potions_floor_usage":[7,12,19],"damage_taken":[{"damage":1,"enemies":"Cultist","floor":1,"turns":4},{"damage":0,"enemies":"Small Slimes","floor":2,"turns":2},{"damage":0,"enemies":"2 Louse","floor":3,"turns":2},{"damage":0,"enemies":"Exordium Wildlife","floor":4,"turns":4},{"damage":5,"enemies":"Gremlin Gang","floor":5,"turns":4},{"damage":3,"enemies":"Lagavulin","floor":7,"turns":6},{"damage":6,"enemies":"The Mushroom Lair","floor":10,"turns":4},{"damage":0,"enemies":"Exordium Thugs","floor":12,"turns":5},{"damage":0,"enemies":"Blue Slaver","floor":13,"turns":4},{"damage":10,"enemies":"The Guardian","floor":16,"turns":11},{"damage":0,"enemies":"2 Thieves","floor":18,"turns":5},{"damage":9,"enemies":"Spheric Guardian","floor":19,"turns":5},{"damage":23,"enemies":"Gremlin Leader","floor":23,"turns":11},{"damage":19,"enemies":"Shelled Parasite and Fungi","floor":24,"turns":5},{"damage":50,"enemies":"3 Cultists","floor":28,"turns":5}],"seed_played":"3332561215161369559","potions_obtained":[{"floor":1,"key":"Dexterity Potion"},{"floor":10,"key":"SkillPotion"},{"floor":16,"key":"Dexterity Potion"}],"is_trial":false,"path_per_floor":["M","M","M","M","M","R","E","$","T","?","R","M","M","?","R","B",null,"M","M","?","?","$","E","M","R","T","R","M"],"character_chosen":"DEFECT","items_purchased":["Discovery"],"campfire_rested":0,"item_purchase_floors":[8],"current_hp_per_floor":[63,63,63,63,58,58,55,55,55,49,49,49,49,54,54,44,63,63,54,54,48,48,47,36,36,36,36,0],"gold":99,"neow_bonus":"ONE_RARE_RELIC","is_prod":false,"is_daily":false,"chose_seed":false,"campfire_upgraded":5,"win_rate":0,"timestamp":1563576277,"path_taken":["M","?","M","M","M","R","E","$","T","?","R","M","M","?","R","BOSS","M","M","?","?","?","E","M","R","T","R","M"],"build_version":"2019-07-17","purchased_purges":1,"victory":false,"max_hp_per_floor":[64,64,64,64,64,64,64,64,64,64,64,64,64,69,69,69,69,69,69,69,48,48,48,48,48,48,48,48],"card_choices":[{"not_picked":["Go for the Eyes","Stack"],"picked":"Ball Lightning","floor":1},{"not_picked":["Redo","Stack"],"picked":"Steam","floor":2},{"not_picked":["Streamline","Rebound"],"picked":"Genetic Algorithm","floor":3},{"not_picked":["Ball Lightning","Recycle"],"picked":"Hologram","floor":4},{"not_picked":["Aggregate","BootSequence"],"picked":"Chaos","floor":5},{"not_picked":["Heatsinks","Fusion"],"picked":"Conserve Battery","floor":7},{"not_picked":["Steam","Streamline"],"picked":"Leap","floor":10},{"not_picked":["Hologram","Scrape"],"picked":"Echo Form","floor":12},{"not_picked":["Force Field","Reinforced Body"],"picked":"Double Energy","floor":13},{"not_picked":["Thunder Strike","Amplify"],"picked":"Multi-Cast","floor":16},{"not_picked":["Double Energy","Stack+1"],"picked":"Go for the Eyes","floor":18},{"not_picked":["Go for the Eyes","Streamline"],"picked":"Auto Shields","floor":19},{"not_picked":["Force Field","Go for the Eyes+1"],"picked":"Scrape","floor":23},{"not_picked":["Beam Cell","Turbo"],"picked":"Doom and Gloom","floor":24}],"player_experience":1699265,"relics_obtained":[{"floor":7,"key":"Girya"},{"floor":9,"key":"Bottled Flame"},{"floor":10,"key":"Odd Mushroom"},{"floor":23,"key":"Dodecahedron"},{"floor":26,"key":"Meat on the Bone"}],"event_choices":[{"damage_healed":0,"gold_gain":0,"player_choice":"Fought Mushrooms","damage_taken":0,"max_hp_gain":0,"max_hp_loss":0,"event_name":"Mushrooms","floor":10,"gold_loss":0},{"damage_healed":0,"gold_gain":0,"player_choice":"Donut","damage_taken":0,"max_hp_gain":5,"max_hp_loss":0,"event_name":"Big Fish","floor":14,"gold_loss":0},{"damage_healed":0,"gold_gain":0,"player_choice":"Obtained Relic","damage_taken":0,"relics_obtained":["Mummified Hand"],"max_hp_gain":0,"max_hp_loss":0,"event_name":"Addict","floor":20,"gold_loss":85},{"damage_healed":0,"gold_gain":0,"player_choice":"Became a vampire","damage_taken":0,"max_hp_gain":0,"max_hp_loss":21,"event_name":"Vampires","floor":21,"gold_loss":0,"cards_obtained":["Bite","Bite","Bite","Bite","Bite"]}],"is_beta":false,"boss_relics":[{"not_picked":["Nuclear Battery","Calling Bell"],"picked":"Pandora\u0027s Box"}],"items_purged_floors":[8],"is_endless":false,"potions_floor_spawned":[1,10,16],"killed_by":"3 Cultists","ascension_level":17}