{"gold_per_floor":[366,382,1,19,19,19,0,0,0,0,0,0,19,33,33,106,106,120,136,152,1,18,18,52,52,79,79,79,79],"floor_reached":29,"playtime":849,"items_purged":["Strike_G","Defend_G"],"score":419,"play_id":"349b070d-b6ce-46ed-8ceb-5d5836d2d490","local_time":"20190630064800","is_ascension_mode":true,"campfire_choices":[{"data":"Neutralize","floor":6,"key":"SMITH"},{"floor":8,"key":"REST"},{"data":"Deadly Poison","floor":10,"key":"SMITH"},{"data":"Catalyst","floor":12,"key":"SMITH"},{"data":"Doppelganger","floor":15,"key":"SMITH"},{"floor":23,"key":"REST"},{"floor":25,"key":"REST"}],"neow_cost":"PERCENT_DAMAGE","seed_source_timestamp":1060344100097799,"circlet_count":0,"master_deck":["AscendersBane","Defend_G","Defend_G","Defend_G","Defend_G","Strike_G+1","Survivor","Neutralize+1","Flying Knee","Catalyst+1","Deadly Poison+1","Quick Slash+1","Doppelganger+1","Backflip","Corpse Explosion","Distraction+1","Underhanded Strike+1","Backflip+1","Footwork","Dagger Spray","Dodge and Roll","Noxious Fumes","Calculated Gamble","Tools of the Trade","Acrobatics","Writhe"],"relics":["Ring of the Snake","Membership Card","Bronze Scales","Smiling Mask","Astrolabe","Snake Skull","Dream Catcher","Regal Pillow","Sundial","Enchiridion"],"potions_floor_usage":[16,16,19,20,20],"damage_taken":[{"damage":5,"enemies":"Cultist","floor":1,"turns":5},{"damage":2,"enemies":"Jaw Worm","floor":2,"turns":5},{"damage":0,"enemies":"2 Louse","floor":4,"turns":2},{"damage":0,"enemies":"2 Fungi Beasts","floor":13,"turns":3},{"damage":0,"enemies":"Exordium Thugs","floor":14,"turns":3},{"damage":14,"enemies":"The Guardian","floor":16,"turns":8},{"damage":16,"enemies":"2 Thieves","floor":18,"turns":4},{"damage":14,"enemies":"Shell Parasite","floor":19,"turns":2},{"damage":5,"enemies":"Centurion and Healer","floor":20,"turns":4},{"damage":19,"enemies":"Sentry and Sphere","floor":22,"turns":7},{"damage":14,"enemies":"Book of Stabbing","floor":24,"turns":5},{"damage":6,"enemies":"Snake Plant","floor":29,"turns":1}],"seed_played":"-5793727698714862410","potions_obtained":[{"floor":1,"key":"SpeedPotion"},{"floor":11,"key":"Poison Potion"},{"floor":11,"key":"Poison Potion"},{"floor":16,"key":"Dexterity Potion"},{"floor":18,"key":"SkillPotion"},{"floor":19,"key":"Poison Potion"}],"is_trial":false,"path_per_floor":["M","M","$","M","?","R","?","R","T","R","?","R","M","M","R","B",null,"M","M","M","$","M","R","E","R","T","?","?","M"],"character_chosen":"THE_SILENT","items_purchased":["Membership Card","Deadly Poison","Bronze Scales","Noxious Fumes","Snake Skull"],"campfire_rested":3,"item_purchase_floors":[3,3,3,21,21],"current_hp_per_floor":[39,37,37,37,17,17,17,36,36,36,36,36,36,36,36,22,55,39,25,20,20,1,20,6,25,25,25,4,0],"gold":79,"neow_bonus":"TWO_FIFTY_GOLD","is_prod":false,"is_daily":false,"chose_seed":false,"campfire_upgraded":4,"win_rate":0,"timestamp":1561870080,"path_taken":["M","M","$","?","?","R","?","R","T","R","?","R","?","M","R","BOSS","M","M","M","$","M","R","E","R","T","?","?","M"],"build_version":"2019-01-23","purchased_purges":2,"victory":false,"max_hp_per_floor":[66,66,66,66,66,66,66,66,66,66,66,66,66,66,66,66,66,66,66,66,66,66,66,66,66,66,66,66,66],"card_choices":[{"not_picked":["Acrobatics","Dagger Throw"],"picked":"Flying Knee","floor":1},{"not_picked":["Cloak And Dagger","Expertise"],"picked":"Catalyst","floor":2},{"not_picked":["Heel Hook","Expertise"],"picked":"Quick Slash","floor":4},{"not_picked":["Slice","PiercingWail"],"picked":"Doppelganger","floor":13},{"not_picked":["Setup","Backstab"],"picked":"Backflip","floor":14},{"not_picked":["Night Terror","Grand Finale"],"picked":"Corpse Explosion","floor":16},{"not_picked":["Backstab","Cloak And Dagger"],"picked":"Footwork","floor":18},{"not_picked":["Expertise","Cloak And Dagger"],"picked":"Dagger Spray","floor":19},{"not_picked":["Infinite Blades","Dagger Throw"],"picked":"Dodge and Roll","floor":20},{"not_picked":["Slice","Dodge and Roll"],"picked":"Calculated Gamble","floor":22},{"not_picked":["Expertise","Bane"],"picked":"Tools of the Trade","floor":24},{"not_picked":["Dagger Spray","Cloak And Dagger"],"picked":"Acrobatics","floor":25}],"player_experience":1512729,"relics_obtained":[{"floor":9,"key":"Smiling Mask"},{"floor":24,"key":"Dream Catcher"},{"floor":26,"key":"Regal Pillow"},{"floor":28,"key":"Enchiridion"}],"event_choices":[{"damage_healed":0,"gold_gain":0,"player_choice":"Entered Light","damage_taken":20,"max_hp_gain":0,"max_hp_loss":0,"event_name":"Shining Light","floor":5,"gold_loss":0,"cards_upgraded":["Quick Slash","Strike_G"]},{"damage_healed":0,"gold_gain":0,"player_choice":"Left Gold","damage_taken":0,"max_hp_gain":0,"max_hp_loss":0,"event_name":"World of Goop","floor":7,"gold_loss":19},{"damage_healed":0,"gold_gain":0,"player_choice":"Got Potions","damage_taken":0,"max_hp_gain":0,"max_hp_loss":0,"event_name":"Lab","floor":11,"gold_loss":0},{"damage_healed":0,"gold_gain":0,"player_choice":"Opened","damage_taken":0,"relics_obtained":["Sundial"],"max_hp_gain":0,"max_hp_loss":0,"event_name":"The Mausoleum","floor":27,"gold_loss":0,"cards_obtained":["Writhe"]},{"damage_healed":0,"gold_gain":0,"player_choice":"Obtained Book","damage_taken":21,"max_hp_gain":0,"max_hp_loss":0,"event_name":"Cursed Tome","floor":28,"gold_loss":0}],"is_beta":false,"boss_relics":[{"not_picked":["Empty Cage","Runic Dome"],"picked":"Astrolabe"}],"items_purged_floors":[3,21],"is_endless":false,"potions_floor_spawned":[1,13,16,18,19],"killed_by":"Snake Plant","ascension_level":16}