{"gold_per_floor":[118,118,132,151,151,151,179,179,225,225,154,167,65,80,80,178,178,165,90,90,105,66,66,94,94,94,104,139,156,35,52,52,151,151,170,190,210,227,12,12,24,41,41,41,56,74,85,185,185,185,185,185,10,43,43],"floor_reached":56,"playtime":3878,"items_purged":["Strike_G","Defend_G","Masterful Stab"],"score":1168,"play_id":"11f12a3b-9fda-41b6-aa89-c538fa3cef5d","local_time":"20190807203213","is_ascension_mode":false,"campfire_choices":[{"data":"Footwork","floor":6.0,"key":"SMITH"},{"data":"Neutralize","floor":8.0,"key":"SMITH"},{"data":"Skewer","floor":10.0,"key":"SMITH"},{"floor":15.0,"key":"REST"},{"data":"Dagger Spray","floor":23,"key":"SMITH"},{"data":"Footwork","floor":25,"key":"SMITH"},{"data":"Accuracy","floor":32,"key":"SMITH"},{"data":"Blade Dance","floor":40,"key":"SMITH"},{"floor":44,"key":"DIG"},{"floor":49,"key":"RECALL"},{"floor":52,"key":"DIG"}],"neow_cost":"NONE","seed_source_timestamp":516471839297733,"circlet_count":0,"master_deck":["Defend_G","Defend_G","Defend_G","Defend_G","Survivor","Neutralize+1","Footwork+1","Skewer+1","Footwork+1","Dagger Spray+1","Backflip","Blur","Blade Dance+1","Backflip","Accuracy+1","Cloak And Dagger+1","Backstab+1","Infinite Blades","Blur","Dodge and Roll","Sucker Punch"],"special_seed":0,"relics":["Busted Crown","Orichalcum","WristBlade","Anchor","Paper Crane","Shovel","Empty Cage","Lantern","Gremlin Horn","Gambling Chip","Bottled Tornado","Shuriken"],"potions_floor_usage":[24,27,31,45,55,55,55],"damage_taken":[{"damage":0.0,"enemies":"Jaw Worm","floor":1.0,"turns":5.0},{"damage":0.0,"enemies":"Small Slimes","floor":3.0,"turns":4.0},{"damage":2.0,"enemies":"Cultist","floor":4.0,"turns":4.0},{"damage":37.0,"enemies":"Gremlin Nob","floor":7.0,"turns":6.0},{"damage":2.0,"enemies":"Lots of Slimes","floor":12.0,"turns":7.0},{"damage":4.0,"enemies":"Gremlin Gang","floor":14.0,"turns":5.0},{"damage":23.0,"enemies":"The Guardian","floor":16.0,"turns":13.0},{"damage":6,"enemies":"2 Thieves","floor":18,"turns":4},{"damage":0,"enemies":"3 Byrds","floor":21,"turns":7},{"damage":3,"enemies":"Book of Stabbing","floor":24,"turns":8},{"damage":0,"enemies":"Sentry and Sphere","floor":27,"turns":8},{"damage":7,"enemies":"Gremlin Leader","floor":28,"turns":11},{"damage":5,"enemies":"Centurion and Healer","floor":29,"turns":5},{"damage":0,"enemies":"3 Cultists","floor":31,"turns":6},{"damage":12,"enemies":"Automaton","floor":33,"turns":14},{"damage":0,"enemies":"Orb Walker","floor":35,"turns":4},{"damage":0,"enemies":"3 Darklings","floor":36,"turns":6},{"damage":0,"enemies":"Maw","floor":37,"turns":8},{"damage":0,"enemies":"4 Shapes","floor":38,"turns":7},{"damage":0,"enemies":"Spire Growth","floor":41,"turns":5},{"damage":0,"enemies":"Transient","floor":42,"turns":5},{"damage":0,"enemies":"3 Darklings","floor":45,"turns":4},{"damage":27,"enemies":"Spire Growth","floor":46,"turns":4},{"damage":0,"enemies":"Sphere and 2 Shapes","floor":47,"turns":4},{"damage":0,"enemies":"Mind Bloom Boss Battle","floor":48,"turns":7},{"damage":5,"enemies":"Awakened One","floor":50,"turns":23},{"damage":57,"enemies":"Shield and Spear","floor":54,"turns":12},{"damage":16,"enemies":"The Heart","floor":55,"turns":12}],"seed_played":"-2061989905026031233","potions_obtained":[{"floor":1.0,"key":"Ancient Potion"},{"floor":16.0,"key":"SpeedPotion"},{"floor":18,"key":"Regen Potion"},{"floor":29,"key":"Block Potion"},{"floor":31,"key":"SpeedPotion"},{"floor":33,"key":"Swift Potion"},{"floor":35,"key":"SteroidPotion"},{"floor":37,"key":"FearPotion"},{"floor":38,"key":"GhostInAJar"},{"floor":45,"key":"PowerPotion"},{"floor":48,"key":"FearPotion"}],"is_trial":false,"path_per_floor":["M","?","M","M","?","R","E","R","T","R","$","M","$","M","R","B",null,"M","?","?","M","$","R","E","R","T","M","E","M","$","M","R","B",null,"M","M","M","M","$","R","M","M","T","R","M","M","M","?","R","B",null,"R","$","E","B",null],"character_chosen":"THE_SILENT","items_purchased":["Footwork","Dagger Spray","Masterful Stab","Backflip","Accuracy","Infinite Blades","Blur","Sucker Punch"],"campfire_rested":1,"item_purchase_floors":[11,13,22,30,30,39,39,53],"current_hp_per_floor":[70,70,70,68,61,61,24,24,24,24,24,22,22,18,39,16,70,64,64,51,51,51,51,48,48,48,63,56,51,51,51,51,39,75,75,75,75,75,75,75,75,75,75,75,75,48,48,48,48,43,75,75,75,18,2],"gold":43,"neow_bonus":"BOSS_RELIC","is_prod":false,"is_daily":false,"chose_seed":false,"campfire_upgraded":7,"win_rate":0,"timestamp":1565235133,"path_taken":["M","?","M","M","?","R","E","R","T","R","$","M","$","M","R","BOSS","M","?","?","?","$","R","E","R","T","M","E","M","$","M","R","BOSS","M","?","M","M","$","R","?","M","T","R","?","M","M","?","R","BOSS","R","$","E","BOSS"],"build_version":"2019-07-17","purchased_purges":3,"victory":true,"max_hp_per_floor":[70,70,70,70,70,70,70,70,70,70,70,70,70,70,70,70,70,70,70,75,75,75,75,75,75,75,75,75,75,75,75,75,75,75,75,75,75,75,75,75,75,75,75,75,75,75,75,75,75,75,75,75,75,75,75],"card_choices":[{"not_picked":[],"picked":"Footwork","floor":1.0},{"not_picked":[],"picked":"Skewer","floor":3.0},{"not_picked":["Acrobatics"],"picked":"SKIP","floor":4.0},{"not_picked":["Acrobatics"],"picked":"SKIP","floor":7.0},{"not_picked":["Reflex"],"picked":"SKIP","floor":12.0},{"not_picked":["Infinite Blades"],"picked":"SKIP","floor":14.0},{"not_picked":[],"picked":"Backflip","floor":18},{"not_picked":["Bane+1"],"picked":"SKIP","floor":21},{"not_picked":[],"picked":"Blur","floor":24},{"not_picked":["Eviscerate"],"picked":"SKIP","floor":27},{"not_picked":[],"picked":"Blade Dance","floor":28},{"not_picked":["Outmaneuver"],"picked":"SKIP","floor":29},{"not_picked":[],"picked":"Cloak And Dagger+1","floor":31},{"not_picked":["Bane"],"picked":"SKIP","floor":35},{"not_picked":["Dagger Throw"],"picked":"SKIP","floor":36},{"not_picked":[],"picked":"Backstab+1","floor":37},{"not_picked":["PiercingWail"],"picked":"SKIP","floor":38},{"not_picked":["Caltrops+1"],"picked":"SKIP","floor":41},{"not_picked":["Deflect+1"],"picked":"SKIP","floor":42},{"not_picked":["Expertise+1"],"picked":"SKIP","floor":45},{"not_picked":[],"picked":"Dodge and Roll","floor":46},{"not_picked":["Bane"],"picked":"SKIP","floor":47},{"not_picked":["Poisoned Stab+1"],"picked":"SKIP","floor":54}],"player_experience":162795,"relics_obtained":[{"floor":7.0,"key":"Orichalcum"},{"floor":24,"key":"Anchor"},{"floor":26,"key":"Paper Crane"},{"floor":28,"key":"Shovel"},{"floor":43,"key":"Lantern"},{"floor":44,"key":"Gremlin Horn"},{"floor":48,"key":"Gambling Chip"},{"floor":52,"key":"Bottled Tornado"},{"floor":54,"key":"Shuriken"}],"event_choices":[{"damage_healed":0.0,"max_hp_gain":0.0,"max_hp_loss":0.0,"gold_gain":0.0,"event_name":"Liars Game","player_choice":"Ignored","floor":2.0,"gold_loss":0.0,"damage_taken":0.0},{"cards_removed":["Strike_G"],"damage_healed":0.0,"max_hp_gain":0.0,"max_hp_loss":0.0,"gold_gain":0.0,"event_name":"Golden Wing","player_choice":"Card Removal","floor":5.0,"gold_loss":0.0,"damage_taken":7.0},{"cards_removed":["Strike_G"],"damage_healed":0,"gold_gain":0,"player_choice":"Gave Gold","damage_taken":0,"max_hp_gain":0,"max_hp_loss":0,"event_name":"Beggar","floor":19,"gold_loss":75},{"damage_healed":0,"gold_gain":0,"player_choice":"Shed Blood","damage_taken":18,"max_hp_gain":5,"max_hp_loss":0,"event_name":"Forgotten Altar","floor":20,"gold_loss":0},{"damage_healed":0,"gold_gain":0,"player_choice":"Fight","damage_taken":0,"max_hp_gain":0,"max_hp_loss":0,"event_name":"MindBloom","floor":48,"gold_loss":0}],"is_beta":false,"boss_relics":[{"not_picked":["Runic Dome","Ectoplasm"],"picked":"WristBlade"},{"not_picked":["Orrery","Tiny House"],"picked":"Empty Cage"}],"items_purged_floors":[13,39,53],"is_endless":false,"potions_floor_spawned":[1,16,18,29,31,33,35,37,38,45,48,54],"ascension_level":0}