{"gold_per_floor":[116,116,191,208,208,236,236,262,262,262,277,277,297,297,297,374,374,384,403,423,0,20,51,51,69,92,92,16,32,32,61,61,135,135,147,222,241,259,259],"floor_reached":39,"playtime":1510,"items_purged":["Strike_B"],"score":818,"play_id":"23dd26c7-55aa-4db3-b6be-daf2c4bcf965","local_time":"20190424044523","is_ascension_mode":true,"campfire_choices":[{"data":"Zap","floor":7.0,"key":"SMITH"},{"data":"Streamline","floor":10.0,"key":"SMITH"},{"data":"Defragment","floor":15.0,"key":"SMITH"},{"floor":24.0,"key":"REST"},{"data":"Biased Cognition","floor":27.0,"key":"SMITH"},{"data":"Consume","floor":30.0,"key":"SMITH"},{"floor":32.0,"key":"REST"}],"neow_cost":"NONE","seed_source_timestamp":108769094076700,"circlet_count":0,"master_deck":["AscendersBane","Strike_B+1","Strike_B+1","Defend_B","Defend_B+1","Defend_B","Defend_B","Zap+1","Dualcast","Streamline+1","Biased Cognition+1","Leap","Coolheaded","Defragment+1","Reprogram","Ball Lightning","Multi-Cast","Cold Snap","Consume+1","Aggregate+1","Loop+1","Redo","Consume+1","Storm+1","Self Repair+1","Static Discharge+1","Auto Shields+1","Loop+1","Buffer+1","Hologram","Melter","Compile Driver"],"special_seed":0,"relics":["Cracked Core","Sundial","Whetstone","Meat on the Bone","Letter Opener","Kunai","Lizard Tail","Frozen Egg 2","War Paint","Omamori","Turnip","Inserter"],"potions_floor_usage":[38,39,39],"damage_taken":[{"damage":0.0,"enemies":"2 Louse","floor":1.0,"turns":2.0},{"damage":2.0,"enemies":"Jaw Worm","floor":4.0,"turns":3.0},{"damage":41.0,"enemies":"3 Sentries","floor":6.0,"turns":8.0},{"damage":13.0,"enemies":"Gremlin Nob","floor":8.0,"turns":4.0},{"damage":0.0,"enemies":"Cultist","floor":11.0,"turns":3.0},{"damage":6.0,"enemies":"Looter","floor":13.0,"turns":3.0},{"damage":0.0,"enemies":"Slime Boss","floor":16.0,"turns":7.0},{"damage":0.0,"enemies":"Spheric Guardian","floor":18.0,"turns":3.0},{"damage":3.0,"enemies":"Shell Parasite","floor":19.0,"turns":5.0},{"damage":14.0,"enemies":"Cultist and Chosen","floor":20.0,"turns":5.0},{"damage":30.0,"enemies":"Sentry and Sphere","floor":22.0,"turns":6.0},{"damage":88.0,"enemies":"Book of Stabbing","floor":23.0,"turns":6.0},{"damage":3.0,"enemies":"Chosen and Byrds","floor":25.0,"turns":4.0},{"damage":3.0,"enemies":"Cultist and Chosen","floor":29.0,"turns":4.0},{"damage":31.0,"enemies":"Gremlin Leader","floor":31.0,"turns":5.0},{"damage":41.0,"enemies":"Automaton","floor":33.0,"turns":9.0},{"damage":22.0,"enemies":"Orb Walker","floor":35.0,"turns":4.0},{"damage":13.0,"enemies":"3 Shapes","floor":37.0,"turns":3.0},{"damage":11,"enemies":"Maw","floor":38,"turns":6},{"damage":74,"enemies":"2 Orb Walkers","floor":39,"turns":3}],"seed_played":"219209051125157711","potions_obtained":[{"floor":1.0,"key":"Regen Potion"},{"floor":6.0,"key":"SkillPotion"},{"floor":13.0,"key":"Fruit Juice"},{"floor":16.0,"key":"Fire Potion"},{"floor":19.0,"key":"Strength Potion"},{"floor":20.0,"key":"SteroidPotion"},{"floor":25.0,"key":"Regen Potion"},{"floor":29.0,"key":"Energy Potion"},{"floor":31.0,"key":"GamblersBrew"},{"floor":33.0,"key":"LiquidBronze"},{"floor":35.0,"key":"FocusPotion"},{"floor":38,"key":"PowerPotion"}],"is_trial":false,"path_per_floor":["M","?","T","M","?","E","R","E","T","R","M","T","M","?","R","B",null,"M","M","M","$","M","E","R","M","T","R","$","M","R","E","R","B",null,"M","?","M","M","?"],"character_chosen":"DEFECT","items_purchased":["Frozen Egg 2","Loop+1","Redo","Static Discharge+1"],"campfire_rested":2,"item_purchase_floors":[21,21,21,28],"current_hp_per_floor":[71,71,71,69,74,48,48,35,35,35,47,47,58,58,58,58,81,81,78,64,64,46,16,42,51,51,51,51,70,70,61,87,56,80,58,50,59,58,0],"gold":259,"neow_bonus":"TEN_PERCENT_HP_BONUS","is_prod":false,"is_daily":false,"chose_seed":false,"campfire_upgraded":5,"win_rate":0,"timestamp":1556073923,"path_taken":["M","?","?","?","?","E","R","E","T","R","M","?","?","?","R","BOSS","M","M","?","$","M","E","R","M","T","R","$","M","R","E","R","BOSS","M","?","?","M","?"],"build_version":"2019-01-23","purchased_purges":1,"victory":false,"max_hp_per_floor":[78,78,78,78,83,83,83,83,83,83,83,83,88,88,88,88,88,88,88,88,88,88,88,88,88,88,88,88,88,88,88,88,88,88,88,88,88,88,88],"card_choices":[{"not_picked":["Storm","Force Field"],"picked":"Streamline","floor":1.0},{"not_picked":["Turbo","Beam Cell"],"picked":"Leap","floor":4.0},{"not_picked":["Go for the Eyes","Heatsinks"],"picked":"Coolheaded","floor":6.0},{"not_picked":["Gash","Meteor Strike"],"picked":"Defragment","floor":8.0},{"not_picked":["Leap","Blizzard"],"picked":"Reprogram","floor":11.0},{"not_picked":["Steam","Barrage"],"picked":"Ball Lightning","floor":13.0},{"not_picked":["Amplify","Meteor Strike"],"picked":"Multi-Cast","floor":16.0},{"not_picked":["Go for the Eyes","Turbo"],"picked":"Cold Snap","floor":18.0},{"not_picked":["Coolheaded","Blizzard+1"],"picked":"Consume","floor":19.0},{"not_picked":["Leap","Turbo+1"],"picked":"Aggregate+1","floor":20.0},{"not_picked":["Go for the Eyes","Ball Lightning"],"picked":"Consume","floor":22.0},{"not_picked":["Genetic Algorithm","Tempest"],"picked":"Storm+1","floor":23.0},{"not_picked":["Redo","Storm+1"],"picked":"Self Repair+1","floor":25.0},{"not_picked":["BootSequence","Machine Learning+1"],"picked":"Auto Shields+1","floor":29.0},{"not_picked":["Recycle","Rebound"],"picked":"Loop+1","floor":31.0},{"not_picked":["Thunder Strike","Fission"],"picked":"Buffer+1","floor":33.0},{"not_picked":["Compile Driver","Streamline"],"picked":"Hologram","floor":35.0},{"not_picked":["Skim","Steam+1"],"picked":"Melter","floor":37},{"not_picked":["FTL","Reprogram"],"picked":"Compile Driver","floor":38}],"player_experience":1063815,"relics_obtained":[{"floor":3.0,"key":"Sundial"},{"floor":6.0,"key":"Whetstone"},{"floor":8.0,"key":"Meat on the Bone"},{"floor":9.0,"key":"Letter Opener"},{"floor":12.0,"key":"Kunai"},{"floor":23.0,"key":"War Paint"},{"floor":26.0,"key":"Omamori"},{"floor":31.0,"key":"Turnip"}],"event_choices":[{"damage_healed":0.0,"max_hp_gain":0.0,"max_hp_loss":0.0,"gold_gain":0.0,"cards_transformed":["Strike_B"],"event_name":"Living Wall","player_choice":"Change","floor":2.0,"gold_loss":0.0,"damage_taken":0.0,"cards_obtained":["Biased Cognition"]},{"damage_healed":0.0,"max_hp_gain":5.0,"max_hp_loss":0.0,"gold_gain":0.0,"event_name":"Big Fish","player_choice":"Donut","floor":5.0,"gold_loss":0.0,"damage_taken":0.0},{"damage_healed":0.0,"max_hp_gain":0.0,"max_hp_loss":0.0,"gold_gain":0.0,"event_name":"The Woman in Blue","player_choice":"Bought 0 Potions","floor":14.0,"gold_loss":0.0,"damage_taken":0.0},{"damage_healed":0.0,"max_hp_gain":0.0,"max_hp_loss":0.0,"gold_gain":75.0,"event_name":"FaceTrader","player_choice":"Touch","floor":36.0,"gold_loss":0.0,"damage_taken":8.0},{"damage_healed":0,"gold_gain":0,"player_choice":"Fight","damage_taken":0,"max_hp_gain":0,"max_hp_loss":0,"event_name":"Mysterious Sphere","floor":39,"gold_loss":0}],"is_beta":false,"boss_relics":[{"not_picked":["Calling Bell","Busted Crown"],"picked":"Lizard Tail"},{"not_picked":["Philosopher\u0027s Stone","Fusion Hammer"],"picked":"Inserter"}],"items_purged_floors":[21],"is_endless":false,"potions_floor_spawned":[1,6,13,16,19,20,25,29,31,33,35,38],"killed_by":"2 Orb Walkers","ascension_level":14}