{"gold_per_floor":[12,12,12,23,23,23,49,49,49,224,224,27,27,27,27,27],"floor_reached":16,"playtime":490,"items_purged":[],"score":94,"play_id":"a985d505-7871-4f24-bb19-b2ab09b399c7","local_time":"20190906003345","is_ascension_mode":false,"campfire_choices":[{"data":"Strike_G","floor":6,"key":"PURGE"},{"data":"Strike_G","floor":8,"key":"PURGE"},{"data":"Strike_G","floor":11,"key":"PURGE"},{"data":"Strike_G","floor":13,"key":"PURGE"},{"data":"Blade Dance","floor":15,"key":"SMITH"}],"neow_cost":"NO_GOLD","seed_source_timestamp":543092915241001,"circlet_count":0,"master_deck":["Strike_G+1","Defend_G","Defend_G","Defend_G","Defend_G","Defend_G","Survivor+1","Neutralize+1","Backflip","Blade Dance+1","PiercingWail"],"relics":["Ring of the Snake","Peace Pipe","Mercury Hourglass","Omamori","Darkstone Periapt","PrismaticShard"],"potions_floor_usage":[7,7],"damage_taken":[{"damage":0,"enemies":"Small Slimes","floor":1,"turns":4},{"damage":0,"enemies":"Jaw Worm","floor":4,"turns":3},{"damage":19,"enemies":"Gremlin Nob","floor":7,"turns":6},{"damage":37,"enemies":"Hexaghost","floor":16,"turns":15}],"seed_played":"-7180899355450437302","potions_obtained":[{"floor":1,"key":"SkillPotion"},{"floor":4,"key":"GhostInAJar"}],"is_trial":false,"path_per_floor":["M","?","T","M","?","R","E","R","T","?","R","$","R","?","R","B"],"character_chosen":"THE_SILENT","items_purchased":["PrismaticShard"],"campfire_rested":0,"item_purchase_floors":[12],"current_hp_per_floor":[70,70,70,70,56,56,37,37,37,37,37,37,37,37,37,0],"gold":27,"neow_bonus":"ONE_RARE_RELIC","is_prod":false,"is_daily":false,"chose_seed":false,"campfire_upgraded":1,"win_rate":0,"timestamp":1567744425,"path_taken":["M","?","?","M","?","R","E","R","T","?","R","$","R","?","R","BOSS"],"build_version":"2019-07-17","purchased_purges":0,"victory":false,"max_hp_per_floor":[70,70,70,70,70,70,70,70,70,70,70,70,70,70,70,70],"card_choices":[{"not_picked":["Eviscerate","Prepared"],"picked":"Backflip","floor":1},{"not_picked":["Quick Slash","Eviscerate"],"picked":"Blade Dance","floor":4},{"not_picked":["Finisher","Quick Slash"],"picked":"PiercingWail","floor":7}],"player_experience":349848,"relics_obtained":[{"floor":3,"key":"Mercury Hourglass"},{"floor":7,"key":"Omamori"},{"floor":9,"key":"Darkstone Periapt"}],"event_choices":[{"damage_healed":0,"gold_gain":0,"player_choice":"Grow","damage_taken":0,"max_hp_gain":0,"max_hp_loss":0,"event_name":"Living Wall","floor":2,"gold_loss":0,"cards_upgraded":["Neutralize"]},{"damage_healed":0,"gold_gain":0,"player_choice":"Entered Light","damage_taken":14,"max_hp_gain":0,"max_hp_loss":0,"event_name":"Shining Light","floor":5,"gold_loss":0,"cards_upgraded":["Strike_G","Survivor"]},{"damage_healed":0,"gold_gain":175,"player_choice":"AGREE","damage_taken":0,"max_hp_gain":0,"max_hp_loss":0,"event_name":"Liars Game","floor":10,"gold_loss":0,"cards_obtained":["Doubt"]},{"damage_healed":0,"gold_gain":0,"player_choice":"Cursed","damage_taken":0,"max_hp_gain":0,"max_hp_loss":0,"event_name":"Wheel of Change","floor":14,"gold_loss":0,"cards_obtained":["Decay"]}],"is_beta":false,"boss_relics":[],"items_purged_floors":[],"is_endless":false,"potions_floor_spawned":[1,4],"killed_by":"Hexaghost","ascension_level":0}