{"gold_per_floor":[110,110,110,120,120,120,139,152,205,223,252,264,277,107,107,211,211,224,242,58,58,58,58],"floor_reached":23,"playtime":704,"items_purged":["Strike_R"],"score":193,"play_id":"749aac10-aaf8-4c94-953e-224da982447f","local_time":"20181224150612","is_ascension_mode":false,"campfire_choices":[{"data":"Demon Form","floor":6.0,"key":"SMITH"},{"data":"Armaments","floor":15.0,"key":"SMITH"}],"neow_cost":"NONE","seed_source_timestamp":193861590858156,"circlet_count":0,"master_deck":["Strike_R","Strike_R","Strike_R","Strike_R","Defend_R","Defend_R","Defend_R","Defend_R","Bash","Shrug It Off","Demon Form+1","Cleave","Spot Weakness","Sword Boomerang","Iron Wave","Inflame","Armaments","Cleave","Metallicize","Armaments+1","Limit Break","Heavy Blade","Thunderclap+1","Reaper","Heavy Blade","Impervious"],"special_seed":0,"relics":["Burning Blood"],"potions_floor_usage":[21],"damage_taken":[{"damage":5.0,"enemies":"2 Louse","floor":1.0,"turns":2.0},{"damage":0.0,"enemies":"Cultist","floor":4.0,"turns":3.0},{"damage":0.0,"enemies":"Small Slimes","floor":7.0,"turns":3.0},{"damage":3.0,"enemies":"Red Slaver","floor":8.0,"turns":3.0},{"damage":23.0,"enemies":"Exordium Thugs","floor":10.0,"turns":6.0},{"damage":36.0,"enemies":"3 Sentries","floor":11.0,"turns":8.0},{"damage":0.0,"enemies":"3 Louse","floor":12.0,"turns":4.0},{"damage":8.0,"enemies":"Red Slaver","floor":13.0,"turns":4.0},{"damage":7.0,"enemies":"Slime Boss","floor":16.0,"turns":8.0},{"damage":19.0,"enemies":"Spheric Guardian","floor":18.0,"turns":4.0},{"damage":35.0,"enemies":"2 Thieves","floor":19.0,"turns":4.0},{"damage":47,"enemies":"Colosseum Slavers","floor":21,"turns":6},{"damage":46,"enemies":"3 Cultists","floor":23,"turns":4}],"seed_played":"5493098332413796420","potions_obtained":[{"floor":4.0,"key":"PowerPotion"},{"floor":8.0,"key":"Energy Potion"},{"floor":11.0,"key":"SpeedPotion"},{"floor":12.0,"key":"Fire Potion"}],"is_trial":false,"path_per_floor":["M","?","?","M","?","R","M","M","T","M","E","M","M","$","R","B",null,"M","M","$","?","?","M"],"character_chosen":"IRONCLAD","items_purchased":["Metallicize","Armaments","Reaper","Heavy Blade"],"campfire_rested":0,"item_purchase_floors":[14,14,20,20],"current_hp_per_floor":[88,88,88,88,80,80,86,88,88,71,41,47,45,45,45,44,88,75,46,46,14,14,0],"gold":58,"neow_bonus":"TEN_PERCENT_HP_BONUS","is_prod":false,"is_daily":false,"chose_seed":false,"campfire_upgraded":2,"win_rate":0,"timestamp":1545660372,"path_taken":["M","?","?","?","?","R","M","?","T","M","E","M","M","$","R","BOSS","M","M","$","?","?","?"],"build_version":"2018-12-20","purchased_purges":1,"victory":false,"max_hp_per_floor":[88,88,88,88,88,88,88,88,88,88,88,88,88,88,88,88,88,88,88,88,88,88,88],"card_choices":[{"not_picked":["Flex","Anger"],"picked":"Shrug It Off","floor":1.0},{"not_picked":["Searing Blow","True Grit"],"picked":"Cleave","floor":4.0},{"not_picked":["Havoc","Hemokinesis"],"picked":"Spot Weakness","floor":7.0},{"not_picked":["Headbutt","Anger"],"picked":"Sword Boomerang","floor":8.0},{"not_picked":["Flame Barrier","Impervious"],"picked":"Iron Wave","floor":10.0},{"not_picked":["Bloodletting","Impervious"],"picked":"Inflame","floor":11.0},{"not_picked":["Pommel Strike","Feel No Pain"],"picked":"Armaments","floor":12.0},{"not_picked":["Corruption","Reckless Charge"],"picked":"Cleave","floor":13.0},{"not_picked":["Bludgeon","Offering"],"picked":"Limit Break","floor":16.0},{"not_picked":["Corruption+1","Thunderclap+1"],"picked":"Heavy Blade","floor":18.0},{"not_picked":["Anger","Power Through+1"],"picked":"Thunderclap+1","floor":19.0}],"player_experience":538281,"relics_obtained":[],"event_choices":[{"damage_healed":0.0,"max_hp_gain":0.0,"max_hp_loss":0.0,"gold_gain":0.0,"event_name":"Scrap Ooze","player_choice":"Fled","floor":2.0,"gold_loss":0.0,"damage_taken":0.0},{"damage_healed":0.0,"max_hp_gain":0.0,"max_hp_loss":0.0,"gold_gain":0.0,"event_name":"Match and Keep!","player_choice":"1 cards matched","floor":3.0,"gold_loss":0.0,"damage_taken":0.0,"cards_obtained":["Demon Form"]},{"damage_healed":0.0,"max_hp_gain":0.0,"max_hp_loss":0.0,"gold_gain":0.0,"event_name":"Wheel of Change","player_choice":"Damaged","floor":5.0,"gold_loss":0.0,"damage_taken":8.0},{"damage_healed":0,"gold_gain":0,"player_choice":"Fight","damage_taken":0,"max_hp_gain":0,"max_hp_loss":0,"event_name":"Colosseum","floor":21,"gold_loss":0},{"damage_healed":0,"gold_gain":0,"player_choice":"Fled From Nobs","damage_taken":0,"max_hp_gain":0,"max_hp_loss":0,"event_name":"Colosseum","floor":21,"gold_loss":0},{"damage_healed":0,"gold_gain":0,"player_choice":"1 cards matched","damage_taken":0,"max_hp_gain":0,"max_hp_loss":0,"event_name":"Match and Keep!","floor":22,"gold_loss":0,"cards_obtained":["Impervious"]}],"is_beta":false,"boss_relics":[{"not_picked":[]}],"items_purged_floors":[14],"is_endless":false,"potions_floor_spawned":[4,8,11,12,16,18],"killed_by":"3 Cultists","ascension_level":0}