{"gold_per_floor":[114,114,39,4,22,22,36,36,59,73,73,102,125,139,139,244,244,214,214,214,114,114,114,114,114,114,114,114,114,114,114,114,114,114,114,114,114,114,114,114,114,114,114,114,114,114,114,114,114,114],"floor_reached":50,"playtime":881,"items_purged":["Defend_R","Strike_R"],"score":524,"play_id":"a6d86acf-ae0c-4d3e-a851-69c1de3b0a0d","local_time":"20190926232254","is_ascension_mode":false,"campfire_choices":[{"data":"Flex","floor":6.0,"key":"SMITH"},{"data":"Bash","floor":8.0,"key":"SMITH"},{"data":"Strike_R","floor":15.0,"key":"PURGE"},{"data":"Strike_R","floor":23.0,"key":"PURGE"},{"data":"Heavy Blade","floor":28.0,"key":"SMITH"},{"data":"Flex","floor":30.0,"key":"SMITH"},{"data":"Strike_R","floor":32.0,"key":"PURGE"},{"data":"Strike_R+1","floor":40,"key":"PURGE"},{"data":"Carnage","floor":42,"key":"PURGE"},{"data":"Bash+1","floor":45,"key":"PURGE"},{"data":"Heavy Blade","floor":47,"key":"SMITH"},{"data":"Defend_R+1","floor":49,"key":"PURGE"}],"neow_cost":"NONE","seed_source_timestamp":3903323305163,"circlet_count":0,"master_deck":["Flex+1","Heavy Blade+1","Heavy Blade+1","Flex+1","Flex+1"],"special_seed":0,"relics":["Burning Blood","NeowsBlessing","Blood Vial","Peace Pipe","Odd Mushroom","Ectoplasm","Bag of Preparation","Centennial Puzzle","Empty Cage","Smiling Mask","Pen Nib"],"potions_floor_usage":[41,50,50],"damage_taken":[{"damage":0.0,"enemies":"Small Slimes","floor":1.0,"turns":1.0},{"damage":0.0,"enemies":"Jaw Worm","floor":5.0,"turns":1.0},{"damage":0.0,"enemies":"2 Louse","floor":7.0,"turns":1.0},{"damage":6.0,"enemies":"Lots of Slimes","floor":10.0,"turns":4.0},{"damage":16.0,"enemies":"Lagavulin","floor":12.0,"turns":5.0},{"damage":14.0,"enemies":"The Mushroom Lair","floor":13.0,"turns":4.0},{"damage":2.0,"enemies":"Looter","floor":14.0,"turns":2.0},{"damage":40.0,"enemies":"The Guardian","floor":16.0,"turns":8.0},{"damage":10.0,"enemies":"2 Thieves","floor":18.0,"turns":3.0},{"damage":12.0,"enemies":"3 Byrds","floor":19.0,"turns":6.0},{"damage":0.0,"enemies":"Snecko","floor":22.0,"turns":2.0},{"damage":8.0,"enemies":"Snake Plant","floor":24.0,"turns":3.0},{"damage":0.0,"enemies":"3 Cultists","floor":27.0,"turns":4.0},{"damage":2.0,"enemies":"Cultist and Chosen","floor":29.0,"turns":3.0},{"damage":0.0,"enemies":"Shelled Parasite and Fungi","floor":31.0,"turns":2.0},{"damage":50.0,"enemies":"Automaton","floor":33.0,"turns":6.0},{"damage":0.0,"enemies":"Orb Walker","floor":35.0,"turns":1.0},{"damage":6,"enemies":"3 Shapes","floor":39,"turns":3},{"damage":0,"enemies":"Reptomancer","floor":41,"turns":1},{"damage":32,"enemies":"Writhing Mass","floor":44,"turns":2},{"damage":0,"enemies":"3 Darklings","floor":46,"turns":2},{"damage":0,"enemies":"Transient","floor":48,"turns":5},{"damage":77,"enemies":"Awakened One","floor":50,"turns":4}],"seed_played":"-1790562469823190166","potions_obtained":[{"floor":1.0,"key":"Block Potion"},{"floor":5.0,"key":"Weak Potion"},{"floor":14.0,"key":"SkillPotion"},{"floor":16.0,"key":"BloodPotion"},{"floor":18.0,"key":"DuplicationPotion"},{"floor":24.0,"key":"Energy Potion"},{"floor":27.0,"key":"GamblersBrew"},{"floor":29.0,"key":"Fire Potion"},{"floor":35.0,"key":"FearPotion"},{"floor":41,"key":"Strength Potion"},{"floor":46,"key":"SkillPotion"}],"is_trial":false,"path_per_floor":["M","?","$","?","M","R","M","R","T","M","$","E","?","M","R","B",null,"M","M","?","$","M","R","M","?","T","M","R","M","R","M","R","B",null,"M","?","$","?","M","R","E","R","T","M","R","M","R","M","R","B"],"character_chosen":"IRONCLAD","items_purchased":[],"campfire_rested":0,"item_purchase_floors":[],"current_hp_per_floor":[80,64,64,80,80,80,80,80,80,80,80,70,64,70,70,38,80,76,80,80,80,80,80,78,78,78,80,80,80,80,80,80,36,80,80,80,80,80,80,80,80,80,80,54,54,62,62,70,70,0],"gold":114,"neow_bonus":"THREE_ENEMY_KILL","is_prod":false,"is_daily":false,"chose_seed":false,"campfire_upgraded":5,"win_rate":0,"timestamp":1569561774,"path_taken":["M","?","$","?","M","R","M","R","T","M","?","E","?","M","R","BOSS","M","M","?","$","?","R","M","?","T","M","R","M","R","M","R","BOSS","M","?","$","?","?","R","E","R","T","M","R","M","R","M","R","BOSS"],"build_version":"2019-09-26","purchased_purges":2,"victory":false,"max_hp_per_floor":[80,80,80,80,80,80,80,80,80,80,80,80,80,80,80,80,80,80,80,80,80,80,80,80,80,80,80,80,80,80,80,80,80,80,80,80,80,80,80,80,80,80,80,80,80,80,80,80,80,80],"card_choices":[{"not_picked":["Battle Trance","Iron Wave"],"picked":"Flex","floor":1.0},{"not_picked":["Havoc","Rupture"],"picked":"Carnage","floor":5.0},{"not_picked":["Entrench","Power Through","Burning Pact"],"picked":"SKIP","floor":7.0},{"not_picked":["Reckless Charge","Power Through"],"picked":"Heavy Blade","floor":10.0},{"not_picked":["Armaments","Perfected Strike","Evolve"],"picked":"SKIP","floor":12.0},{"not_picked":["Entrench","Bloodletting"],"picked":"Heavy Blade","floor":14.0},{"not_picked":["Thunderclap+1","Seeing Red"],"picked":"Flex","floor":18.0},{"not_picked":["Shockwave+1","Heavy Blade","Clash+1"],"picked":"SKIP","floor":19.0},{"not_picked":["Rage","Corruption+1","Wild Strike"],"picked":"SKIP","floor":22.0},{"not_picked":["Heavy Blade","Clash","Carnage"],"picked":"SKIP","floor":24.0},{"not_picked":["Ghostly Armor","Twin Strike","Anger"],"picked":"SKIP","floor":27.0},{"not_picked":["Twin Strike","True Grit","Dropkick"],"picked":"SKIP","floor":29.0},{"not_picked":["Combust","Rampage","Flex"],"picked":"SKIP","floor":31.0},{"not_picked":["Entrench+1","Headbutt","Clash"],"picked":"SKIP","floor":35.0},{"not_picked":["Reckless Charge+1","Thunderclap","Headbutt"],"picked":"SKIP","floor":39},{"not_picked":["Disarm+1","Pommel Strike+1","Flex"],"picked":"SKIP","floor":41},{"not_picked":["Flex","Body Slam+1","Seeing Red+1"],"picked":"SKIP","floor":44},{"not_picked":["Sentinel+1","Blood for Blood+1","Pommel Strike"],"picked":"SKIP","floor":46},{"not_picked":["Metallicize","Anger+1","Clothesline+1"],"picked":"SKIP","floor":48}],"player_experience":1588020,"relics_obtained":[{"floor":9.0,"key":"Blood Vial"},{"floor":12.0,"key":"Peace Pipe"},{"floor":13.0,"key":"Odd Mushroom"},{"floor":26.0,"key":"Centennial Puzzle"},{"floor":41,"key":"Smiling Mask"},{"floor":43,"key":"Pen Nib"}],"event_choices":[{"damage_healed":0.0,"max_hp_gain":0.0,"max_hp_loss":0.0,"gold_gain":0.0,"event_name":"Shining Light","player_choice":"Entered Light","floor":2.0,"gold_loss":0.0,"damage_taken":16.0,"cards_upgraded":["Defend_R","Strike_R"]},{"damage_healed":20.0,"max_hp_gain":0.0,"max_hp_loss":0.0,"gold_gain":0.0,"event_name":"The Cleric","player_choice":"Healed","floor":4.0,"gold_loss":35.0,"damage_taken":0.0},{"damage_healed":0.0,"max_hp_gain":0.0,"max_hp_loss":0.0,"gold_gain":0.0,"event_name":"Mushrooms","player_choice":"Fought Mushrooms","floor":13.0,"gold_loss":0.0,"damage_taken":0.0},{"damage_healed":0.0,"max_hp_gain":0.0,"max_hp_loss":0.0,"gold_gain":0.0,"event_name":"WeMeetAgain","player_choice":"Gave Potion","floor":20.0,"gold_loss":0.0,"damage_taken":0.0,"relics_obtained":["Bag of Preparation"]},{"damage_healed":0.0,"max_hp_gain":0.0,"max_hp_loss":0.0,"gold_gain":0.0,"event_name":"Vampires","player_choice":"Ignored","floor":25.0,"gold_loss":0.0,"damage_taken":0.0},{"damage_healed":0.0,"max_hp_gain":0.0,"max_hp_loss":0.0,"gold_gain":0.0,"event_name":"SensoryStone","player_choice":"Memory 1","floor":36.0,"gold_loss":0.0,"damage_taken":0.0},{"damage_healed":0,"gold_gain":0,"player_choice":"Copied","damage_taken":0,"max_hp_gain":0,"max_hp_loss":0,"event_name":"Duplicator","floor":38,"gold_loss":0,"cards_obtained":["Flex"]}],"is_beta":true,"boss_relics":[{"not_picked":["Astrolabe","Runic Dome"],"picked":"Ectoplasm"},{"not_picked":["Philosopher\u0027s Stone","Tiny House"],"picked":"Empty Cage"}],"items_purged_floors":[3,21],"is_endless":false,"potions_floor_spawned":[1,5,14,16,18,24,27,29,35,41,46],"killed_by":"Awakened One","ascension_level":0}