{"gold_per_floor":[209,20,38,49,49,49,61,61,61,93,93,118,138,173,173,173],"floor_reached":16,"playtime":661,"items_purged":["Strike_B"],"score":216,"play_id":"df4d1381-6503-4346-b49b-5359199f8a90","local_time":"20190623164609","is_ascension_mode":true,"campfire_choices":[{"data":"Zap","floor":6,"key":"SMITH"},{"data":"White Noise","floor":8,"key":"SMITH"},{"floor":11,"key":"REST"},{"floor":15,"key":"REST"}],"neow_cost":"NONE","seed_source_timestamp":491610953022500,"circlet_count":0,"master_deck":["AscendersBane","Strike_B","Strike_B","Defend_B","Defend_B","Defend_B","Defend_B","Zap+1","Dualcast","Conserve Battery","Loop","Cold Snap","Genetic Algorithm","White Noise+1","Beam Cell","BootSequence","Auto Shields","Compile Driver","Storm","Coolheaded+1"],"relics":["Cracked Core","Prayer Wheel","WingedGreaves","Sundial","Toxic Egg 2"],"potions_floor_usage":[10,12,14],"damage_taken":[{"damage":12,"enemies":"Jaw Worm","floor":1,"turns":3},{"damage":7,"enemies":"Small Slimes","floor":3,"turns":3},{"damage":3,"enemies":"Cultist","floor":4,"turns":4},{"damage":3,"enemies":"Looter","floor":7,"turns":3},{"damage":12,"enemies":"Lagavulin","floor":10,"turns":8},{"damage":3,"enemies":"3 Sentries","floor":12,"turns":8},{"damage":6,"enemies":"3 Louse","floor":13,"turns":4},{"damage":24,"enemies":"Gremlin Nob","floor":14,"turns":5},{"damage":33,"enemies":"Hexaghost","floor":16,"turns":14}],"seed_played":"2046248643662386344","potions_obtained":[{"floor":3,"key":"AttackPotion"},{"floor":10,"key":"AttackPotion"},{"floor":13,"key":"LiquidBronze"}],"is_trial":false,"path_per_floor":["M","$","M","M","?","R","M","R","T","E","R","E","M","E","R","B"],"character_chosen":"DEFECT","items_purchased":["Loop","Cold Snap"],"campfire_rested":2,"item_purchase_floors":[2,2],"current_hp_per_floor":[52,52,45,42,35,35,32,32,32,20,41,38,32,8,29,0],"gold":173,"neow_bonus":"HUNDRED_GOLD","is_prod":false,"is_daily":false,"chose_seed":false,"campfire_upgraded":2,"win_rate":0,"timestamp":1561301169,"path_taken":["M","$","M","M","?","R","M","R","T","E","R","E","M","E","R","BOSS"],"build_version":"2019-01-23","purchased_purges":1,"victory":false,"max_hp_per_floor":[71,71,71,71,71,71,71,71,71,71,71,71,71,71,71,71],"card_choices":[{"not_picked":["Steam","Turbo"],"picked":"Conserve Battery","floor":1},{"not_picked":["Turbo","Hello World"],"picked":"Genetic Algorithm","floor":3},{"not_picked":["Compile Driver","Gash"],"picked":"White Noise","floor":4},{"not_picked":["Steam","Heatsinks"],"picked":"Beam Cell","floor":7},{"not_picked":["Loop","Go for the Eyes"],"picked":"BootSequence","floor":10},{"not_picked":["Genetic Algorithm","Beam Cell"],"picked":"Auto Shields","floor":12},{"not_picked":["Stack","FTL"],"picked":"Compile Driver","floor":13},{"not_picked":["Storm","Beam Cell","Doom and Gloom"],"picked":"SKIP","floor":13},{"not_picked":["Beam Cell","Doom and Gloom"],"picked":"Storm","floor":13},{"not_picked":["Skim","Reinforced Body"],"picked":"Coolheaded","floor":14}],"player_experience":1462266,"relics_obtained":[{"floor":9,"key":"Prayer Wheel"},{"floor":10,"key":"WingedGreaves"},{"floor":12,"key":"Sundial"},{"floor":14,"key":"Toxic Egg 2"}],"event_choices":[{"cards_removed":["Strike_B"],"damage_healed":0,"gold_gain":0,"player_choice":"Card Removal","damage_taken":7,"max_hp_gain":0,"max_hp_loss":0,"event_name":"Golden Wing","floor":5,"gold_loss":0}],"is_beta":false,"boss_relics":[],"items_purged_floors":[2],"is_endless":false,"potions_floor_spawned":[3,10,13],"killed_by":"Hexaghost","ascension_level":16}