{"gold_per_floor":[112,287,287,297,36,36,71,71,71,90,90,90,104,135,135,261,261,274,299,299,41,59,59,59,59],"floor_reached":25,"playtime":993,"items_purged":["Doubt","Injury"],"score":334,"play_id":"07c40a52-28bd-442c-a19a-6f29b4530132","local_time":"20190221031924","is_ascension_mode":true,"campfire_choices":[{"data":"Bash","floor":6,"key":"SMITH"},{"data":"Armaments","floor":12,"key":"SMITH"},{"data":"Barricade","floor":15,"key":"SMITH"},{"data":"Corruption","floor":23,"key":"SMITH"}],"neow_cost":"PERCENT_DAMAGE","seed_source_timestamp":84634334374700,"circlet_count":0,"master_deck":["AscendersBane","Strike_R","Strike_R","Strike_R","Defend_R","Defend_R","Defend_R","Defend_R","Bash+1","Dropkick","Flame Barrier","Wild Strike","Corruption+1","Barricade+1","Disarm","Armaments+1","Headbutt","Rage","Inflame","Juggernaut","Iron Wave","Anger","Feel No Pain","Burning Pact","Body Slam","Bloodletting","Anger"],"relics":["Burning Blood","Centennial Puzzle","Art of War","Golden Idol","Paper Frog","Shuriken","Busted Crown","Letter Opener"],"potions_floor_usage":[7,25],"damage_taken":[{"damage":0,"enemies":"Jaw Worm","floor":1,"turns":4},{"damage":0,"enemies":"2 Louse","floor":4,"turns":2},{"damage":4,"enemies":"Lagavulin","floor":7,"turns":7},{"damage":0,"enemies":"Small Slimes","floor":10,"turns":3},{"damage":2,"enemies":"3 Louse","floor":13,"turns":5},{"damage":48,"enemies":"Gremlin Nob","floor":14,"turns":6},{"damage":23,"enemies":"Hexaghost","floor":16,"turns":13},{"damage":3,"enemies":"3 Byrds","floor":18,"turns":6},{"damage":4,"enemies":"Chosen","floor":19,"turns":7},{"damage":38,"enemies":"3 Cultists","floor":22,"turns":6},{"damage":41,"enemies":"Book of Stabbing","floor":25,"turns":6}],"seed_played":"-2427515556762246423","potions_obtained":[{"floor":4,"key":"LiquidBronze"},{"floor":10,"key":"Ancient Potion"},{"floor":16,"key":"Dexterity Potion"}],"is_trial":false,"path_per_floor":["M","?","?","M","$","R","E","?","T","M","?","R","M","E","R","B",null,"M","M","?","$","M","R","?","E"],"character_chosen":"IRONCLAD","items_purchased":["Barricade","Disarm","Feel No Pain","Burning Pact","Body Slam"],"campfire_rested":0,"item_purchase_floors":[5,5,21,21,21],"current_hp_per_floor":[57,57,45,51,51,51,53,53,53,59,64,64,68,26,26,9,66,69,71,71,71,39,39,39,0],"gold":59,"neow_bonus":"TRANSFORM_TWO_CARDS","is_prod":false,"is_daily":false,"chose_seed":false,"campfire_upgraded":4,"win_rate":0,"timestamp":1550715564,"path_taken":["M","?","?","M","$","R","E","?","T","M","?","R","?","E","R","BOSS","M","M","?","$","M","R","?","E"],"build_version":"2019-01-23","purchased_purges":2,"victory":false,"max_hp_per_floor":[80,80,80,80,80,80,80,80,80,80,85,85,85,85,85,85,85,85,85,85,85,85,85,85,85],"card_choices":[{"not_picked":["Warcry","Clash"],"picked":"Wild Strike","floor":1},{"not_picked":["Battle Trance","Fire Breathing"],"picked":"Corruption","floor":4},{"not_picked":["Thunderclap","Flex"],"picked":"Armaments","floor":7},{"not_picked":["Clash","Corruption"],"picked":"Headbutt","floor":10},{"not_picked":["Thunderclap","Headbutt"],"picked":"Rage","floor":13},{"not_picked":["Wild Strike","Corruption"],"picked":"Inflame","floor":14},{"not_picked":["Reaper","Offering"],"picked":"Juggernaut","floor":16},{"not_picked":[],"picked":"Iron Wave","floor":18},{"not_picked":[],"picked":"Anger","floor":19},{"not_picked":[],"picked":"Bloodletting","floor":22}],"player_experience":828154,"relics_obtained":[{"floor":7,"key":"Art of War"},{"floor":9,"key":"Paper Frog"},{"floor":14,"key":"Shuriken"}],"event_choices":[{"damage_healed":0,"gold_gain":175,"player_choice":"AGREE","damage_taken":0,"max_hp_gain":0,"max_hp_loss":0,"event_name":"Liars Game","floor":2,"gold_loss":0,"cards_obtained":["Doubt"]},{"damage_healed":0,"gold_gain":0,"player_choice":"Success","damage_taken":12,"relics_obtained":["Centennial Puzzle"],"max_hp_gain":0,"max_hp_loss":0,"event_name":"Scrap Ooze","floor":3,"gold_loss":0},{"damage_healed":0,"gold_gain":0,"player_choice":"Take Wound","damage_taken":0,"relics_obtained":["Golden Idol"],"max_hp_gain":0,"max_hp_loss":0,"event_name":"Golden Idol","floor":8,"gold_loss":0,"cards_obtained":["Injury"]},{"damage_healed":0,"gold_gain":0,"player_choice":"Donut","damage_taken":0,"max_hp_gain":5,"max_hp_loss":0,"event_name":"Big Fish","floor":11,"gold_loss":0},{"damage_healed":0,"gold_gain":0,"player_choice":"Opened","damage_taken":0,"relics_obtained":["Letter Opener"],"max_hp_gain":0,"max_hp_loss":0,"event_name":"The Mausoleum","floor":20,"gold_loss":0},{"damage_healed":0,"gold_gain":0,"player_choice":"Copied","damage_taken":0,"max_hp_gain":0,"max_hp_loss":0,"event_name":"Duplicator","floor":24,"gold_loss":0,"cards_obtained":["Anger"]}],"is_beta":false,"boss_relics":[{"not_picked":["Runic Dome","Runic Cube"],"picked":"Busted Crown"}],"items_purged_floors":[5,21],"is_endless":false,"potions_floor_spawned":[4,10,16,18],"killed_by":"Book of Stabbing","ascension_level":12}