{"gold_per_floor":[114,130,130,205,260,260,19,19,43,43,58,58,58,58,58,129,129,143,143,8,8,23,23,39,39,88,101,101],"floor_reached":28,"playtime":713,"items_purged":["Strike_B"],"score":377,"play_id":"004c3437-c07d-4d50-a7c5-0b0ec931802c","local_time":"20190807000637","is_ascension_mode":true,"campfire_choices":[{"data":"Zap","floor":6,"key":"SMITH"},{"data":"Loop","floor":8,"key":"SMITH"},{"data":"Coolheaded","floor":10,"key":"SMITH"},{"data":"Gash","floor":12,"key":"SMITH"},{"floor":15,"key":"REST"},{"data":"Ghostly","floor":23,"key":"SMITH"},{"data":"Rainbow","floor":25,"key":"SMITH"}],"neow_cost":"PERCENT_DAMAGE","seed_source_timestamp":371236472340400,"circlet_count":0,"master_deck":["AscendersBane","Strike_B","Strike_B","Defend_B","Defend_B","Defend_B","Zap+1","Dualcast","Lockon","Coolheaded+1","Loop+1","Gash+1","Stack","Rainbow+1","BootSequence+1","Gash","Redo","Cold Snap","Ghostly","Ghostly","Ghostly+1","Conserve Battery+1","Auto Shields","Core Surge"],"relics":["Cracked Core","Tiny Chest","Omamori","Potion Belt","Ornamental Fan","Black Star","Girya","Anchor"],"potions_floor_usage":[16,28,28],"damage_taken":[{"damage":0,"enemies":"Cultist","floor":1,"turns":4},{"damage":7,"enemies":"Jaw Worm","floor":2,"turns":3},{"damage":5,"enemies":"2 Louse","floor":11,"turns":3},{"damage":2,"enemies":"The Guardian","floor":16,"turns":12},{"damage":13,"enemies":"Spheric Guardian","floor":18,"turns":4},{"damage":6,"enemies":"Shell Parasite","floor":22,"turns":5},{"damage":13,"enemies":"Snake Plant","floor":24,"turns":5},{"damage":12,"enemies":"Sentry and Sphere","floor":27,"turns":9},{"damage":29,"enemies":"3 Cultists","floor":28,"turns":4}],"seed_played":"-7120369992319767350","potions_obtained":[{"floor":11,"key":"Weak Potion"},{"floor":18,"key":"Poison Potion"},{"floor":27,"key":"Regen Potion"}],"is_trial":false,"path_per_floor":["M","M","$","?","T","R","$","R","T","R","M","R","T","$","R","B",null,"M","T","$","?","M","R","M","R","T","M","M"],"character_chosen":"DEFECT","items_purchased":["Omamori","Gash","Redo","Cold Snap"],"campfire_rested":1,"item_purchase_floors":[7,20,20,20],"current_hp_per_floor":[46,39,39,28,28,28,28,28,28,28,23,23,23,23,44,42,64,51,51,51,35,29,29,16,16,16,4,0],"gold":101,"neow_bonus":"TRANSFORM_TWO_CARDS","is_prod":false,"is_daily":false,"chose_seed":false,"campfire_upgraded":6,"win_rate":0,"timestamp":1565129197,"path_taken":["M","M","?","?","?","R","$","R","T","R","M","R","?","?","R","BOSS","M","?","$","?","M","R","M","R","T","M","?"],"build_version":"2019-07-17","purchased_purges":1,"victory":false,"max_hp_per_floor":[71,71,71,71,71,71,71,71,71,71,71,71,71,71,71,71,71,71,71,71,35,35,35,35,35,35,35,35],"card_choices":[{"not_picked":["Coolheaded","Ball Lightning"],"picked":"Loop","floor":1},{"not_picked":["Sweeping Beam","Steam"],"picked":"Gash","floor":2},{"not_picked":["Reprogram","Hello World"],"picked":"Stack","floor":11},{"not_picked":["Fission","Amplify"],"picked":"Rainbow","floor":16},{"not_picked":["Redo","Glacier"],"picked":"BootSequence+1","floor":18},{"not_picked":["Leap+1","Beam Cell"],"picked":"Conserve Battery+1","floor":22},{"not_picked":["Streamline","Reprogram"],"picked":"Auto Shields","floor":24},{"not_picked":["Compile Driver","Steam"],"picked":"Core Surge","floor":27}],"player_experience":1794738,"relics_obtained":[{"floor":5,"key":"Tiny Chest"},{"floor":9,"key":"Potion Belt"},{"floor":13,"key":"Ornamental Fan"},{"floor":19,"key":"Girya"},{"floor":26,"key":"Anchor"}],"event_choices":[{"damage_healed":0,"gold_gain":75,"player_choice":"Gather Gold","damage_taken":11,"max_hp_gain":0,"max_hp_loss":0,"event_name":"World of Goop","floor":4,"gold_loss":0},{"damage_healed":0,"gold_gain":0,"player_choice":"Became a Ghost","damage_taken":0,"max_hp_gain":0,"max_hp_loss":36,"event_name":"Ghosts","floor":21,"gold_loss":0,"cards_obtained":["Ghostly","Ghostly","Ghostly"]}],"is_beta":false,"boss_relics":[{"not_picked":["Snecko Eye","Ectoplasm"],"picked":"Black Star"}],"items_purged_floors":[7],"is_endless":false,"potions_floor_spawned":[11,18,27],"killed_by":"3 Cultists","ascension_level":17}