{"gold_per_floor":[114,114,124,124,135,149,159,159,159,176,191,209,220,170,170,269,269,286,385,385,397,249,104,104,50,50,62,79,79,96,107,107,209,209,227,227,28,55,69,69,98,98,98,98],"floor_reached":44,"playtime":1141,"items_purged":["Strike_R","Strike_R","Strike_R"],"score":484,"play_id":"f8539fbb-a40b-4aab-b7b8-024183ae1267","local_time":"20190709220257","is_ascension_mode":false,"campfire_choices":[{"floor":15,"key":"REST"},{"data":"Heavy Blade","floor":29,"key":"SMITH"},{"floor":32,"key":"REST"},{"floor":40,"key":"REST"}],"neow_cost":"NONE","seed_source_timestamp":1125115957660463,"circlet_count":0,"master_deck":["Defend_R","Defend_R","Defend_R","Defend_R","Bash","Iron Wave","Flex","Thunderclap","Rampage","Spot Weakness+1","Dark Shackles","Carnage","Headbutt","Cleave","Immolate","Flex","Flex","Sword Boomerang","Sword Boomerang","Heavy Blade+1","Whirlwind","Carnage","Flame Barrier","Limit Break","Flex","Battle Trance","Sword Boomerang","Infernal Blade+1","Parasite"],"relics":["Burning Blood","Singing Bowl","Gremlin Horn","Lizard Tail","Paper Frog","Sozu","Potion Belt","Pantograph","Meat on the Bone"],"potions_floor_usage":[16,27,27,30,31,44],"damage_taken":[{"damage":5,"enemies":"Cultist","floor":1,"turns":4},{"damage":17,"enemies":"Small Slimes","floor":3,"turns":4},{"damage":0,"enemies":"2 Louse","floor":5,"turns":2},{"damage":16,"enemies":"Red Slaver","floor":6,"turns":3},{"damage":23,"enemies":"Large Slime","floor":7,"turns":5},{"damage":10,"enemies":"Looter","floor":10,"turns":2},{"damage":0,"enemies":"Lots of Slimes","floor":11,"turns":1},{"damage":16,"enemies":"Red Slaver","floor":12,"turns":3},{"damage":15,"enemies":"2 Fungi Beasts","floor":13,"turns":3},{"damage":39,"enemies":"Hexaghost","floor":16,"turns":9},{"damage":0,"enemies":"Chosen","floor":18,"turns":4},{"damage":22,"enemies":"Spheric Guardian","floor":21,"turns":4},{"damage":29,"enemies":"Shelled Parasite and Fungi","floor":27,"turns":4},{"damage":16,"enemies":"Snake Plant","floor":28,"turns":3},{"damage":16,"enemies":"Centurion and Healer","floor":30,"turns":4},{"damage":13,"enemies":"3 Cultists","floor":31,"turns":3},{"damage":79,"enemies":"Collector","floor":33,"turns":8},{"damage":16,"enemies":"3 Shapes","floor":35,"turns":3},{"damage":27,"enemies":"3 Darklings","floor":39,"turns":3},{"damage":100,"enemies":"Nemesis","floor":41,"turns":8},{"damage":71,"enemies":"Writhing Mass","floor":44,"turns":7}],"seed_played":"-5535446642108687831","potions_obtained":[{"floor":6,"key":"FairyPotion"},{"floor":10,"key":"Regen Potion"},{"floor":11,"key":"Swift Potion"},{"floor":12,"key":"GamblersBrew"},{"floor":13,"key":"Strength Potion"},{"floor":21,"key":"Strength Potion"},{"floor":27,"key":"EssenceOfSteel"},{"floor":28,"key":"PowerPotion"},{"floor":30,"key":"SkillPotion"}],"is_trial":false,"path_per_floor":["M","T","M","?","M","M","M","?","T","M","M","M","M","?","R","B",null,"M","?","?","M","$","$","?","$","T","M","M","R","M","M","R","B",null,"M","?","$","T","M","R","E","?","T","M"],"character_chosen":"IRONCLAD","items_purchased":["Flex","Sword Boomerang","Sword Boomerang","Heavy Blade","Battle Trance"],"campfire_rested":3,"item_purchase_floors":[22,22,23,25,37],"current_hp_per_floor":[80,80,69,62,70,60,43,43,43,39,47,37,30,30,55,22,86,86,86,86,72,72,72,72,72,72,58,48,48,38,33,60,15,90,80,80,80,80,59,86,41,41,41,0],"gold":98,"neow_bonus":"THREE_CARDS","is_prod":false,"is_daily":false,"chose_seed":false,"campfire_upgraded":1,"win_rate":0,"timestamp":1562724177,"path_taken":["M","?","?","?","M","M","M","?","T","M","M","M","?","?","R","BOSS","M","?","?","?","?","$","?","$","T","M","M","R","M","M","R","BOSS","M","?","$","?","M","R","E","?","T","?"],"build_version":"2019-07-05","purchased_purges":3,"victory":false,"max_hp_per_floor":[80,80,80,80,82,82,82,82,82,82,84,84,86,86,86,86,86,86,86,86,88,88,88,88,88,88,88,88,88,88,90,90,90,90,90,90,90,90,90,90,90,90,90,90],"card_choices":[{"not_picked":["Warcry","Entrench"],"picked":"Iron Wave","floor":0},{"not_picked":["Pommel Strike","Warcry"],"picked":"Flex","floor":1},{"not_picked":["Rupture","Pommel Strike"],"picked":"Thunderclap","floor":3},{"not_picked":["Shockwave","True Grit","Entrench"],"picked":"Singing Bowl","floor":5},{"not_picked":["Armaments","Flame Barrier"],"picked":"Rampage","floor":6},{"not_picked":["Havoc","Seeing Red"],"picked":"Spot Weakness","floor":7},{"not_picked":["Sword Boomerang","Spot Weakness"],"picked":"Headbutt","floor":10},{"not_picked":["Pommel Strike","Dual Wield","Clash"],"picked":"Singing Bowl","floor":11},{"not_picked":["Wild Strike","Twin Strike"],"picked":"Cleave","floor":12},{"not_picked":["Shrug It Off","Reckless Charge","Iron Wave"],"picked":"Singing Bowl","floor":13},{"not_picked":["Offering","Demon Form"],"picked":"Immolate","floor":16},{"not_picked":["Clothesline","Hemokinesis+1"],"picked":"Flex","floor":18},{"not_picked":["Wild Strike","Intimidate","Body Slam"],"picked":"Singing Bowl","floor":21},{"not_picked":["Power Through","Rampage"],"picked":"Whirlwind","floor":27},{"not_picked":["Uppercut","Perfected Strike"],"picked":"Carnage","floor":28},{"not_picked":["Blood for Blood","Cleave+1"],"picked":"Flame Barrier","floor":30},{"not_picked":["Reckless Charge+1","Body Slam","Seeing Red"],"picked":"Singing Bowl","floor":31},{"not_picked":["Feed","Impervious"],"picked":"Limit Break","floor":33},{"not_picked":["Thunderclap","Pommel Strike+1"],"picked":"Flex","floor":35},{"not_picked":["Fire Breathing+1","Sentinel+1"],"picked":"Sword Boomerang","floor":39},{"not_picked":["Exhume","Clash"],"picked":"Infernal Blade+1","floor":41}],"player_experience":277349,"relics_obtained":[{"floor":2,"key":"Singing Bowl"},{"floor":9,"key":"Gremlin Horn"},{"floor":26,"key":"Paper Frog"},{"floor":38,"key":"Potion Belt"},{"floor":41,"key":"Pantograph"},{"floor":43,"key":"Meat on the Bone"}],"event_choices":[{"cards_removed":["Strike_R"],"damage_healed":0,"gold_gain":0,"player_choice":"Card Removal","damage_taken":7,"max_hp_gain":0,"max_hp_loss":0,"event_name":"Golden Wing","floor":4,"gold_loss":0},{"damage_healed":0,"gold_gain":0,"player_choice":"2 cards matched","damage_taken":0,"max_hp_gain":0,"max_hp_loss":0,"event_name":"Match and Keep!","floor":8,"gold_loss":0,"cards_obtained":["Dark Shackles","Carnage"]},{"cards_removed":["Strike_R"],"damage_healed":0,"gold_gain":0,"player_choice":"Card Removal","damage_taken":0,"max_hp_gain":0,"max_hp_loss":0,"event_name":"The Cleric","floor":14,"gold_loss":50},{"damage_healed":0,"gold_gain":99,"player_choice":"Stole From Cult","damage_taken":0,"max_hp_gain":0,"max_hp_loss":0,"event_name":"Nest","floor":19,"gold_loss":0},{"damage_healed":0,"gold_gain":0,"player_choice":"Ignored","damage_taken":0,"max_hp_gain":0,"max_hp_loss":0,"event_name":"N\u0027loth","floor":20,"gold_loss":0},{"damage_healed":0,"gold_gain":0,"player_choice":"Upgraded","damage_taken":0,"max_hp_gain":0,"max_hp_loss":0,"event_name":"Upgrade Shrine","floor":24,"gold_loss":0,"cards_upgraded":["Spot Weakness"]},{"damage_healed":0,"gold_gain":0,"player_choice":"0 cards matched","damage_taken":0,"max_hp_gain":0,"max_hp_loss":0,"event_name":"Match and Keep!","floor":36,"gold_loss":0,"cards_obtained":[]},{"damage_healed":0,"gold_gain":0,"player_choice":"Ignored","damage_taken":0,"max_hp_gain":0,"max_hp_loss":0,"event_name":"Mysterious Sphere","floor":42,"gold_loss":0}],"is_beta":false,"boss_relics":[{"not_picked":["Tiny House","Calling Bell"],"picked":"Lizard Tail"},{"not_picked":["White Beast Statue","Coffee Dripper"],"picked":"Sozu"}],"items_purged_floors":[22,23,37],"is_endless":false,"potions_floor_spawned":[6,10,11,12,13,21,27,28,30,39],"killed_by":"Writhing Mass","ascension_level":0}