{"gold_per_floor":[111,36,186,186,186,186,202,202,202,228,242,242,257,269,269,348,348,364,12,22,22,36,36],"floor_reached":23,"playtime":1396,"items_purged":["Strike_G","Strike_G"],"score":344,"play_id":"c6129d71-6935-48f8-8ec5-1696ea3c26ad","local_time":"20190610165010","is_ascension_mode":true,"campfire_choices":[{"data":"Neutralize","floor":6,"key":"SMITH"},{"data":"Poisoned Stab","floor":8,"key":"SMITH"},{"floor":12,"key":"REST"},{"floor":15,"key":"REST"}],"neow_cost":"NONE","seed_source_timestamp":3464629678000,"circlet_count":0,"master_deck":["AscendersBane","Defend_G","Defend_G","Defend_G","Defend_G+1","Defend_G","Strike_G","Strike_G","Strike_G","Survivor","Neutralize+1","Deep Breath","Backflip+1","Poisoned Stab+1","Crippling Poison","Acrobatics","Wraith Form v2","Catalyst","Glass Knife","Escape Plan+1","Footwork","Deadly Poison","Madness","Flying Knee","Reflex"],"relics":["Ring of the Snake","Question Card","Happy Flower","Eternal Feather"],"potions_floor_usage":[10,16,16,18,22,23],"damage_taken":[{"damage":2,"enemies":"Cultist","floor":1,"turns":5},{"damage":0,"enemies":"Small Slimes","floor":7,"turns":5},{"damage":20,"enemies":"3 Sentries","floor":10,"turns":10},{"damage":3,"enemies":"2 Louse","floor":11,"turns":2},{"damage":1,"enemies":"Gremlin Gang","floor":13,"turns":4},{"damage":10,"enemies":"Lots of Slimes","floor":14,"turns":4},{"damage":5,"enemies":"The Guardian","floor":16,"turns":10},{"damage":7,"enemies":"3 Byrds","floor":18,"turns":9},{"damage":0,"enemies":"Shell Parasite","floor":20,"turns":6},{"damage":25,"enemies":"Chosen and Byrds","floor":22,"turns":10},{"damage":31,"enemies":"Slavers","floor":23,"turns":5}],"seed_played":"-8571031675458214487","potions_obtained":[{"floor":7,"key":"SkillPotion"},{"floor":10,"key":"Strength Potion"},{"floor":14,"key":"EssenceOfSteel"},{"floor":16,"key":"SpeedPotion"},{"floor":18,"key":"SteroidPotion"}],"is_trial":false,"path_per_floor":["M","$","?","?","?","R","M","R","T","E","M","R","M","M","R","B",null,"M","$","M","?","M","E"],"character_chosen":"THE_SILENT","items_purchased":["Footwork","Deadly Poison","Madness","Dexterity Potion"],"campfire_rested":2,"item_purchase_floors":[19,19,19,19],"current_hp_per_floor":[57,57,57,37,37,37,37,37,37,17,14,33,32,22,41,36,59,52,52,52,52,27,0],"gold":36,"neow_bonus":"RANDOM_COLORLESS","is_prod":false,"is_daily":false,"chose_seed":false,"campfire_upgraded":2,"win_rate":0,"timestamp":1560178210,"path_taken":["M","?","?","?","?","R","M","R","T","E","?","R","?","M","R","BOSS","M","$","M","?","M","E"],"build_version":"2019-01-23","purchased_purges":2,"victory":false,"max_hp_per_floor":[66,66,66,66,66,66,66,66,66,66,66,66,66,66,66,66,66,66,66,66,66,66,66],"card_choices":[{"not_picked":["Outmaneuver","Choke"],"picked":"Backflip","floor":1},{"not_picked":["Backflip","Masterful Stab"],"picked":"Poisoned Stab","floor":7},{"not_picked":["Dagger Throw","Dodge and Roll","Poisoned Stab"],"picked":"Crippling Poison","floor":10},{"not_picked":["Prepared","Finisher","Heel Hook"],"picked":"Acrobatics","floor":11},{"not_picked":["Flying Knee","Backflip","Dagger Throw"],"picked":"Wraith Form v2","floor":13},{"not_picked":["Underhanded Strike","PiercingWail","Backstab"],"picked":"Catalyst","floor":14},{"not_picked":["Doppelganger","Grand Finale","After Image"],"picked":"Glass Knife","floor":16},{"not_picked":["Endless Agony","Terror","Distraction"],"picked":"Escape Plan+1","floor":18},{"not_picked":["Crippling Poison","Tactician","Outmaneuver"],"picked":"Flying Knee","floor":20},{"not_picked":["Sucker Punch","Heel Hook","Outmaneuver"],"picked":"Reflex","floor":22}],"player_experience":1290625,"relics_obtained":[{"floor":9,"key":"Question Card"},{"floor":10,"key":"Happy Flower"}],"event_choices":[{"damage_healed":0,"gold_gain":150,"player_choice":"AGREE","damage_taken":0,"max_hp_gain":0,"max_hp_loss":0,"event_name":"Liars Game","floor":3,"gold_loss":0,"cards_obtained":["Doubt"]},{"damage_healed":0,"gold_gain":0,"player_choice":"Entered Light","damage_taken":20,"max_hp_gain":0,"max_hp_loss":0,"event_name":"Shining Light","floor":4,"gold_loss":0,"cards_upgraded":["Backflip","Defend_G"]},{"cards_removed":["Doubt"],"damage_healed":0,"gold_gain":0,"player_choice":"Removed Curses","damage_taken":0,"max_hp_gain":0,"max_hp_loss":0,"event_name":"Fountain of Cleansing","floor":5,"gold_loss":0}],"is_beta":false,"boss_relics":[{"not_picked":["Runic Dome","Ectoplasm"],"picked":"Eternal Feather"}],"items_purged_floors":[2,19],"is_endless":false,"potions_floor_spawned":[7,10,14,16,18],"killed_by":"Slavers","ascension_level":16}