{"gold_per_floor":[109,109,128,148,69,69,28,55,80,80,92,126,126,138,138,138],"floor_reached":16,"playtime":546,"items_purged":[],"score":215,"play_id":"a1c2b434-27e1-4547-9fb0-9a2c7c895094","local_time":"20181103180418","is_ascension_mode":true,"campfire_choices":[{"data":"Uppercut","floor":6,"key":"SMITH"},{"floor":10,"key":"REST"},{"data":"True Grit","floor":15,"key":"SMITH"}],"neow_cost":"NONE","seed_source_timestamp":0,"circlet_count":0,"master_deck":["AscendersBane","Strike_R","Strike_R","Strike_R","Strike_R","Strike_R","Defend_R","Defend_R","Defend_R","Defend_R","Bash+1","Impervious","Inflame","Sword Boomerang","Brutality","Uppercut+1","Rupture","Combust","True Grit+1","Feed","Feel No Pain"],"special_seed":0,"relics":["Burning Blood","Omamori","Bag of Preparation","PreservedInsect"],"potions_floor_usage":[8,12],"damage_taken":[{"damage":16,"enemies":"Jaw Worm","floor":1,"turns":7},{"damage":1,"enemies":"Cultist","floor":3,"turns":3},{"damage":0,"enemies":"Small Slimes","floor":4,"turns":3},{"damage":36,"enemies":"3 Sentries","floor":8,"turns":7},{"damage":4,"enemies":"Exordium Wildlife","floor":11,"turns":3},{"damage":35,"enemies":"Gremlin Nob","floor":12,"turns":4},{"damage":6,"enemies":"2 Fungi Beasts","floor":14,"turns":3},{"damage":54,"enemies":"Slime Boss","floor":16,"turns":7}],"seed_played":"2000502786478032400","potions_obtained":[{"floor":1,"key":"SmokeBomb"},{"floor":4,"key":"Poison Potion"},{"floor":11,"key":"Regen Potion"}],"is_trial":false,"path_per_floor":["M","?","M","M","$","R","$","E","T","R","M","E","?","M","R","B"],"character_chosen":"IRONCLAD","items_purchased":["Uppercut","Rupture"],"campfire_rested":1,"item_purchase_floors":[5,7],"current_hp_per_floor":[58,58,63,69,69,69,69,39,39,61,63,46,46,49,49,0],"gold":138,"neow_bonus":"ONE_RANDOM_RARE_CARD","is_prod":false,"is_daily":false,"chose_seed":false,"campfire_upgraded":2,"win_rate":0,"timestamp":1541268258,"path_taken":["M","?","M","M","$","R","$","E","T","R","M","E","?","?","R","BOSS"],"build_version":"2018-11-01","purchased_purges":0,"victory":false,"max_hp_per_floor":[75,75,75,75,75,75,75,75,75,75,75,75,75,78,78,81],"card_choices":[{"not_picked":["Wild Strike","Rage"],"picked":"Inflame","floor":1},{"not_picked":["Clash","Rage"],"picked":"Sword Boomerang","floor":3},{"not_picked":["Reckless Charge","Thunderclap"],"picked":"Brutality","floor":4},{"not_picked":["Flex","Metallicize"],"picked":"Combust","floor":8},{"not_picked":["Rage","Body Slam","Metallicize"],"picked":"SKIP","floor":11},{"not_picked":["Flex","Intimidate"],"picked":"True Grit","floor":12},{"not_picked":["Body Slam","Armaments"],"picked":"Feel No Pain","floor":14}],"player_experience":960073,"relics_obtained":[{"floor":8,"key":"Omamori"},{"floor":9,"key":"Bag of Preparation"},{"floor":12,"key":"PreservedInsect"}],"event_choices":[{"damage_healed":0,"gold_gain":0,"player_choice":"Grow","damage_taken":0,"max_hp_gain":0,"max_hp_loss":0,"event_name":"Living Wall","floor":2,"gold_loss":0,"cards_upgraded":["Bash"]},{"damage_healed":0,"gold_gain":0,"player_choice":"1 cards matched","damage_taken":0,"max_hp_gain":0,"max_hp_loss":0,"event_name":"Match and Keep!","floor":13,"gold_loss":0,"cards_obtained":["Feed"]}],"is_beta":false,"boss_relics":[],"items_purged_floors":[],"is_endless":false,"potions_floor_spawned":[1,4,11],"killed_by":"Slime Boss","ascension_level":19}