{"gold_per_floor":[109,109,109,126,201,201,227,227,227,252,272,272,303,326,338,448,460,492,521,551,4,23,23,51,51,76,76,105,105,105,122,122,221,221,239,239,50,69,144,144,161,186,186,23,23],"floor_reached":45,"playtime":1447,"items_purged":["Strike_R","Defend_R"],"score":847,"play_id":"ba404a81-1696-4c66-8c52-c4f90befd9fc","local_time":"20190221012455","is_ascension_mode":true,"campfire_choices":[{"data":"Bash","floor":6,"key":"SMITH"},{"data":"Iron Wave","floor":8,"key":"SMITH"},{"data":"Bludgeon","floor":15,"key":"SMITH"},{"data":"Demon Form","floor":23,"key":"SMITH"},{"data":"Seeing Red","floor":25,"key":"SMITH"},{"data":"Feel No Pain","floor":27,"key":"SMITH"},{"floor":32,"key":"REST"},{"floor":40,"key":"REST"}],"neow_cost":"NONE","seed_source_timestamp":77310216182700,"circlet_count":0,"master_deck":["AscendersBane","Strike_R+1","Strike_R+1","Defend_R","Defend_R","Defend_R","Bash+1","Sword Boomerang","Iron Wave+1","Shrug It Off","Headbutt","Bludgeon+1","Pommel Strike","Demon Form+1","Seeing Red+1","Flame Barrier","Flex","Feel No Pain+1","True Grit+1","Deep Breath+1","Flex+1","Blood for Blood","Clothesline+1","Second Wind+1","Dark Embrace","Warcry+1","Heavy Blade","Juggernaut","True Grit+1","Armaments+1","Uppercut","True Grit+1","Anger+1","Warcry+1","Cleave","Limit Break+1","Headbutt"],"relics":["Burning Blood","NeowsBlessing","Orichalcum","Strawberry","Dream Catcher","MawBank","Snecko Eye","Toxic Egg 2","Bag of Marbles","Boot","Bottled Tornado","Sundial","Mark of Pain","Pen Nib","Bottled Lightning"],"potions_floor_usage":[13,13,16,24,28,33,41],"damage_taken":[{"damage":0,"enemies":"Cultist","floor":1,"turns":1},{"damage":0,"enemies":"Small Slimes","floor":4,"turns":1},{"damage":0,"enemies":"Lagavulin","floor":7,"turns":1},{"damage":6,"enemies":"2 Louse","floor":11,"turns":3},{"damage":10,"enemies":"Gremlin Nob","floor":13,"turns":3},{"damage":9,"enemies":"Blue Slaver","floor":14,"turns":3},{"damage":24,"enemies":"Slime Boss","floor":16,"turns":8},{"damage":8,"enemies":"Shell Parasite","floor":18,"turns":3},{"damage":7,"enemies":"Chosen","floor":19,"turns":3},{"damage":18,"enemies":"Snake Plant","floor":20,"turns":3},{"damage":5,"enemies":"Cultist and Chosen","floor":22,"turns":5},{"damage":22,"enemies":"Gremlin Leader","floor":24,"turns":4},{"damage":18,"enemies":"Book of Stabbing","floor":28,"turns":5},{"damage":13,"enemies":"3 Cultists","floor":31,"turns":6},{"damage":14,"enemies":"Champ","floor":33,"turns":8},{"damage":10,"enemies":"Orb Walker","floor":35,"turns":3},{"damage":51,"enemies":"3 Shapes","floor":38,"turns":6},{"damage":20,"enemies":"Sphere and 2 Shapes","floor":41,"turns":5},{"damage":36,"enemies":"Nemesis","floor":42,"turns":7},{"damage":19,"enemies":"Jaw Worm Horde","floor":45,"turns":2}],"seed_played":"6658901803337753182","potions_obtained":[{"floor":1,"key":"AttackPotion"},{"floor":11,"key":"SkillPotion"},{"floor":14,"key":"SteroidPotion"},{"floor":20,"key":"PowerPotion"},{"floor":22,"key":"Ancient Potion"},{"floor":24,"key":"Dexterity Potion"},{"floor":28,"key":"GamblersBrew"},{"floor":38,"key":"Regen Potion"}],"is_trial":false,"path_per_floor":["M","?","?","M","?","R","E","R","T","T","M","?","E","M","R","B",null,"M","M","M","$","M","R","E","R","T","R","E","?","?","M","R","B",null,"M","?","$","M","?","R","M","E","T","$","M"],"character_chosen":"IRONCLAD","items_purchased":["Toxic Egg 2","Feel No Pain","True Grit+1","Deep Breath+1","Flex+1","Armaments+1","Uppercut","Limit Break+1","Headbutt"],"campfire_rested":2,"item_purchase_floors":[21,21,21,21,21,37,37,44,44],"current_hp_per_floor":[78,71,80,80,69,69,75,75,82,82,82,65,61,58,58,40,75,73,72,60,60,61,61,45,45,45,45,33,33,33,26,52,44,76,72,72,72,27,19,45,46,16,16,16,0],"gold":23,"neow_bonus":"THREE_ENEMY_KILL","is_prod":false,"is_daily":false,"chose_seed":false,"campfire_upgraded":6,"win_rate":0,"timestamp":1550708695,"path_taken":["M","?","?","?","?","R","E","R","T","?","M","?","E","M","R","BOSS","M","M","M","$","M","R","E","R","T","R","E","?","?","M","R","BOSS","M","?","$","M","?","R","M","E","T","$","M"],"build_version":"2019-01-23","purchased_purges":2,"victory":false,"max_hp_per_floor":[80,80,80,80,80,80,80,80,87,87,87,87,87,87,87,87,87,87,87,87,87,87,87,87,87,87,87,87,87,87,87,87,87,87,87,87,87,87,87,87,87,87,87,87,87],"card_choices":[{"not_picked":["Combust","Thunderclap"],"picked":"Sword Boomerang","floor":1},{"not_picked":["Shockwave","Wild Strike"],"picked":"Iron Wave","floor":4},{"not_picked":["Second Wind","Reaper"],"picked":"Shrug It Off","floor":7},{"not_picked":["Perfected Strike","Twin Strike"],"picked":"Headbutt","floor":11},{"not_picked":["Feel No Pain","Clash"],"picked":"Bludgeon","floor":13},{"not_picked":["Warcry","Uppercut"],"picked":"Pommel Strike","floor":14},{"not_picked":["Barricade","Brutality"],"picked":"Demon Form","floor":16},{"not_picked":["Power Through","Burning Pact"],"picked":"Seeing Red","floor":18},{"not_picked":["Clothesline","Intimidate"],"picked":"Flame Barrier","floor":19},{"not_picked":["Wild Strike","Twin Strike"],"picked":"Flex","floor":20},{"not_picked":["Flex+1","Sword Boomerang"],"picked":"Blood for Blood","floor":22},{"not_picked":["Heavy Blade","Wild Strike"],"picked":"Clothesline+1","floor":24},{"not_picked":["Shrug It Off+1","Berserk"],"picked":"Second Wind+1","floor":28},{"not_picked":["Anger","Sword Boomerang"],"picked":"Warcry+1","floor":31},{"not_picked":["Spot Weakness+1","Body Slam"],"picked":"Heavy Blade","floor":32},{"not_picked":["Impervious+1","Immolate"],"picked":"Juggernaut","floor":33},{"not_picked":["Dropkick","Clothesline"],"picked":"True Grit+1","floor":35},{"not_picked":["Armaments+1","Twin Strike"],"picked":"True Grit+1","floor":38},{"not_picked":["Thunderclap","True Grit+1"],"picked":"Anger+1","floor":40},{"not_picked":["Blood for Blood","Second Wind+1"],"picked":"Warcry+1","floor":41},{"not_picked":["Searing Blow","Rupture"],"picked":"Cleave","floor":42}],"player_experience":820914,"relics_obtained":[{"floor":7,"key":"Orichalcum"},{"floor":9,"key":"Strawberry"},{"floor":10,"key":"Dream Catcher"},{"floor":13,"key":"MawBank"},{"floor":24,"key":"Bag of Marbles"},{"floor":26,"key":"Boot"},{"floor":28,"key":"Bottled Tornado"},{"floor":42,"key":"Pen Nib"},{"floor":43,"key":"Bottled Lightning"}],"event_choices":[{"cards_removed":["Strike_R"],"damage_healed":0,"gold_gain":0,"player_choice":"Card Removal","damage_taken":7,"max_hp_gain":0,"max_hp_loss":0,"event_name":"Golden Wing","floor":2,"gold_loss":0},{"damage_healed":9,"gold_gain":0,"player_choice":"Full Heal","damage_taken":0,"max_hp_gain":0,"max_hp_loss":0,"event_name":"Wheel of Change","floor":3,"gold_loss":0},{"damage_healed":0,"gold_gain":75,"player_choice":"Gather Gold","damage_taken":11,"max_hp_gain":0,"max_hp_loss":0,"event_name":"World of Goop","floor":5,"gold_loss":0},{"damage_healed":0,"gold_gain":0,"player_choice":"Entered Light","damage_taken":17,"max_hp_gain":0,"max_hp_loss":0,"event_name":"Shining Light","floor":12,"gold_loss":0,"cards_upgraded":["Strike_R","Strike_R"]},{"damage_healed":0,"gold_gain":0,"player_choice":"Opened","damage_taken":0,"relics_obtained":["Sundial"],"max_hp_gain":0,"max_hp_loss":0,"event_name":"The Mausoleum","floor":29,"gold_loss":0},{"damage_healed":0,"gold_gain":0,"cards_transformed":["Strike_R"],"player_choice":"Transformed","damage_taken":0,"max_hp_gain":0,"max_hp_loss":0,"event_name":"Transmorgrifier","floor":30,"gold_loss":0,"cards_obtained":["Dark Embrace"]},{"damage_healed":0,"gold_gain":0,"player_choice":"Ignored","damage_taken":0,"max_hp_gain":0,"max_hp_loss":0,"event_name":"Tomb of Lord Red Mask","floor":36,"gold_loss":0},{"damage_healed":0,"gold_gain":75,"player_choice":"Touch","damage_taken":8,"max_hp_gain":0,"max_hp_loss":0,"event_name":"FaceTrader","floor":39,"gold_loss":0}],"is_beta":false,"boss_relics":[{"not_picked":["Cursed Key","Busted Crown"],"picked":"Snecko Eye"},{"not_picked":["Eternal Feather","Sozu"],"picked":"Mark of Pain"}],"items_purged_floors":[21,37],"is_endless":false,"potions_floor_spawned":[1,11,14,20,22,24,28,38],"killed_by":"Jaw Worm Horde","ascension_level":12}