{"gold_per_floor":[116,136,13,23,42,42,71,71,96,96,114,148,48,62,62,134,134,144,157,77,96,96,96,107,124,147,147,159,188,98,108,108,108],"floor_reached":33,"playtime":3168,"items_purged":["Strike_R","Strike_R"],"score":464,"play_id":"cae87b95-f947-4b14-8c88-d7e5500a93d1","local_time":"20180902224236","is_ascension_mode":true,"campfire_choices":[{"data":"Shrug It Off","floor":6,"key":"SMITH"},{"data":"Shockwave","floor":8,"key":"SMITH"},{"data":"Cleave","floor":10,"key":"SMITH"},{"data":"Disarm","floor":15,"key":"SMITH"},{"floor":23,"key":"REST"},{"floor":32,"key":"REST"}],"neow_cost":"NONE","seed_source_timestamp":1336061777556624,"circlet_count":0,"master_deck":["Strike_R","Strike_R","Strike_R","Defend_R","Defend_R+1","Defend_R","Defend_R","Bash+1","AscendersBane","Cleave+1","Shrug It Off+1","Shockwave+1","Headbutt","Clothesline","Disarm+1","Reaper","Intimidate","Uppercut","Necronomicurse","Immolate","Evolve","Sword Boomerang","True Grit"],"relics":["Burning Blood","Regal Pillow","Boot","Strawberry","Snecko Eye","Necronomicon","Ancient Tea Set","Juzu Bracelet"],"potions_floor_usage":[7,19,29,33],"damage_taken":[{"damage":1,"enemies":"Cultist","floor":1,"turns":3},{"damage":0,"enemies":"Small Slimes","floor":2,"turns":3},{"damage":0,"enemies":"2 Louse","floor":4,"turns":2},{"damage":10,"enemies":"Exordium Wildlife","floor":5,"turns":3},{"damage":20,"enemies":"Gremlin Nob","floor":7,"turns":4},{"damage":5,"enemies":"Large Slime","floor":11,"turns":5},{"damage":23,"enemies":"Lagavulin","floor":12,"turns":7},{"damage":8,"enemies":"Looter","floor":14,"turns":3},{"damage":6,"enemies":"Hexaghost","floor":16,"turns":11},{"damage":28,"enemies":"Spheric Guardian","floor":18,"turns":6},{"damage":27,"enemies":"2 Thieves","floor":19,"turns":4},{"damage":32,"enemies":"Shelled Parasite and Fungi","floor":21,"turns":7},{"damage":21,"enemies":"Snecko","floor":24,"turns":6},{"damage":8,"enemies":"Chosen and Byrds","floor":25,"turns":5},{"damage":10,"enemies":"Colosseum Slavers","floor":27,"turns":3},{"damage":13,"enemies":"Shelled Parasite and Fungi","floor":28,"turns":3},{"damage":34,"enemies":"Book of Stabbing","floor":29,"turns":6},{"damage":0,"enemies":"Cultist and Chosen","floor":31,"turns":4},{"damage":67,"enemies":"Automaton","floor":33,"turns":6}],"seed_played":"683496140254976237","potions_obtained":[{"floor":1,"key":"Swift Potion"},{"floor":4,"key":"Weak Potion"},{"floor":7,"key":"Energy Potion"},{"floor":28,"key":"Block Potion"},{"floor":29,"key":"SkillPotion"},{"floor":31,"key":"EssenceOfSteel"}],"is_trial":false,"path_per_floor":["M","M","$","M","M","R","E","R","T","R","M","E","$","M","R","B",null,"M","M","$","M","?","R","M","M","T","?","M","E","?","M","R"],"character_chosen":"IRONCLAD","items_purchased":["Dexterity Potion","Uppercut"],"campfire_rested":2,"item_purchase_floors":[3,20],"current_hp_per_floor":[77,80,80,80,76,76,62,62,62,62,63,53,53,51,51,51,78,56,39,39,19,3,44,29,33,33,41,38,10,10,16,57,0],"gold":108,"neow_bonus":"UPGRADE_CARD","is_prod":false,"is_daily":false,"chose_seed":false,"campfire_upgraded":4,"win_rate":0,"timestamp":1535924556,"path_taken":["M","M","$","M","?","R","E","R","T","R","?","E","$","M","R","BOSS","M","M","$","M","?","R","M","M","T","?","M","E","?","M","R","BOSS"],"build_version":"2018-08-30","purchased_purges":2,"victory":false,"max_hp_per_floor":[80,80,80,80,80,80,80,80,80,80,80,87,87,87,87,87,87,87,87,87,87,87,87,87,87,87,87,87,87,87,87,87,87],"card_choices":[{"not_picked":["Combust","Cleave"],"picked":"Anger","floor":1},{"not_picked":["Fire Breathing","Iron Wave"],"picked":"Cleave","floor":2},{"not_picked":["Sever Soul","Headbutt","Cleave"],"picked":"SKIP","floor":4},{"not_picked":["Anger","Thunderclap"],"picked":"Shrug It Off","floor":5},{"not_picked":["Sword Boomerang","Clothesline"],"picked":"Shockwave","floor":7},{"not_picked":["Wild Strike","Rampage"],"picked":"Headbutt","floor":11},{"not_picked":["Reaper","Wild Strike"],"picked":"Clothesline","floor":12},{"not_picked":["Headbutt","Perfected Strike"],"picked":"Disarm","floor":14},{"not_picked":["Exhume","Double Tap"],"picked":"Reaper","floor":16},{"not_picked":["Shockwave+1","Clash"],"picked":"Intimidate","floor":18},{"not_picked":["Headbutt","Seeing Red","Anger"],"picked":"SKIP","floor":19},{"not_picked":["Armaments","Wild Strike","Twin Strike"],"picked":"SKIP","floor":21},{"not_picked":["Armaments","Wild Strike","Twin Strike"],"picked":"SKIP","floor":21},{"not_picked":["Rampage","Pommel Strike"],"picked":"Immolate","floor":24},{"not_picked":["Cleave","Shrug It Off+1"],"picked":"Evolve","floor":25},{"not_picked":["Thunderclap","Headbutt"],"picked":"Sword Boomerang","floor":28},{"not_picked":["Rampage","Flex","Clash"],"picked":"SKIP","floor":29},{"not_picked":["Armaments","Iron Wave"],"picked":"True Grit","floor":31}],"player_experience":623679,"relics_obtained":[{"floor":7,"key":"Regal Pillow"},{"floor":9,"key":"Boot"},{"floor":12,"key":"Strawberry"},{"floor":22,"key":"Necronomicon"},{"floor":26,"key":"Ancient Tea Set"},{"floor":29,"key":"Juzu Bracelet"}],"event_choices":[{"event_name":"Cursed Tome","player_choice":"Obtained Book","floor":22,"damage_taken":0},{"event_name":"Colosseum","player_choice":"Fight","floor":27,"damage_taken":0},{"event_name":"Colosseum","player_choice":"Fled From Nobs","floor":27,"damage_taken":0},{"event_name":"Designer","player_choice":"Full Service","floor":30,"damage_taken":0}],"is_beta":false,"boss_relics":[{"not_picked":["Astrolabe","Empty Cage"],"picked":"Snecko Eye"}],"items_purged_floors":[3,13],"is_endless":false,"potions_floor_spawned":[1,4,7,16,27,28,29,31],"killed_by":"Automaton","ascension_level":13}