{"gold_per_floor":[116,116,133,133,146,179,179,210,210,224,240,115,115,126,126,203,203,214,34,34,50,62,62,62,62,62,62,62],"floor_reached":28,"playtime":708,"items_purged":["Strike_R","Strike_R"],"score":422,"play_id":"ccb1f69a-34a6-4715-ba67-c48fa9331a84","local_time":"20190716223529","is_ascension_mode":true,"campfire_choices":[{"floor":7,"key":"REST"},{"data":"Spot Weakness","floor":13,"key":"SMITH"},{"data":"Bash","floor":15,"key":"SMITH"},{"floor":23,"key":"REST"},{"floor":25,"key":"REST"}],"neow_cost":"NONE","seed_source_timestamp":352246120355800,"circlet_count":0,"master_deck":["AscendersBane","Strike_R","Strike_R","Strike_R","Defend_R","Defend_R","Defend_R","Defend_R","Bash+1","Spot Weakness+1","Pommel Strike","Dual Wield","Anger","True Grit","True Grit+1","Battle Trance+1","Flex+1","Limit Break+1","Clothesline+1","Feel No Pain","Ghostly+1","Ghostly+1","Ghostly+1","Uppercut+1","Battle Trance+1","RitualDagger"],"relics":["Burning Blood","NeowsBlessing","Nunchaku","Mercury Hourglass","Gremlin Horn","Pantograph","Toxic Egg 2","Runic Pyramid","Kunai","Nilry\u0027s Codex"],"potions_floor_usage":[14,16,22],"damage_taken":[{"damage":0,"enemies":"Small Slimes","floor":1,"turns":1},{"damage":0,"enemies":"Cultist","floor":3,"turns":1},{"damage":0,"enemies":"2 Louse","floor":5,"turns":1},{"damage":53,"enemies":"Lagavulin","floor":6,"turns":8},{"damage":31,"enemies":"Gremlin Nob","floor":8,"turns":4},{"damage":1,"enemies":"Large Slime","floor":10,"turns":5},{"damage":0,"enemies":"2 Fungi Beasts","floor":11,"turns":2},{"damage":6,"enemies":"Looter","floor":14,"turns":2},{"damage":29,"enemies":"Hexaghost","floor":16,"turns":6},{"damage":0,"enemies":"Chosen","floor":18,"turns":2},{"damage":8,"enemies":"Shell Parasite","floor":21,"turns":6},{"damage":30,"enemies":"Shelled Parasite and Fungi","floor":22,"turns":5},{"damage":6,"enemies":"3 Cultists","floor":28,"turns":2}],"seed_played":"3470752636758563291","potions_obtained":[{"floor":1,"key":"FearPotion"},{"floor":10,"key":"Energy Potion"},{"floor":14,"key":"Energy Potion"},{"floor":21,"key":"PowerPotion"}],"is_trial":false,"path_per_floor":["M","?","M","T","M","E","R","E","T","M","M","$","R","M","R","B",null,"M","$","?","M","M","R","?","R","T","?","M"],"character_chosen":"IRONCLAD","items_purchased":["Flex+1","Feel No Pain"],"campfire_rested":3,"item_purchase_floors":[12,19],"current_hp_per_floor":[74,74,75,75,75,28,50,25,25,30,36,36,36,36,36,38,66,72,72,37,35,11,22,16,27,27,6,0],"gold":62,"neow_bonus":"THREE_ENEMY_KILL","is_prod":false,"is_daily":false,"chose_seed":false,"campfire_upgraded":2,"win_rate":0,"timestamp":1563309329,"path_taken":["M","?","?","?","?","E","R","E","T","M","M","$","R","M","R","BOSS","M","?","?","M","M","R","?","R","T","?","M"],"build_version":"2019-07-05","purchased_purges":2,"victory":false,"max_hp_per_floor":[75,75,75,75,75,75,75,75,75,75,75,75,75,75,75,75,75,75,75,37,37,37,37,37,37,37,37,37],"card_choices":[{"not_picked":["Entrench","True Grit"],"picked":"Spot Weakness","floor":1},{"not_picked":["Heavy Blade","Warcry"],"picked":"Pommel Strike","floor":3},{"not_picked":["Twin Strike","Warcry"],"picked":"Dual Wield","floor":5},{"not_picked":["Perfected Strike","Cleave"],"picked":"Anger","floor":6},{"not_picked":["Clothesline","Pummel"],"picked":"True Grit","floor":8},{"not_picked":["Heavy Blade","Wild Strike"],"picked":"True Grit+1","floor":10},{"not_picked":["Evolve","Pummel"],"picked":"Battle Trance+1","floor":11},{"not_picked":["Blood for Blood","Cleave","Sword Boomerang"],"picked":"SKIP","floor":14},{"not_picked":["Berserk","Dark Embrace"],"picked":"Limit Break+1","floor":16},{"not_picked":["Blood for Blood","Headbutt"],"picked":"Clothesline+1","floor":18},{"not_picked":["Wild Strike","Blood for Blood"],"picked":"Uppercut+1","floor":21},{"not_picked":["Reckless Charge","Headbutt"],"picked":"Battle Trance+1","floor":22}],"player_experience":1662661,"relics_obtained":[{"floor":4,"key":"Mercury Hourglass"},{"floor":6,"key":"Gremlin Horn"},{"floor":8,"key":"Pantograph"},{"floor":9,"key":"Toxic Egg 2"},{"floor":26,"key":"Kunai"},{"floor":27,"key":"Nilry\u0027s Codex"}],"event_choices":[{"damage_healed":0,"gold_gain":0,"player_choice":"Gave Potion","damage_taken":0,"relics_obtained":["Nunchaku"],"max_hp_gain":0,"max_hp_loss":0,"event_name":"WeMeetAgain","floor":2,"gold_loss":0},{"damage_healed":0,"gold_gain":0,"player_choice":"Became a Ghost","damage_taken":0,"max_hp_gain":0,"max_hp_loss":38,"event_name":"Ghosts","floor":20,"gold_loss":0,"cards_obtained":["Ghostly","Ghostly","Ghostly"]},{"damage_healed":0,"gold_gain":0,"player_choice":"Joined the Cult","damage_taken":6,"max_hp_gain":0,"max_hp_loss":0,"event_name":"Nest","floor":24,"gold_loss":0,"cards_obtained":["RitualDagger"]},{"damage_healed":0,"gold_gain":0,"player_choice":"Obtained Book","damage_taken":21,"max_hp_gain":0,"max_hp_loss":0,"event_name":"Cursed Tome","floor":27,"gold_loss":0}],"is_beta":false,"boss_relics":[{"not_picked":["Fusion Hammer","Lizard Tail"],"picked":"Runic Pyramid"}],"items_purged_floors":[12,19],"is_endless":false,"potions_floor_spawned":[1,10,14,21],"killed_by":"3 Cultists","ascension_level":17}