{"gold_per_floor":[119,119,132,132,150,150,190,115,196,196,212,137,137,161,161,257,257,277,277,192,12,32,32,45,0,0,0,0,0,18,36,36,36],"floor_reached":33,"playtime":1175,"items_purged":["Injury","Strike_G"],"score":531,"play_id":"2dc515e8-85e6-4ce7-ab59-27af6e6b229e","local_time":"20190517160158","is_ascension_mode":true,"campfire_choices":[{"data":"Neutralize","floor":6,"key":"SMITH"},{"data":"Backstab","floor":10,"key":"SMITH"},{"floor":15,"key":"REST"},{"data":"Wraith Form v2","floor":23,"key":"SMITH"},{"data":"Crippling Poison","floor":27,"key":"SMITH"},{"data":"Noxious Fumes","floor":29,"key":"SMITH"},{"data":"Bouncing Flask","floor":32,"key":"SMITH"}],"neow_cost":"NONE","seed_source_timestamp":319152389704900,"circlet_count":0,"master_deck":["AscendersBane","Defend_G","Defend_G","Defend_G","Strike_G","Survivor","Neutralize+1","Backstab+1","Backflip","Unload","Dash","Well Laid Plans","Blur","Noxious Fumes+1","Wraith Form v2+1","Acrobatics","Crippling Poison+1","Tactician","Deadly Poison","Flying Knee+1","Bouncing Flask+1"],"relics":["Ring of the Snake","Golden Idol","Ancient Tea Set","Ninja Scroll","Empty Cage","Dodecahedron","Pear"],"potions_floor_usage":[22,33,33],"damage_taken":[{"damage":2,"enemies":"2 Louse","floor":1,"turns":3},{"damage":1,"enemies":"Jaw Worm","floor":3,"turns":4},{"damage":0,"enemies":"Small Slimes","floor":5,"turns":3},{"damage":32,"enemies":"Gremlin Nob","floor":7,"turns":5},{"damage":0,"enemies":"3 Louse","floor":11,"turns":1},{"damage":2,"enemies":"Gremlin Gang","floor":14,"turns":4},{"damage":0,"enemies":"The Guardian","floor":16,"turns":12},{"damage":2,"enemies":"Chosen","floor":18,"turns":5},{"damage":4,"enemies":"Spheric Guardian","floor":22,"turns":6},{"damage":7,"enemies":"Cultist and Chosen","floor":24,"turns":9},{"damage":3,"enemies":"Snake Plant","floor":30,"turns":4},{"damage":2,"enemies":"3 Cultists","floor":31,"turns":4},{"damage":58,"enemies":"Collector","floor":33,"turns":10}],"seed_played":"-1095792564779358775","potions_obtained":[{"floor":7,"key":"EssenceOfSteel"},{"floor":14,"key":"Energy Potion"},{"floor":30,"key":"Poison Potion"}],"is_trial":false,"path_per_floor":["M","?","M","?","M","R","E","$","T","R","M","?","?","M","R","B",null,"M","?","?","$","M","R","M","?","T","R","$","R","M","M","R","B"],"character_chosen":"THE_SILENT","items_purchased":["Crippling Poison"],"campfire_rested":1,"item_purchase_floors":[21],"current_hp_per_floor":[63,63,62,62,62,62,30,30,30,30,30,30,30,28,49,49,66,64,64,64,64,60,60,53,53,63,63,63,63,60,58,58,0],"gold":36,"neow_bonus":"TEN_PERCENT_HP_BONUS","is_prod":false,"is_daily":false,"chose_seed":false,"campfire_upgraded":6,"win_rate":0,"timestamp":1558101718,"path_taken":["M","?","M","?","M","R","E","$","T","R","M","?","?","?","R","BOSS","M","?","?","$","?","R","M","?","T","R","$","R","M","M","R","BOSS"],"build_version":"2019-01-23","purchased_purges":2,"victory":false,"max_hp_per_floor":[72,72,72,72,72,72,72,72,72,72,72,72,72,72,72,72,72,72,72,72,72,72,72,72,72,82,82,82,82,82,82,82,82],"card_choices":[{"not_picked":["Quick Slash","Dodge and Roll"],"picked":"Backstab","floor":1},{"not_picked":["Dagger Spray","Prepared"],"picked":"Backflip","floor":3},{"not_picked":["Dagger Spray","Dodge and Roll"],"picked":"Dash","floor":5},{"not_picked":["Flying Knee","Dodge and Roll"],"picked":"Well Laid Plans","floor":7},{"not_picked":["PiercingWail","Dagger Spray"],"picked":"Blur","floor":11},{"not_picked":["Infinite Blades","Escape Plan"],"picked":"Noxious Fumes","floor":14},{"not_picked":["Doppelganger","Glass Knife"],"picked":"Wraith Form v2","floor":16},{"not_picked":["Deflect","Slice"],"picked":"Acrobatics","floor":18},{"not_picked":["Reflex","Blade Dance"],"picked":"Tactician","floor":22},{"not_picked":["Dodge and Roll","Underhanded Strike"],"picked":"Deadly Poison","floor":24},{"not_picked":["Storm of Steel","Dodge and Roll"],"picked":"Flying Knee+1","floor":30},{"not_picked":["Deadly Poison","Eviscerate"],"picked":"Bouncing Flask","floor":31}],"player_experience":1131768,"relics_obtained":[{"floor":7,"key":"Ancient Tea Set"},{"floor":9,"key":"Ninja Scroll"},{"floor":26,"key":"Pear"}],"event_choices":[{"damage_healed":0,"gold_gain":0,"player_choice":"Take Wound","damage_taken":0,"relics_obtained":["Golden Idol"],"max_hp_gain":0,"max_hp_loss":0,"event_name":"Golden Idol","floor":2,"gold_loss":0,"cards_obtained":["Injury"]},{"damage_healed":0,"gold_gain":0,"cards_transformed":["Strike_G"],"player_choice":"Change","damage_taken":0,"max_hp_gain":0,"max_hp_loss":0,"event_name":"Living Wall","floor":4,"gold_loss":0,"cards_obtained":["Unload"]},{"cards_removed":["Strike_G"],"damage_healed":0,"gold_gain":0,"player_choice":"Card Removal","damage_taken":0,"max_hp_gain":0,"max_hp_loss":0,"event_name":"The Cleric","floor":12,"gold_loss":75},{"cards_removed":["Defend_G"],"damage_healed":0,"gold_gain":0,"player_choice":"Purged","damage_taken":0,"max_hp_gain":0,"max_hp_loss":0,"event_name":"Purifier","floor":13,"gold_loss":0},{"damage_healed":0,"gold_gain":0,"player_choice":"Ignored","damage_taken":0,"max_hp_gain":0,"max_hp_loss":0,"event_name":"Ghosts","floor":19,"gold_loss":0},{"damage_healed":0,"gold_gain":0,"player_choice":"Obtained Relic","damage_taken":0,"relics_obtained":["Dodecahedron"],"max_hp_gain":0,"max_hp_loss":0,"event_name":"Addict","floor":20,"gold_loss":85},{"damage_healed":0,"gold_gain":0,"player_choice":"Paid Fearfully","damage_taken":0,"max_hp_gain":0,"max_hp_loss":0,"event_name":"Masked Bandits","floor":25,"gold_loss":45}],"is_beta":false,"boss_relics":[{"not_picked":["Ectoplasm","Runic Pyramid"],"picked":"Empty Cage"}],"items_purged_floors":[8,21],"is_endless":false,"potions_floor_spawned":[7,14,30],"killed_by":"Collector","ascension_level":16}