{"gold_per_floor":[111,111,61,236,248,248,67,102,102,135,135,135,135,149,149,224,224,211,211,33,33,43,43,58,58,58,58,58,77,96,124,124,124],"floor_reached":33,"playtime":1395,"items_purged":["Doubt","Prepared"],"score":486,"play_id":"45fedf8e-560c-4038-bfed-2bdae4511d80","local_time":"20181029221536","is_ascension_mode":true,"campfire_choices":[{"data":"Neutralize","floor":6.0,"key":"SMITH"},{"floor":11.0,"key":"REST"},{"floor":13.0,"key":"REST"},{"floor":15.0,"key":"REST"},{"data":"A Thousand Cuts","floor":23.0,"key":"SMITH"},{"floor":25.0,"key":"REST"},{"data":"Footwork","floor":27.0,"key":"SMITH"},{"data":"Noxious Fumes","floor":32.0,"key":"SMITH"}],"neow_cost":"NONE","seed_source_timestamp":1225195396026349,"circlet_count":0,"master_deck":["Survivor","Neutralize+1","AscendersBane","Outmaneuver","Cloak And Dagger","Leg Sweep","Masterful Stab","Poisoned Stab","Footwork+1","Poisoned Stab","A Thousand Cuts+1","Backflip","Deadly Poison","Sucker Punch","Terror","Dagger Spray","Flechettes","Setup","Sucker Punch","Ghostly","Ghostly","Ghostly","Ghostly","Ghostly","Blade Dance","Blade Dance","Choke","Noxious Fumes+1","Accuracy","Backflip"],"special_seed":0,"relics":["Lizard Tail","Art of War","Happy Flower","Oddly Smooth Stone","PreservedInsect","Pandora\u0027s Box","Meat on the Bone","Bag of Preparation"],"potions_floor_usage":[33],"damage_taken":[{"damage":6.0,"enemies":"Jaw Worm","floor":1.0,"turns":4.0},{"damage":9.0,"enemies":"Cultist","floor":5.0,"turns":6.0},{"damage":25.0,"enemies":"3 Sentries","floor":8.0,"turns":14.0},{"damage":15.0,"enemies":"Lagavulin","floor":10.0,"turns":7.0},{"damage":0.0,"enemies":"Small Slimes","floor":14.0,"turns":4.0},{"damage":88.0,"enemies":"Slime Boss","floor":16.0,"turns":26.0},{"damage":16.0,"enemies":"2 Thieves","floor":18.0,"turns":4.0},{"damage":15.0,"enemies":"3 Byrds","floor":22.0,"turns":6.0},{"damage":2.0,"enemies":"Centurion and Healer","floor":24.0,"turns":8.0},{"damage":2.0,"enemies":"Snecko","floor":29.0,"turns":5.0},{"damage":18.0,"enemies":"Chosen and Byrds","floor":30.0,"turns":4.0},{"damage":5.0,"enemies":"Slavers","floor":31.0,"turns":5.0},{"damage":42,"enemies":"Champ","floor":33,"turns":13}],"seed_played":"-8253732475144044896","potions_obtained":[{"floor":1.0,"key":"Swift Potion"},{"floor":2.0,"key":"GhostInAJar"},{"floor":10.0,"key":"GamblersBrew"},{"floor":18.0,"key":"PowerPotion"},{"floor":31.0,"key":"EssenceOfSteel"}],"is_trial":false,"path_per_floor":["M","?","?","?","M","R","$","E","T","E","R","?","R","M","R","B",null,"M","?","$","?","M","R","M","R","T","R","?","M","M","E","R"],"character_chosen":"THE_SILENT","items_purchased":["Leg Sweep","Masterful Stab","GhostInAJar"],"campfire_rested":4,"item_purchase_floors":[7,7,20],"current_hp_per_floor":[53,53,53,53,44,44,44,19,19,4,23,11,30,30,49,1,50,34,33,33,33,18,18,16,25,25,25,25,23,17,24,24,0],"gold":124,"neow_bonus":"BOSS_RELIC","is_prod":false,"is_daily":false,"chose_seed":false,"campfire_upgraded":4,"win_rate":0,"timestamp":1540847736,"path_taken":["M","?","?","?","?","R","$","E","T","E","R","?","R","M","R","BOSS","M","?","$","?","M","R","?","R","T","R","?","M","M","E","R","BOSS"],"build_version":"2018-10-25v2","purchased_purges":2,"victory":false,"max_hp_per_floor":[66,66,66,66,66,66,66,66,66,66,66,66,66,66,66,66,66,66,33,33,33,33,33,33,33,33,33,33,33,33,33,33,33],"card_choices":[{"not_picked":["Catalyst","Underhanded Strike"],"picked":"Outmaneuver","floor":1.0},{"not_picked":["Flying Knee","Sucker Punch"],"picked":"Cloak And Dagger","floor":5.0},{"not_picked":["Blade Dance","Prepared"],"picked":"Poisoned Stab","floor":8.0},{"not_picked":["Deflect","Concentrate"],"picked":"Footwork","floor":10.0},{"not_picked":["A Thousand Cuts","Deflect"],"picked":"Poisoned Stab","floor":14.0},{"not_picked":["Burst","Tools of the Trade"],"picked":"A Thousand Cuts","floor":16.0},{"not_picked":["Deflect","Dagger Throw"],"picked":"Sucker Punch","floor":18.0},{"not_picked":["Dagger Spray","Skewer"],"picked":"Blade Dance","floor":22.0},{"not_picked":["Bane","Poisoned Stab"],"picked":"Blade Dance","floor":24.0},{"not_picked":["Finisher","Catalyst"],"picked":"Noxious Fumes","floor":29.0},{"not_picked":["Eviscerate","Dagger Throw"],"picked":"Accuracy","floor":30.0},{"not_picked":["Underhanded Strike","Dash"],"picked":"Backflip","floor":31.0}],"player_experience":464356,"relics_obtained":[{"floor":8.0,"key":"Art of War"},{"floor":9.0,"key":"Happy Flower"},{"floor":10.0,"key":"Oddly Smooth Stone"},{"floor":26.0,"key":"Meat on the Bone"},{"floor":31.0,"key":"Bag of Preparation"}],"event_choices":[{"damage_healed":0.0,"max_hp_gain":0.0,"max_hp_loss":0.0,"gold_gain":0.0,"event_name":"The Lab","player_choice":"Got Potions","floor":2.0,"gold_loss":0.0,"damage_taken":0.0},{"cards_removed":["Defend_G"],"damage_healed":0.0,"max_hp_gain":0.0,"max_hp_loss":0.0,"gold_gain":0.0,"event_name":"The Cleric","player_choice":"Card Removal","floor":3.0,"gold_loss":50.0,"damage_taken":0.0},{"damage_healed":0.0,"max_hp_gain":0.0,"max_hp_loss":0.0,"gold_gain":175.0,"event_name":"Liars Game","player_choice":"AGREE","floor":4.0,"gold_loss":0.0,"damage_taken":0.0,"cards_obtained":["Doubt"]},{"damage_healed":0.0,"max_hp_gain":0.0,"max_hp_loss":0.0,"gold_gain":0.0,"event_name":"Scrap Ooze","player_choice":"Success","floor":12.0,"gold_loss":0.0,"damage_taken":12.0,"relics_obtained":["PreservedInsect"]},{"damage_healed":0.0,"max_hp_gain":0.0,"max_hp_loss":33.0,"gold_gain":0.0,"event_name":"Ghosts","player_choice":"Became a Ghost","floor":19.0,"gold_loss":0.0,"damage_taken":0.0,"cards_obtained":["Ghostly","Ghostly","Ghostly","Ghostly","Ghostly"]},{"cards_removed":["Tactician"],"damage_healed":0.0,"max_hp_gain":0.0,"max_hp_loss":0.0,"gold_gain":0.0,"event_name":"Back to Basics","player_choice":"Elegance","floor":21.0,"gold_loss":0.0,"damage_taken":0.0},{"damage_healed":0.0,"max_hp_gain":0.0,"max_hp_loss":0.0,"gold_gain":0.0,"event_name":"The Library","player_choice":"Read","floor":28.0,"gold_loss":0.0,"damage_taken":0.0,"cards_obtained":["Choke"]}],"is_beta":false,"boss_relics":[{"not_picked":["Orrery","Cursed Key"],"picked":"Pandora\u0027s Box"}],"items_purged_floors":[7,20],"is_endless":false,"potions_floor_spawned":[1,5,10,18,31],"killed_by":"Champ","ascension_level":14}