{"path_per_floor":["M","M","M","?","$","E","M","R","T","R","?","M","$","E","R","B",null,"M","?","M","?","T","R","M","E","T","M","R","M","E","T","R","B",null,"M","M","M","?","?","R","M","R","T","M","$","R","M","M","R","B"],"character_chosen":"THE_SILENT","items_purchased":["Flying Knee","Tiny Chest","Ornamental Fan","Pen Nib","Block Potion"],"gold_per_floor":[111,131,148,148,24,49,64,64,87,87,162,175,62,87,87,185,185,199,199,210,125,125,125,138,166,166,184,184,198,233,233,233,333,363,373,385,401,501,501,501,513,513,537,553,94,94,107,118,118,118],"floor_reached":51,"campfire_rested":3,"playtime":5364,"current_hp_per_floor":[70,70,70,70,70,55,39,66,66,70,59,59,59,37,66,28,70,70,70,65,65,65,70,65,44,44,44,54,46,46,46,56,56,75,75,46,46,46,46,58,41,75,75,50,50,62,62,62,74,74],"items_purged":["Regret"],"gold":118,"play_id":"ce2b905c-9ab5-49c9-b9f4-a3e6c910480d","is_prod":false,"is_daily":false,"campfire_rituals":0,"campfire_upgraded":5,"is_hardmode":false,"path_taken":["M","M","M","?","$","E","M","R","T","R","?","?","$","E","R","BOSS","M","?","M","?","?","R","M","E","T","M","R","?","E","?","R","BOSS","M","M","M","?","?","R","?","R","T","M","$","R","?","M","R","BOSS"],"build_version":"2018-01-11-PROD2","purchased_purges":1,"victory":true,"master_deck":["Defend_G","Defend_G","Defend_G","Defend_G","Defend_G","Strike_G","Strike_G","Strike_G","Strike_G","Survivor","Neutralize","Malaise","Prepared","Dagger Spray","Flying Knee","After Image","Backflip","Flying Knee","Slice","Venomology","Dash","All Out Attack","Finisher","Slice","Blade Dance","Slice","Finisher","Blade Dance","Prepared","Backflip","Riddle With Holes","Footwork","Quick Slash"],"max_hp_per_floor":[70,70,70,70,70,70,70,70,70,70,70,70,70,70,70,70,70,70,70,70,70,70,70,70,70,70,70,70,70,70,70,70,70,75,75,75,75,75,75,75,75,75,75,75,75,75,75,75,75,75],"relics":["Eternal Feather","Oddly Smooth Stone","Ice Cream","Lantern","Tiny Chest","Vajra","Calling Bell","Regal Pillow","Thread and Needle","Kunai","Bag of Marbles","Gremlin Horn","Shuriken","Peace Pipe","Darkstone Periapt","Tingsha","Tiny House","Anchor","Ornamental Fan","Pen Nib"],"campfire_meditates":0,"card_choices":[{"not_picked":["Riddle With Holes","Outmaneuver"],"picked":"Malaise"},{"not_picked":["Reflex","Catalyst"],"picked":"Prepared"},{"not_picked":["Leg Sweep","Endless Agony"],"picked":"Dagger Spray"},{"not_picked":["Dodge and Roll","Noxious Fumes"],"picked":"After Image"},{"not_picked":["Acrobatics","Leg Sweep"],"picked":"Backflip"},{"not_picked":["Quick Slash","Distraction"],"picked":"Flying Knee"},{"not_picked":["Quick Slash","Infinite Blades"],"picked":"Slice"},{"not_picked":["Glass Knife","Corpse Explosion"],"picked":"Venomology"},{"not_picked":["Poisoned Stab","Deflect"],"picked":"Dash"},{"not_picked":["Dash","Poisoned Stab"],"picked":"All Out Attack"},{"not_picked":["Heel Hook","Slice"],"picked":"Finisher"},{"not_picked":["Dodge and Roll","Doppelganger"],"picked":"Slice"},{"not_picked":["Flying Knee","PiercingWail"],"picked":"Blade Dance"},{"not_picked":["Bane","Dagger Throw"],"picked":"Slice"},{"not_picked":["Dodge and Roll","Blade Dance"],"picked":"Finisher"},{"not_picked":["Poisoned Stab","Acrobatics"],"picked":"Blade Dance"},{"not_picked":["Underhanded Strike","Reflex"],"picked":"Prepared"},{"not_picked":["Flying Knee","PiercingWail"],"picked":"Backflip"},{"not_picked":["Quick Slash","Reflex"],"picked":"Footwork"},{"not_picked":["Dodge and Roll","Doppelganger"],"picked":"Quick Slash"}],"player_experience":38726,"potions_floor_usage":[16,20,24,25,27,29,29,30,33,33,33,36,37,37,44,47,50,50],"damage_taken":[{"damage":0,"enemies":"Jaw Worm","floor":1,"turns":5},{"damage":0,"enemies":"Small Slimes","floor":2,"turns":4},{"damage":0,"enemies":"2 Louse","floor":3,"turns":4},{"damage":15,"enemies":"3 Sentries","floor":6,"turns":8},{"damage":16,"enemies":"Gremlin Gang","floor":7,"turns":6},{"damage":0,"enemies":"Exordium Wildlife","floor":12,"turns":4},{"damage":22,"enemies":"Gremlin Nob","floor":14,"turns":6},{"damage":38,"enemies":"Slime Boss","floor":16,"turns":15},{"damage":0,"enemies":"3 Byrds","floor":18,"turns":6},{"damage":5,"enemies":"Chosen","floor":20,"turns":7},{"damage":5,"enemies":"3 Cultists","floor":24,"turns":4},{"damage":21,"enemies":"Book of Stabbing","floor":25,"turns":7},{"damage":0,"enemies":"Chosen and Byrds","floor":27,"turns":5},{"damage":8,"enemies":"Centurion and Healer","floor":29,"turns":5},{"damage":0,"enemies":"Slavers","floor":30,"turns":2},{"damage":0,"enemies":"Collector","floor":33,"turns":8},{"damage":0,"enemies":"Orb Walker","floor":35,"turns":4},{"damage":29,"enemies":"3 Shapes","floor":36,"turns":3},{"damage":0,"enemies":"3 Darklings","floor":37,"turns":5},{"damage":17,"enemies":"Maw","floor":41,"turns":7},{"damage":25,"enemies":"4 Shapes","floor":44,"turns":6},{"damage":0,"enemies":"Sphere and 2 Shapes","floor":47,"turns":6},{"damage":0,"enemies":"3 Darklings","floor":48,"turns":4},{"damage":0,"enemies":"Awakened One","floor":50,"turns":10}],"event_choices":[{"event_name":"Big Fish","player_choice":"Box","floor":4,"damage_taken":0},{"event_name":"World of Goop","player_choice":"Gather Gold","floor":11,"damage_taken":0},{"event_name":"Purifier","player_choice":"One Purge","floor":19,"damage_taken":0},{"event_name":"Addict","player_choice":"Obtained Relic","floor":21,"damage_taken":0},{"event_name":"Golden Shrine","player_choice":"Pray","floor":38,"damage_taken":0},{"event_name":"Transmorgrifier","player_choice":"Transform","floor":39,"damage_taken":0}],"boss_relics":[{"not_picked":["Sozu","The Specimen"],"picked":"Calling Bell"},{"not_picked":["Philosopher\u0027s Stone","Runic Dome"],"picked":"Tiny House"}],"potions_floor_spawned":[1,7,12,16,24,25,30,33,36,41,48],"seed_played":"2609631905933927357","is_trial":false}