{"gold_per_floor":[112,112,127,127,142,142,160,160,187,217,232,250,250,263,263,263],"floor_reached":16,"playtime":549,"items_purged":[],"score":151,"play_id":"5d06f9f4-4a85-4635-a738-efc3e9678ce4","local_time":"20190420114312","is_ascension_mode":true,"campfire_choices":[{"data":"Zap","floor":6,"key":"SMITH"},{"data":"Dualcast","floor":8,"key":"SMITH"},{"data":"Sunder","floor":13,"key":"SMITH"},{"floor":15,"key":"REST"}],"neow_cost":"NONE","seed_source_timestamp":926855905377219,"circlet_count":0,"master_deck":["Strike_B","Strike_B","Strike_B","Strike_B","Defend_B","Defend_B","Defend_B","Defend_B","Zap+1","Dualcast+1","Scrape","Steam","Sunder+1","Skim","Steam"],"relics":["Sozu","Omamori","Bag of Marbles"],"potions_floor_usage":[],"damage_taken":[{"damage":0,"enemies":"Small Slimes","floor":1,"turns":3},{"damage":1,"enemies":"Cultist","floor":3,"turns":4},{"damage":0,"enemies":"2 Louse","floor":5,"turns":3},{"damage":23,"enemies":"Exordium Wildlife","floor":7,"turns":4},{"damage":27,"enemies":"Gremlin Nob","floor":10,"turns":4},{"damage":0,"enemies":"2 Fungi Beasts","floor":11,"turns":3},{"damage":6,"enemies":"3 Louse","floor":12,"turns":3},{"damage":14,"enemies":"Exordium Wildlife","floor":14,"turns":3},{"damage":34,"enemies":"Slime Boss","floor":16,"turns":7}],"seed_played":"-8346591813473861215","potions_obtained":[],"is_trial":false,"path_per_floor":["M","?","M","?","M","R","M","R","T","E","M","M","R","M","R","B"],"character_chosen":"DEFECT","items_purchased":[],"campfire_rested":1,"item_purchase_floors":[],"current_hp_per_floor":[68,68,67,75,75,75,52,52,52,25,25,19,19,5,27,0],"gold":263,"neow_bonus":"BOSS_RELIC","is_prod":false,"is_daily":false,"chose_seed":false,"campfire_upgraded":3,"win_rate":0,"timestamp":1555785792,"path_taken":["M","?","M","?","M","R","M","R","T","E","M","?","R","M","R","BOSS"],"build_version":"2019-01-23","purchased_purges":0,"victory":false,"max_hp_per_floor":[75,75,75,75,75,75,75,75,75,75,75,75,75,75,75,75],"card_choices":[{"not_picked":["Stack","Undo","White Noise"],"picked":"SKIP","floor":1},{"not_picked":["Gash","Conserve Battery"],"picked":"Capacitor","floor":3},{"not_picked":["Steam","Ball Lightning"],"picked":"Scrape","floor":5},{"not_picked":["Coolheaded","Fission","Redo"],"picked":"SKIP","floor":7},{"not_picked":["Compile Driver","Chill"],"picked":"Steam","floor":10},{"not_picked":["Hyperbeam","Conserve Battery"],"picked":"Sunder","floor":11},{"not_picked":["Rebound","Cold Snap"],"picked":"Skim","floor":12},{"not_picked":["Barrage","Coolheaded"],"picked":"Steam","floor":14}],"player_experience":108252,"relics_obtained":[{"floor":9,"key":"Omamori"},{"floor":10,"key":"Bag of Marbles"}],"event_choices":[{"damage_healed":0,"gold_gain":0,"player_choice":"Ignored","damage_taken":0,"max_hp_gain":0,"max_hp_loss":0,"event_name":"Liars Game","floor":2,"gold_loss":0},{"cards_removed":["Capacitor"],"damage_healed":8,"gold_gain":0,"player_choice":"Offered Uncommon","damage_taken":0,"max_hp_gain":0,"max_hp_loss":0,"event_name":"Bonfire Elementals","floor":4,"gold_loss":0}],"is_beta":false,"boss_relics":[],"items_purged_floors":[],"is_endless":false,"potions_floor_spawned":[3,5,10,14],"killed_by":"Slime Boss","ascension_level":9}