{"gold_per_floor":[115,132,57,84,234,234,268,268,292,292,292,46,79,79,79,153,153,163,174,174,188,113,113,141,141],"floor_reached":25,"playtime":803,"items_purged":["Doubt"],"score":453,"play_id":"93168a40-c74a-4778-bc21-61d053dbf76c","local_time":"20190822180341","is_ascension_mode":true,"campfire_choices":[{"data":"Zap","floor":6,"key":"SMITH"},{"floor":8,"key":"REST"},{"data":"White Noise","floor":11,"key":"SMITH"},{"floor":15,"key":"REST"},{"floor":23,"key":"REST"}],"neow_cost":"PERCENT_DAMAGE","seed_source_timestamp":737834447250400,"circlet_count":0,"master_deck":["AscendersBane","Strike_B+1","Defend_B","Zap+1","Dualcast","Sweeping Beam+1","Redo","White Noise+1","Gash","Leap","Storm","Hologram","Buffer","Lockon+1","Sunder+1","Hologram+1","White Noise","Rip and Tear","Reinforced Body","Tempest"],"relics":["Cracked Core","Juzu Bracelet","Whetstone","Boot","Oddly Smooth Stone","Strawberry","Astrolabe","Nunchaku"],"potions_floor_usage":[7,16,18,21,21,25],"damage_taken":[{"damage":2,"enemies":"Jaw Worm","floor":1,"turns":4},{"damage":5,"enemies":"Small Slimes","floor":2,"turns":3},{"damage":30,"enemies":"3 Sentries","floor":7,"turns":8},{"damage":18,"enemies":"Lagavulin","floor":13,"turns":6},{"damage":27,"enemies":"The Guardian","floor":16,"turns":11},{"damage":2,"enemies":"3 Byrds","floor":18,"turns":3},{"damage":11,"enemies":"Spheric Guardian","floor":19,"turns":4},{"damage":29,"enemies":"Chosen and Byrds","floor":21,"turns":6},{"damage":45,"enemies":"Book of Stabbing","floor":24,"turns":5},{"damage":20,"enemies":"Snake Plant","floor":25,"turns":1}],"seed_played":"5767224671214685663","potions_obtained":[{"floor":2,"key":"SteroidPotion"},{"floor":7,"key":"Swift Potion"},{"floor":16,"key":"Explosive Potion"},{"floor":19,"key":"Block Potion"},{"floor":20,"key":"FocusPotion"},{"floor":24,"key":"EssenceOfSteel"}],"is_trial":false,"path_per_floor":["M","M","?","T","?","R","E","R","T","?","R","$","E","?","R","B",null,"M","M","?","M","?","R","E","M"],"character_chosen":"DEFECT","items_purchased":["Gash","Leap","Storm"],"campfire_rested":3,"item_purchase_floors":[12,12,12],"current_hp_per_floor":[58,53,53,53,53,53,23,48,48,43,43,43,32,25,52,25,75,73,62,62,33,33,60,15,0],"gold":141,"neow_bonus":"TWENTY_PERCENT_HP_BONUS","is_prod":false,"is_daily":false,"chose_seed":false,"campfire_upgraded":2,"win_rate":0,"timestamp":1566489821,"path_taken":["M","M","?","?","?","R","E","R","T","?","R","$","E","?","R","BOSS","M","M","?","M","?","R","E","M"],"build_version":"2019-07-17","purchased_purges":1,"victory":false,"max_hp_per_floor":[85,85,85,85,85,85,85,85,85,85,85,85,92,92,92,92,92,92,92,92,92,92,92,92,92],"card_choices":[{"not_picked":["Undo","Rebound"],"picked":"Sweeping Beam","floor":1},{"not_picked":["Compile Driver","Rebound"],"picked":"Redo","floor":2},{"not_picked":["Amplify","Barrage"],"picked":"White Noise","floor":7},{"not_picked":["Barrage","FTL"],"picked":"Hologram","floor":13},{"not_picked":["Multi-Cast","Fission"],"picked":"Buffer","floor":16},{"not_picked":["Redo","Compile Driver"],"picked":"White Noise","floor":18},{"not_picked":["Turbo","Aggregate"],"picked":"Rip and Tear","floor":19},{"not_picked":["Undo","Turbo"],"picked":"Reinforced Body","floor":21},{"not_picked":["Leap","Lockon"],"picked":"Tempest","floor":24}],"player_experience":1950629,"relics_obtained":[{"floor":4,"key":"Juzu Bracelet"},{"floor":7,"key":"Whetstone"},{"floor":9,"key":"Boot"},{"floor":13,"key":"Strawberry"},{"floor":24,"key":"Nunchaku"}],"event_choices":[{"cards_removed":["Strike_B"],"damage_healed":0,"gold_gain":0,"player_choice":"Card Removal","damage_taken":0,"max_hp_gain":0,"max_hp_loss":0,"event_name":"The Cleric","floor":3,"gold_loss":75},{"damage_healed":0,"gold_gain":150,"player_choice":"AGREE","damage_taken":0,"max_hp_gain":0,"max_hp_loss":0,"event_name":"Liars Game","floor":5,"gold_loss":0,"cards_obtained":["Doubt"]},{"damage_healed":0,"gold_gain":0,"player_choice":"Success","damage_taken":5,"relics_obtained":["Oddly Smooth Stone"],"max_hp_gain":0,"max_hp_loss":0,"event_name":"Scrap Ooze","floor":10,"gold_loss":0},{"cards_removed":["Strike_B"],"damage_healed":0,"gold_gain":0,"player_choice":"Card Removal","damage_taken":7,"max_hp_gain":0,"max_hp_loss":0,"event_name":"Golden Wing","floor":14,"gold_loss":0},{"damage_healed":0,"gold_gain":0,"player_choice":"Got Potions","damage_taken":0,"max_hp_gain":0,"max_hp_loss":0,"event_name":"Lab","floor":20,"gold_loss":0},{"cards_removed":["Defend_B"],"damage_healed":0,"gold_gain":0,"player_choice":"Gave Gold","damage_taken":0,"max_hp_gain":0,"max_hp_loss":0,"event_name":"Beggar","floor":22,"gold_loss":75}],"is_beta":false,"boss_relics":[{"not_picked":["Runic Dome","Orrery"],"picked":"Astrolabe"}],"items_purged_floors":[12],"is_endless":false,"potions_floor_spawned":[2,7,16,19,24],"killed_by":"Snake Plant","ascension_level":18}