{"gold_per_floor":[112,112,127,127,147,147,166,166,166,200,200,215,235,250,250,250],"floor_reached":16,"playtime":441,"items_purged":[],"score":192,"play_id":"5b2baa39-05a8-4cd7-bc6d-0ac357950f5c","local_time":"20191003232451","is_ascension_mode":true,"campfire_choices":[{"data":"Footwork","floor":6.0,"key":"SMITH"},{"data":"Sucker Punch","floor":8.0,"key":"SMITH"},{"data":"Dagger Spray","floor":11,"key":"SMITH"},{"data":"Burst","floor":15,"key":"SMITH"}],"neow_cost":"NONE","seed_source_timestamp":20627393082238,"circlet_count":0,"master_deck":["AscendersBane","Strike_G","Strike_G","Strike_G","Strike_G","Defend_G","Defend_G","Defend_G","Defend_G","Defend_G","Survivor","Neutralize","Sucker Punch","Footwork+1","Sucker Punch+1","Dagger Spray+1","Burst+1"],"special_seed":0,"relics":["Ring of the Snake","NeowsBlessing","Meat on the Bone","Shuriken","Bag of Preparation"],"potions_floor_usage":[16],"damage_taken":[{"damage":0.0,"enemies":"2 Louse","floor":1.0,"turns":1.0},{"damage":0.0,"enemies":"Cultist","floor":3.0,"turns":1.0},{"damage":0.0,"enemies":"Small Slimes","floor":5.0,"turns":1.0},{"damage":0.0,"enemies":"2 Fungi Beasts","floor":7.0,"turns":6.0},{"damage":17.0,"enemies":"Gremlin Nob","floor":10.0,"turns":4.0},{"damage":1,"enemies":"Exordium Wildlife","floor":12,"turns":6},{"damage":0,"enemies":"Exordium Thugs","floor":13,"turns":4},{"damage":4,"enemies":"Large Slime","floor":14,"turns":5},{"damage":45,"enemies":"Slime Boss","floor":16,"turns":9}],"seed_played":"6735956430786163879","potions_obtained":[{"floor":3.0,"key":"SteroidPotion"},{"floor":7.0,"key":"GhostInAJar"},{"floor":10.0,"key":"Energy Potion"}],"is_trial":false,"path_per_floor":["M","?","M","T","M","R","M","R","T","E","R","M","M","M","R","B"],"character_chosen":"THE_SILENT","items_purchased":[],"campfire_rested":0,"item_purchase_floors":[],"current_hp_per_floor":[59,59,59,59,59,59,59,59,59,42,42,41,41,37,37,0],"gold":250,"neow_bonus":"THREE_ENEMY_KILL","is_prod":false,"is_daily":false,"chose_seed":false,"campfire_upgraded":4,"win_rate":0,"timestamp":1570170291,"path_taken":["M","?","?","?","?","R","M","R","T","E","R","M","M","M","R","BOSS"],"build_version":"2019-07-17","purchased_purges":0,"victory":false,"max_hp_per_floor":[66,66,66,66,66,66,66,66,66,66,66,66,66,66,66,66],"card_choices":[{"not_picked":["Deadly Poison","Backflip"],"picked":"Sucker Punch","floor":1.0},{"not_picked":["Masterful Stab","Acrobatics","Deadly Poison"],"picked":"SKIP","floor":3.0},{"not_picked":["Prepared","Deflect","Deadly Poison"],"picked":"SKIP","floor":5.0},{"not_picked":["Deadly Poison","Distraction"],"picked":"Sucker Punch","floor":7.0},{"not_picked":["PiercingWail","Blade Dance"],"picked":"Dagger Spray","floor":10.0},{"not_picked":["Slice","Quick Slash","Reflex"],"picked":"SKIP","floor":12},{"not_picked":["Blade Dance","PiercingWail"],"picked":"Burst","floor":13},{"not_picked":["Reflex","Deflect","Eviscerate"],"picked":"SKIP","floor":14}],"player_experience":313803,"relics_obtained":[{"floor":4.0,"key":"Meat on the Bone"},{"floor":9.0,"key":"Shuriken"},{"floor":10.0,"key":"Bag of Preparation"}],"event_choices":[{"damage_healed":0.0,"max_hp_gain":0.0,"max_hp_loss":0.0,"gold_gain":0.0,"cards_transformed":["Strike_G"],"event_name":"Transmorgrifier","player_choice":"Transformed","floor":2.0,"gold_loss":0.0,"damage_taken":0.0,"cards_obtained":["Footwork"]}],"is_beta":false,"boss_relics":[],"items_purged_floors":[],"is_endless":false,"potions_floor_spawned":[3,7,10,13,14],"killed_by":"Slime Boss","ascension_level":17}