{"gold_per_floor":[110,110,120,120,132,158,158,175,175,195,226,226,256,256,256,330,330,346,8,22,22,22],"floor_reached":22,"playtime":686,"items_purged":["Perfected Strike"],"score":458,"play_id":"a6648a3c-e421-4af4-bd93-2f04876a200c","local_time":"20190117213847","is_ascension_mode":true,"campfire_choices":[{"floor":7.0,"key":"REST"},{"data":"Anger","floor":12.0,"key":"SMITH"},{"data":"Demon Form","floor":15.0,"key":"SMITH"}],"neow_cost":"NONE","seed_source_timestamp":701789968824165,"circlet_count":0,"master_deck":["AscendersBane","Strike_R+1","Strike_R","Strike_R","Strike_R+1","Strike_R","Defend_R","Defend_R","Defend_R","Defend_R","Bash+1","Clothesline+1","Ghostly Armor","Cleave","Offering","Anger+1","Shrug It Off","Demon Form+1","Juggernaut","Twin Strike","Armaments+1"],"special_seed":0,"relics":["Burning Blood","Whetstone","Smiling Mask","Darkstone Periapt","StoneCalendar","Happy Flower","Art of War","Mark of Pain","Bottled Tornado"],"potions_floor_usage":[22],"damage_taken":[{"damage":3.0,"enemies":"2 Louse","floor":1.0,"turns":3.0},{"damage":0.0,"enemies":"Cultist","floor":3.0,"turns":2.0},{"damage":2.0,"enemies":"Small Slimes","floor":5.0,"turns":3.0},{"damage":20.0,"enemies":"Lagavulin","floor":6.0,"turns":5.0},{"damage":10.0,"enemies":"2 Fungi Beasts","floor":8.0,"turns":3.0},{"damage":9.0,"enemies":"Blue Slaver","floor":10.0,"turns":3.0},{"damage":21.0,"enemies":"3 Sentries","floor":11.0,"turns":5.0},{"damage":6.0,"enemies":"Gremlin Nob","floor":13.0,"turns":2.0},{"damage":35.0,"enemies":"Hexaghost","floor":16.0,"turns":7.0},{"damage":29.0,"enemies":"3 Byrds","floor":18.0,"turns":5.0},{"damage":18.0,"enemies":"Shell Parasite","floor":20.0,"turns":5.0},{"damage":26,"enemies":"Snake Plant","floor":22,"turns":3}],"seed_played":"-8191811215397276180","potions_obtained":[{"floor":3.0,"key":"Regen Potion"},{"floor":5.0,"key":"Poison Potion"},{"floor":8.0,"key":"Fire Potion"},{"floor":13.0,"key":"Ancient Potion"},{"floor":16.0,"key":"SpeedPotion"}],"is_trial":false,"path_per_floor":["M","?","M","?","M","E","R","M","T","M","E","R","E","?","R","B",null,"M","$","M","?","M"],"character_chosen":"IRONCLAD","items_purchased":["Bottled Tornado"],"campfire_rested":1,"item_purchase_floors":[19],"current_hp_per_floor":[71,48,54,43,47,47,69,65,65,62,47,47,47,47,47,18,61,38,38,26,26,0],"gold":22,"neow_bonus":"RANDOM_COMMON_RELIC","is_prod":false,"is_daily":false,"chose_seed":false,"campfire_upgraded":2,"win_rate":0,"timestamp":1547757527,"path_taken":["M","?","M","?","?","E","R","M","T","M","E","R","E","?","R","BOSS","M","$","M","?","?"],"build_version":"2019-01-10","purchased_purges":1,"victory":false,"max_hp_per_floor":[75,75,75,75,75,75,75,75,75,75,75,75,75,75,75,75,75,75,75,75,75,75],"card_choices":[{"not_picked":["Cleave","Carnage"],"picked":"Clothesline","floor":1.0},{"not_picked":["Metallicize","Feel No Pain"],"picked":"Perfected Strike","floor":3.0},{"not_picked":["Pummel","Cleave"],"picked":"Ghostly Armor","floor":5.0},{"not_picked":["Rampage","Headbutt"],"picked":"Cleave","floor":6.0},{"not_picked":["True Grit","Carnage"],"picked":"Offering","floor":8.0},{"not_picked":["Body Slam","Iron Wave"],"picked":"Anger","floor":10.0},{"not_picked":["Flex","Blood for Blood"],"picked":"Shrug It Off","floor":11.0},{"not_picked":["Sentinel","Rupture"],"picked":"Demon Form","floor":13.0},{"not_picked":["Demon Form","Exhume"],"picked":"Juggernaut","floor":16.0},{"not_picked":["Wild Strike","Perfected Strike"],"picked":"Twin Strike","floor":18.0},{"not_picked":["Searing Blow","Heavy Blade"],"picked":"Armaments","floor":20.0}],"player_experience":604331,"relics_obtained":[{"floor":6.0,"key":"Smiling Mask"},{"floor":9.0,"key":"Darkstone Periapt"},{"floor":11.0,"key":"StoneCalendar"},{"floor":13.0,"key":"Happy Flower"}],"event_choices":[{"damage_healed":0.0,"max_hp_gain":0.0,"max_hp_loss":0.0,"gold_gain":0.0,"event_name":"Shining Light","player_choice":"Entered Light","floor":2.0,"gold_loss":0.0,"damage_taken":23.0,"cards_upgraded":["Strike_R","Clothesline"]},{"damage_healed":0.0,"max_hp_gain":0.0,"max_hp_loss":0.0,"gold_gain":0.0,"event_name":"Wheel of Change","player_choice":"Damaged","floor":4.0,"gold_loss":0.0,"damage_taken":11.0},{"damage_healed":0.0,"max_hp_gain":0.0,"max_hp_loss":0.0,"gold_gain":0.0,"event_name":"WeMeetAgain","player_choice":"Gave Potion","floor":14.0,"gold_loss":0.0,"damage_taken":0.0,"relics_obtained":["Art of War"]},{"damage_healed":0.0,"max_hp_gain":0.0,"max_hp_loss":0.0,"gold_gain":0.0,"event_name":"Accursed Blacksmith","player_choice":"Forge","floor":21.0,"gold_loss":0.0,"damage_taken":0.0,"cards_upgraded":["Armaments"]}],"is_beta":false,"boss_relics":[{"not_picked":["Tiny House","White Beast Statue"],"picked":"Mark of Pain"}],"items_purged_floors":[19],"is_endless":false,"potions_floor_spawned":[3,5,8,13,16],"killed_by":"Snake Plant","ascension_level":20}