{"gold_per_floor":[116,9,27,27,37,37,71,71,71,71,71,81,98,123,123,219,219,237,252,202,212,212],"floor_reached":22,"playtime":1272,"items_purged":[],"score":245,"play_id":"3e06a7c4-4f33-4891-a37b-a3075abd0092","local_time":"20190930201252","is_ascension_mode":true,"campfire_choices":[{"data":"Fission","floor":6,"key":"SMITH"},{"data":"Genetic Algorithm","floor":8,"key":"SMITH"},{"data":"Zap","floor":10,"key":"SMITH"},{"floor":15,"key":"REST"}],"neow_cost":"NONE","seed_source_timestamp":1680967592732181,"circlet_count":0,"master_deck":["Strike_B","Strike_B","Strike_B","Strike_B","Defend_B","Defend_B","Defend_B","Defend_B","Zap+1","Dualcast","Fission+1","Leap","Conserve Battery","Melter","Darkness+1","Genetic Algorithm+1","Undo","Loop","Turbo","Machine Learning","Loop+1","Undo","Sunder+1"],"relics":["FrozenCore","Sundial","Centennial Puzzle","White Beast Statue"],"potions_floor_usage":[14],"damage_taken":[{"damage":1,"enemies":"Cultist","floor":1,"turns":3},{"damage":12,"enemies":"Small Slimes","floor":3,"turns":2},{"damage":0,"enemies":"2 Louse","floor":5,"turns":3},{"damage":20,"enemies":"Lagavulin","floor":7,"turns":6},{"damage":2,"enemies":"Red Slaver","floor":12,"turns":3},{"damage":11,"enemies":"Gremlin Gang","floor":13,"turns":7},{"damage":10,"enemies":"3 Sentries","floor":14,"turns":6},{"damage":34,"enemies":"The Guardian","floor":16,"turns":11},{"damage":11,"enemies":"Shell Parasite","floor":18,"turns":8},{"damage":16,"enemies":"Chosen","floor":19,"turns":6},{"damage":12,"enemies":"Snecko","floor":21,"turns":12},{"damage":15,"enemies":"Centurion and Healer","floor":22,"turns":5}],"seed_played":"-4694365337886171621","potions_obtained":[{"floor":5,"key":"SpeedPotion"},{"floor":13,"key":"SkillPotion"},{"floor":14,"key":"Energy Potion"},{"floor":16,"key":"PowerPotion"}],"is_trial":false,"path_per_floor":["M","$","M","?","M","R","E","R","T","R","?","M","M","E","R","B",null,"M","M","?","M","M"],"character_chosen":"DEFECT","items_purchased":["Conserve Battery","Melter"],"campfire_rested":1,"item_purchase_floors":[2,2],"current_hp_per_floor":[74,74,62,62,62,62,42,42,42,42,42,40,29,19,41,7,58,47,31,31,19,4],"gold":212,"neow_bonus":"ONE_RANDOM_RARE_CARD","is_prod":false,"is_daily":false,"chose_seed":false,"campfire_upgraded":3,"win_rate":0,"timestamp":1569888772,"path_taken":["M","?","M","?","M","R","E","R","T","R","?","?","?","E","R","BOSS","M","M","?","?","M"],"build_version":"2019-09-27","purchased_purges":0,"victory":false,"max_hp_per_floor":[75,75,75,75,75,75,75,75,75,75,75,75,75,75,75,75,75,75,75,75,75,75],"card_choices":[{"not_picked":["Scrape","Hologram"],"picked":"Leap","floor":1},{"not_picked":["Turbo","Leap"],"picked":"Darkness","floor":3},{"not_picked":["Redo","Leap","Double Energy"],"picked":"SKIP","floor":5},{"not_picked":["Double Energy","Leap"],"picked":"Genetic Algorithm","floor":7},{"not_picked":["Skim","Scrape"],"picked":"Undo","floor":12},{"not_picked":["Rebound","Ball Lightning"],"picked":"Loop","floor":13},{"not_picked":["Stack","Auto Shields"],"picked":"Turbo","floor":14},{"not_picked":["Thunder Strike","Multi-Cast"],"picked":"Machine Learning","floor":16},{"not_picked":["Stack+1","Go for the Eyes"],"picked":"Loop+1","floor":18},{"not_picked":["Barrage+1","Beam Cell+1"],"picked":"Undo","floor":19},{"not_picked":["Gash","Reboot"],"picked":"Sunder+1","floor":21}],"player_experience":450768,"relics_obtained":[{"floor":7,"key":"Sundial"},{"floor":9,"key":"Centennial Puzzle"},{"floor":14,"key":"White Beast Statue"}],"event_choices":[{"damage_healed":0,"gold_gain":0,"player_choice":"Ignored","damage_taken":0,"max_hp_gain":0,"max_hp_loss":0,"event_name":"Golden Idol","floor":4,"gold_loss":0},{"damage_healed":0,"gold_gain":0,"player_choice":"Forge","damage_taken":0,"max_hp_gain":0,"max_hp_loss":0,"event_name":"Accursed Blacksmith","floor":11,"gold_loss":0,"cards_upgraded":["Darkness"]},{"damage_healed":0,"gold_gain":0,"player_choice":"Bet on Owner","damage_taken":0,"max_hp_gain":0,"max_hp_loss":0,"event_name":"The Joust","floor":20,"gold_loss":50}],"is_beta":true,"boss_relics":[{"not_picked":["Velvet Choker","Snecko Eye"],"picked":"FrozenCore"}],"items_purged_floors":[],"is_endless":false,"potions_floor_spawned":[5,13,14,16,18,19,21],"killed_by":"Centurion and Healer","ascension_level":5}