{"gold_per_floor":[115,127,107,119,133,133,133,208,208,208,243,36,66,86,86,163,163,179,179,189,15,35,35,48,48,74,74],"floor_reached":27,"playtime":1056,"items_purged":["Strike_G","Strike_G"],"score":401,"play_id":"0c7d2260-13dd-4bda-9081-5184c0da6fdf","local_time":"20190617072059","is_ascension_mode":true,"campfire_choices":[{"data":"Skewer","floor":6,"key":"SMITH"},{"data":"Neutralize","floor":10,"key":"SMITH"},{"data":"Crippling Poison","floor":15,"key":"SMITH"},{"data":"Envenom","floor":23,"key":"SMITH"}],"neow_cost":"PERCENT_DAMAGE","seed_source_timestamp":15750215682800,"circlet_count":0,"master_deck":["AscendersBane","Defend_G","Defend_G","Defend_G","Defend_G","Defend_G","Survivor","Neutralize+1","Dodge and Roll","Dash","Deadly Poison","Skewer+1","Crippling Poison+1","Predator","Calculated Gamble","Backflip","Envenom+1","Endless Agony+1","Heel Hook+1","Heel Hook+1","Flechettes","Dagger Spray","Footwork","Blade Dance","Flying Knee"],"relics":["Ring of the Snake","Pen Nib","Snake Skull","Mummified Hand","Astrolabe","Nloth\u0027s Gift","Bronze Scales"],"potions_floor_usage":[2,3,11,13,14,16,22],"damage_taken":[{"damage":1,"enemies":"Cultist","floor":1,"turns":5},{"damage":4,"enemies":"Jaw Worm","floor":2,"turns":9},{"damage":0,"enemies":"2 Louse","floor":4,"turns":3},{"damage":0,"enemies":"Exordium Thugs","floor":5,"turns":5},{"damage":23,"enemies":"3 Sentries","floor":11,"turns":10},{"damage":7,"enemies":"Gremlin Nob","floor":13,"turns":4},{"damage":0,"enemies":"3 Louse","floor":14,"turns":2},{"damage":8,"enemies":"Hexaghost","floor":16,"turns":8},{"damage":14,"enemies":"2 Thieves","floor":18,"turns":5},{"damage":19,"enemies":"3 Byrds","floor":20,"turns":5},{"damage":14,"enemies":"Shelled Parasite and Fungi","floor":22,"turns":5},{"damage":13,"enemies":"Centurion and Healer","floor":24,"turns":6},{"damage":8,"enemies":"3 Cultists","floor":27,"turns":4}],"seed_played":"1696837961054189930","potions_obtained":[{"floor":1,"key":"PowerPotion"},{"floor":3,"key":"Fruit Juice"},{"floor":5,"key":"Regen Potion"},{"floor":11,"key":"SkillPotion"},{"floor":13,"key":"Poison Potion"},{"floor":18,"key":"SmokeBomb"},{"floor":20,"key":"EssenceOfSteel"}],"is_trial":false,"path_per_floor":["M","M","?","M","M","R","?","?","T","R","E","$","E","M","R","B",null,"M","?","M","$","M","R","M","$","T","M"],"character_chosen":"THE_SILENT","items_purchased":["PowerPotion","Predator","Footwork"],"campfire_rested":0,"item_purchase_floors":[12,12,21],"current_hp_per_floor":[55,51,56,56,56,56,51,40,40,40,32,32,25,25,25,17,67,53,53,34,34,20,20,7,7,7,0],"gold":74,"neow_bonus":"TWENTY_PERCENT_HP_BONUS","is_prod":false,"is_daily":false,"chose_seed":false,"campfire_upgraded":4,"win_rate":0,"timestamp":1560748859,"path_taken":["M","M","?","M","?","R","?","?","T","R","E","$","E","M","R","BOSS","M","?","M","$","M","R","M","$","T","?"],"build_version":"2019-01-23","purchased_purges":2,"victory":false,"max_hp_per_floor":[78,78,83,83,83,83,83,83,83,83,83,83,83,83,83,83,83,83,83,83,83,83,83,83,83,83,83],"card_choices":[{"not_picked":["Catalyst","Prepared"],"picked":"Dodge and Roll","floor":1},{"not_picked":["Deflect","Riddle With Holes"],"picked":"Dash","floor":2},{"not_picked":["Quick Slash","Sucker Punch"],"picked":"Deadly Poison","floor":4},{"not_picked":["Flying Knee","Poisoned Stab"],"picked":"Skewer","floor":5},{"not_picked":["Bane","Riddle With Holes"],"picked":"Crippling Poison","floor":11},{"not_picked":["Choke","Malaise"],"picked":"Calculated Gamble","floor":13},{"not_picked":["Slice","Dagger Spray"],"picked":"Backflip","floor":14},{"not_picked":["Unload","After Image"],"picked":"Envenom","floor":16},{"not_picked":["Acrobatics","Deadly Poison"],"picked":"Flechettes","floor":18},{"not_picked":["Prepared","Terror"],"picked":"Dagger Spray","floor":20},{"not_picked":["Outmaneuver","Poisoned Stab"],"picked":"Blade Dance","floor":22},{"not_picked":["Sucker Punch","Quick Slash"],"picked":"Flying Knee","floor":24}],"player_experience":1383665,"relics_obtained":[{"floor":9,"key":"Dodecahedron"},{"floor":11,"key":"Snake Skull"},{"floor":13,"key":"Mummified Hand"},{"floor":26,"key":"Bronze Scales"}],"event_choices":[{"damage_healed":0,"gold_gain":0,"player_choice":"Bought 1 Potion","damage_taken":0,"max_hp_gain":0,"max_hp_loss":0,"event_name":"The Woman in Blue","floor":3,"gold_loss":0},{"damage_healed":0,"gold_gain":0,"player_choice":"Success","damage_taken":5,"relics_obtained":["Pen Nib"],"max_hp_gain":0,"max_hp_loss":0,"event_name":"Scrap Ooze","floor":7,"gold_loss":0},{"damage_healed":0,"gold_gain":75,"player_choice":"Gather Gold","damage_taken":11,"max_hp_gain":0,"max_hp_loss":0,"event_name":"World of Goop","floor":8,"gold_loss":0},{"damage_healed":0,"gold_gain":0,"player_choice":"Traded Relic","damage_taken":0,"relics_obtained":["Nloth\u0027s Gift"],"max_hp_gain":0,"max_hp_loss":0,"event_name":"N\u0027loth","floor":19,"relics_lost":["Dodecahedron"],"gold_loss":0}],"is_beta":false,"boss_relics":[{"not_picked":["Philosopher\u0027s Stone","Snecko Eye"],"picked":"Astrolabe"}],"items_purged_floors":[12,21],"is_endless":false,"potions_floor_spawned":[1,5,11,13,18,20],"killed_by":"3 Cultists","ascension_level":16}