{"path_per_floor":["M","?","T","M","M","E","R","M","T","M","E","$","M","?","R","B",null,"M","M","M","M","?","R","?","R","T","M","R","M","E","M","R"],"character_chosen":"THE_SILENT","items_purchased":["Gremlin Horn"],"gold_per_floor":[113,113,113,124,135,163,163,178,202,212,246,1,11,79,79,178,178,196,214,234,250,250,250,250,250,323,336,336,354,388,407,407],"floor_reached":33,"campfire_rested":4,"playtime":3348,"current_hp_per_floor":[65,58,58,50,44,27,48,45,45,45,30,30,30,30,51,32,70,61,61,49,48,70,70,54,70,70,68,68,58,46,39,60],"items_purged":[],"gold":407,"play_id":"3bb2513e-7bac-4a8e-b3b6-bd938d5a74f6","is_prod":false,"is_daily":false,"campfire_rituals":0,"campfire_upgraded":2,"is_hardmode":false,"path_taken":["M","?","?","M","M","E","R","M","T","M","E","$","M","?","R","BOSS","M","M","?","M","?","R","?","R","T","M","R","M","E","M","R","BOSS"],"build_version":"2018-01-11-PROD2","purchased_purges":0,"victory":false,"master_deck":["Defend_G","Defend_G","Defend_G","Defend_G","Defend_G","Strike_G","Strike_G","Strike_G","Strike_G","Strike_G","Survivor","Neutralize","Outmaneuver","Distraction","Infinite Blades","Dagger Throw","Dash","Dagger Throw","Sucker Punch","Choke","Sucker Punch","Adrenaline","Terror","Quick Slash","Slice","Envenom","Finisher","Burst"],"max_hp_per_floor":[70,70,70,70,70,70,70,70,70,70,70,70,70,70,70,70,70,70,70,70,70,70,70,70,70,70,70,70,70,70,70,70],"relics":["Ring of the Snake","War Paint","Oddly Smooth Stone","Matryoshka","Vajra","Anchor","Dream Catcher","Gremlin Horn","Sozu","Nilry\u0027s Codex","Omamori","Bottled Lightning","Bag of Marbles"],"campfire_meditates":0,"card_choices":[{"not_picked":["Skewer","Flying Knee"],"picked":"Outmaneuver"},{"not_picked":["Deflect","Slice"],"picked":"Distraction"},{"not_picked":["Deadly Poison","Sucker Punch"],"picked":"Infinite Blades"},{"not_picked":["Sucker Punch","Phantasmal Killer"],"picked":"Dagger Throw"},{"not_picked":["Infinite Blades","Predator"],"picked":"Dash"},{"not_picked":["Heel Hook","Slice"],"picked":"Dagger Throw"},{"not_picked":["Dagger Throw","Calculated Gamble"],"picked":"Sucker Punch"},{"not_picked":["Deadly Poison","Acrobatics"],"picked":"Choke"},{"not_picked":["Dagger Spray","Blur"],"picked":"Sucker Punch"},{"not_picked":["Bullet Time","Tools of the Trade"],"picked":"Adrenaline"},{"not_picked":["Predator","Distraction"],"picked":"Terror"},{"not_picked":["Infinite Blades","Backflip"],"picked":"Quick Slash"},{"not_picked":["Deadly Poison","Caltrops"],"picked":"Slice"},{"not_picked":["Dodge and Roll","Deflect"],"picked":"Envenom"},{"not_picked":["Backflip","Dodge and Roll"],"picked":"Finisher"},{"not_picked":["Backflip","PiercingWail"],"picked":"Burst"}],"player_experience":11036,"potions_floor_usage":[],"damage_taken":[{"damage":5.0,"enemies":"Jaw Worm","floor":1.0,"turns":8.0},{"damage":8.0,"enemies":"Cultist","floor":4.0,"turns":6.0},{"damage":6.0,"enemies":"Blue Slaver","floor":5.0,"turns":7.0},{"damage":17.0,"enemies":"Lagavulin","floor":6.0,"turns":8.0},{"damage":3.0,"enemies":"3 Louse","floor":8.0,"turns":4.0},{"damage":0.0,"enemies":"Exordium Wildlife","floor":10.0,"turns":3.0},{"damage":21.0,"enemies":"Gremlin Nob","floor":11.0,"turns":5.0},{"damage":0.0,"enemies":"Gremlin Gang","floor":13.0,"turns":3.0},{"damage":19.0,"enemies":"Hexaghost","floor":16.0,"turns":11.0},{"damage":9.0,"enemies":"Spheric Guardian","floor":18.0,"turns":4.0},{"damage":0.0,"enemies":"Chosen","floor":19.0,"turns":4.0},{"damage":12.0,"enemies":"Snake Plant","floor":20.0,"turns":4.0},{"damage":1.0,"enemies":"3 Cultists","floor":21.0,"turns":6.0},{"damage":2.0,"enemies":"Snecko","floor":27.0,"turns":4.0},{"damage":10,"enemies":"Sentry and Sphere","floor":29,"turns":4},{"damage":12,"enemies":"Gremlin Leader","floor":30,"turns":4},{"damage":7,"enemies":"Snake Plant","floor":31,"turns":3},{"damage":69,"enemies":"Collector","floor":33,"turns":5}],"event_choices":[{"event_name":"Scrap Ooze","player_choice":"success","floor":2.0,"damage_taken":7.0},{"event_name":"Golden Wing","player_choice":"Gained Gold","floor":14.0,"damage_taken":0.0},{"event_name":"The Library","player_choice":"Heal","floor":22.0,"damage_taken":0.0},{"event_name":"Cursed Tome","player_choice":"Obtained Book","floor":24.0,"damage_taken":0.0}],"boss_relics":[],"potions_floor_spawned":[1,5,6,8,18,30],"seed_played":"-5822823750554105889","killed_by":"Collector","is_trial":false}