{"gold_per_floor":[115,135,135,147,57,57,85,85,85,85,85],"floor_reached":11,"playtime":449,"items_purged":[],"score":138,"play_id":"1fdab55e-7cd8-4ecc-b676-c39ed67838ea","local_time":"20190826172544","is_ascension_mode":true,"campfire_choices":[{"data":"Go for the Eyes","floor":6.0,"key":"SMITH"},{"floor":8.0,"key":"DIG"}],"neow_cost":"NONE","seed_source_timestamp":1176177190420837,"circlet_count":0,"master_deck":["AscendersBane","Strike_B","Strike_B","Strike_B","Strike_B","Defend_B","Defend_B","Defend_B","Defend_B","Zap","Dualcast","Gash","Go for the Eyes+1","Rebound","Auto Shields","Turbo"],"special_seed":0,"relics":["Philosopher\u0027s Stone","Shovel","Boot","Frozen Egg 2"],"potions_floor_usage":[],"damage_taken":[{"damage":8.0,"enemies":"Jaw Worm","floor":1.0,"turns":5.0},{"damage":6.0,"enemies":"Small Slimes","floor":2.0,"turns":3.0},{"damage":0.0,"enemies":"2 Louse","floor":4.0,"turns":2.0},{"damage":33.0,"enemies":"Lagavulin","floor":7.0,"turns":8.0},{"damage":17,"enemies":"Large Slime","floor":11,"turns":5}],"seed_played":"-5797722374693507692","potions_obtained":[{"floor":1.0,"key":"FocusPotion"},{"floor":7.0,"key":"Energy Potion"}],"is_trial":false,"path_per_floor":["M","M","?","M","$","R","E","R","T","?","M"],"character_chosen":"DEFECT","items_purchased":["Auto Shields"],"campfire_rested":0,"item_purchase_floors":[5],"current_hp_per_floor":[56,50,50,50,50,50,17,17,17,17,0],"gold":85,"neow_bonus":"BOSS_RELIC","is_prod":false,"is_daily":false,"chose_seed":false,"campfire_upgraded":1,"win_rate":0,"timestamp":1566865544,"path_taken":["M","M","?","M","$","R","E","R","T","?","M"],"build_version":"2019-07-17","purchased_purges":0,"victory":false,"max_hp_per_floor":[71,71,71,71,71,71,71,71,71,71,71],"card_choices":[{"not_picked":["Melter","Recycle"],"picked":"Gash","floor":1.0},{"not_picked":["Leap","Amplify"],"picked":"Go for the Eyes","floor":2.0},{"not_picked":["Leap","Conserve Battery"],"picked":"Rebound","floor":4.0},{"not_picked":["Compile Driver","Barrage"],"picked":"Turbo","floor":7.0}],"player_experience":188534,"relics_obtained":[{"floor":7.0,"key":"Shovel"},{"floor":8.0,"key":"Boot"},{"floor":9.0,"key":"Frozen Egg 2"}],"event_choices":[{"damage_healed":0.0,"max_hp_gain":0.0,"max_hp_loss":0.0,"gold_gain":0.0,"event_name":"Shining Light","player_choice":"Ignored","floor":3.0,"gold_loss":0.0,"damage_taken":0.0},{"damage_healed":0,"gold_gain":0,"player_choice":"Searched \u00270\u0027 times","damage_taken":0,"max_hp_gain":0,"max_hp_loss":0,"event_name":"Dead Adventurer","floor":10,"gold_loss":0}],"is_beta":false,"boss_relics":[],"items_purged_floors":[],"is_endless":false,"potions_floor_spawned":[1,7],"killed_by":"Large Slime","ascension_level":19}