{"gold_per_floor":[16,16,16,37,37,37,70,70,70,89,89,89,112,131,131,131],"floor_reached":16,"playtime":475,"items_purged":[],"score":190,"play_id":"f8a6adb9-2613-498d-9e9a-dd013910da2d","local_time":"20190815162217","is_ascension_mode":true,"campfire_choices":[{"data":"Zap","floor":6,"key":"SMITH"},{"floor":12,"key":"REST"},{"floor":15,"key":"REST"}],"neow_cost":"NO_GOLD","seed_source_timestamp":127263100907900,"circlet_count":0,"master_deck":["AscendersBane","Strike_B","Strike_B","Strike_B","Strike_B","Defend_B","Defend_B","Defend_B","Defend_B","Zap+1","Dualcast","Meteor Strike","Storm","Injury","Chill","Force Field","Capacitor","White Noise","Parasite","Fusion","Compile Driver"],"relics":["Cracked Core","Golden Idol","Darkstone Periapt","Bottled Tornado","Thread and Needle"],"potions_floor_usage":[10,16,16],"damage_taken":[{"damage":4,"enemies":"Jaw Worm","floor":1,"turns":4},{"damage":9,"enemies":"2 Louse","floor":4,"turns":3},{"damage":46,"enemies":"Lagavulin","floor":7,"turns":9},{"damage":0,"enemies":"Cultist","floor":10,"turns":4},{"damage":8,"enemies":"2 Fungi Beasts","floor":13,"turns":3},{"damage":4,"enemies":"Lots of Slimes","floor":14,"turns":6},{"damage":54,"enemies":"Slime Boss","floor":16,"turns":9}],"seed_played":"-3315205177075755355","potions_obtained":[{"floor":7,"key":"GamblersBrew"},{"floor":10,"key":"SkillPotion"},{"floor":14,"key":"Dexterity Potion"}],"is_trial":false,"path_per_floor":["M","?","?","M","T","R","E","$","T","M","?","R","M","M","R","B"],"character_chosen":"DEFECT","items_purchased":[],"campfire_rested":2,"item_purchase_floors":[],"current_hp_per_floor":[60,60,65,56,56,56,10,10,10,10,16,40,32,28,52,0],"gold":131,"neow_bonus":"THREE_RARE_CARDS","is_prod":false,"is_daily":false,"chose_seed":false,"campfire_upgraded":1,"win_rate":0,"timestamp":1565878937,"path_taken":["M","?","?","M","?","R","E","$","T","?","?","R","?","M","R","BOSS"],"build_version":"2019-07-17","purchased_purges":0,"victory":false,"max_hp_per_floor":[71,71,76,76,76,76,76,76,76,76,82,82,82,82,82,82],"card_choices":[{"not_picked":["Amplify","Thunder Strike"],"picked":"Meteor Strike","floor":0},{"not_picked":["Sweeping Beam","Force Field"],"picked":"Storm","floor":1},{"not_picked":["Stack","Steam Power"],"picked":"Chill","floor":4},{"not_picked":["Steam Power","FTL"],"picked":"Force Field","floor":7},{"not_picked":["Force Field","Cold Snap"],"picked":"Capacitor","floor":10},{"not_picked":["Lockon","Steam"],"picked":"Fusion","floor":13},{"not_picked":["Rip and Tear","Chill"],"picked":"Compile Driver","floor":14}],"player_experience":1922057,"relics_obtained":[{"floor":5,"key":"Darkstone Periapt"},{"floor":7,"key":"Bottled Tornado"},{"floor":9,"key":"Thread and Needle"}],"event_choices":[{"damage_healed":0,"gold_gain":0,"player_choice":"Take Wound","damage_taken":0,"relics_obtained":["Golden Idol"],"max_hp_gain":0,"max_hp_loss":0,"event_name":"Golden Idol","floor":2,"gold_loss":0,"cards_obtained":["Injury"]},{"damage_healed":0,"gold_gain":0,"player_choice":"Donut","damage_taken":0,"max_hp_gain":5,"max_hp_loss":0,"event_name":"Big Fish","floor":3,"gold_loss":0},{"damage_healed":0,"gold_gain":0,"player_choice":"2 cards matched","damage_taken":0,"max_hp_gain":0,"max_hp_loss":0,"event_name":"Match and Keep!","floor":11,"gold_loss":0,"cards_obtained":["White Noise","Parasite"]}],"is_beta":false,"boss_relics":[],"items_purged_floors":[],"is_endless":false,"potions_floor_spawned":[7,10,14],"killed_by":"Slime Boss","ascension_level":18}