{"path_per_floor":["M","?","M","$","M","R","E","M","T","R","?","M","M","$","R","B",null,"M","M","?","?","$","R","M","E","T","R","M","R","M","M","R"],"character_chosen":"THE_SILENT","items_purchased":["Backstab","Footwork","Panache","Jack Of All Trades"],"gold_per_floor":[218,293,309,6,21,21,53,69,69,69,69,87,97,22,22,122,122,141,158,158,158,71,71,81,111,157,157,171,171,191,211,211,211],"floor_reached":33,"campfire_rested":3,"playtime":10356,"current_hp_per_floor":[70,59,57,57,57,57,42,29,29,50,50,45,47,47,47,39,72,72,59,36,36,36,36,38,38,38,38,1,12,11,5,17,0],"items_purged":["Strike_G"],"gold":211,"score":378,"play_id":"2cf5d175-1869-40cf-9d32-e2cb274a0c93","local_time":"20180520190343","is_prod":false,"is_daily":false,"chose_seed":false,"is_ascension_mode":true,"campfire_upgraded":4,"timestamp":1526839423,"campfire_choices":[{"data":"Neutralize","floor":6,"key":"SMITH"},{"floor":10,"key":"REST"},{"data":"Noxious Fumes","floor":15,"key":"SMITH"},{"data":"A Thousand Cuts","floor":23,"key":"SMITH"},{"data":"Adrenaline","floor":27,"key":"SMITH"},{"floor":29,"key":"REST"},{"floor":32,"key":"REST"}],"path_taken":["M","?","M","$","M","R","E","M","T","R","?","M","M","?","R","BOSS","M","?","?","?","?","R","M","E","T","R","?","R","M","M","R","BOSS"],"build_version":"2018-05-17","seed_source_timestamp":251763796620287,"purchased_purges":2,"victory":false,"master_deck":["Defend_G","Defend_G","Defend_G","Defend_G","Defend_G","Strike_G","Strike_G","Strike_G","Strike_G","Survivor","Neutralize+1","Noxious Fumes+1","Cloak And Dagger","Backstab","Footwork","Panache","Infinite Blades+1","Poisoned Stab","Acrobatics","A Thousand Cuts+1","Adrenaline+1","Calculated Gamble","Deflect","Ghostly","Ghostly","Ghostly","Ghostly","Ghostly","Jack Of All Trades","Backflip","Parasite","Envenom","Dodge and Roll"],"max_hp_per_floor":[70,70,70,70,70,70,70,70,70,70,70,70,72,72,72,72,72,72,72,36,36,36,36,38,38,38,38,38,38,38,40,40,40],"relics":["Ring of the Snake","Singing Bowl","Snake Skull","Cursed Key","Smiling Mask","Oddly Smooth Stone"],"card_choices":[{"not_picked":["Calculated Gamble","Crippling Poison"],"picked":"Noxious Fumes","floor":1},{"not_picked":["Terror","Dodge and Roll"],"picked":"Cloak And Dagger","floor":3},{"not_picked":["Blur","Flying Knee"],"picked":"Infinite Blades","floor":5},{"not_picked":["Predator","Deflect"],"picked":"Poisoned Stab","floor":7},{"not_picked":["Accuracy","Dagger Spray"],"picked":"Acrobatics","floor":8},{"not_picked":["Prepared","PiercingWail"],"picked":"A Thousand Cuts","floor":12},{"not_picked":["Setup","Dagger Spray","Dodge and Roll"],"picked":"Singing Bowl","floor":13},{"not_picked":["Wraith Form v2","Corpse Explosion"],"picked":"Adrenaline","floor":16},{"not_picked":["Terror","Dagger Spray"],"picked":"Calculated Gamble","floor":18},{"not_picked":["Terror","Calculated Gamble"],"picked":"Deflect","floor":19},{"not_picked":["Setup","Slice","Noxious Fumes"],"picked":"Singing Bowl","floor":24},{"not_picked":["Underhanded Strike","Quick Slash+1"],"picked":"Backflip","floor":25},{"not_picked":["Quick Slash+1","Acrobatics"],"picked":"Envenom","floor":28},{"not_picked":["Bane","Sucker Punch"],"picked":"Dodge and Roll","floor":30},{"not_picked":["Outmaneuver","Poisoned Stab","Glass Knife"],"picked":"Singing Bowl","floor":31}],"player_experience":356681,"potions_floor_usage":[7,16,16,24,31,31],"damage_taken":[{"damage":0,"enemies":"Small Slimes","floor":1,"turns":3},{"damage":2,"enemies":"Jaw Worm","floor":3,"turns":4},{"damage":0,"enemies":"Cultist","floor":5,"turns":4},{"damage":15,"enemies":"Gremlin Nob","floor":7,"turns":4},{"damage":13,"enemies":"Exordium Wildlife","floor":8,"turns":5},{"damage":5,"enemies":"Blue Slaver","floor":12,"turns":3},{"damage":0,"enemies":"3 Louse","floor":13,"turns":4},{"damage":8,"enemies":"Hexaghost","floor":16,"turns":8},{"damage":0,"enemies":"Chosen","floor":18,"turns":4},{"damage":13,"enemies":"Shell Parasite","floor":19,"turns":4},{"damage":0,"enemies":"Cultist and Chosen","floor":24,"turns":5},{"damage":0,"enemies":"Slavers","floor":25,"turns":3},{"damage":37,"enemies":"Chosen and Byrds","floor":28,"turns":7},{"damage":1,"enemies":"Snecko","floor":30,"turns":4},{"damage":8,"enemies":"Sentry and Sphere","floor":31,"turns":6},{"damage":21,"enemies":"Collector","floor":33,"turns":5}],"relics_obtained":[{"floor":7,"key":"Singing Bowl"},{"floor":9,"key":"Snake Skull"},{"floor":25,"key":"Smiling Mask"},{"floor":26,"key":"Oddly Smooth Stone"}],"event_choices":[{"event_name":"World of Goop","player_choice":"Gather Gold","floor":2,"damage_taken":0},{"event_name":"Living Wall","player_choice":"Grow","floor":11,"damage_taken":0},{"event_name":"Ghosts","player_choice":"Became a Ghost","floor":20,"damage_taken":0},{"event_name":"The Library","player_choice":"Heal","floor":21,"damage_taken":0}],"boss_relics":[{"not_picked":["Runic Dome","Ectoplasm"],"picked":"Cursed Key"}],"potions_floor_spawned":[1,3,8,18,19,28],"seed_played":"-1146085144871761581","killed_by":"Collector","ascension_level":4,"potions_obtained":[{"floor":1,"key":"FearPotion"},{"floor":3,"key":"Explosive Potion"},{"floor":8,"key":"GhostInAJar"},{"floor":18,"key":"Weak Potion"},{"floor":19,"key":"Fire Potion"},{"floor":28,"key":"Poison Potion"}],"is_trial":false}