{"gold_per_floor":[116,134,148,148,163,163,133,166,242,254,267,267,267,286,286,286],"floor_reached":16,"playtime":723,"items_purged":[],"score":187,"play_id":"0d0786c9-babd-48b9-bb53-7cd80efcfe6c","local_time":"20190517154140","is_ascension_mode":true,"campfire_choices":[{"data":"Neutralize","floor":6,"key":"SMITH"},{"data":"Riddle With Holes","floor":13,"key":"SMITH"},{"floor":15,"key":"REST"}],"neow_cost":"NONE","seed_source_timestamp":318388508650400,"circlet_count":0,"master_deck":["AscendersBane","Defend_G","Defend_G","Defend_G","Defend_G","Defend_G","Strike_G","Strike_G","Strike_G","Strike_G","Strike_G","Survivor","Neutralize+1","Flying Knee","Acrobatics","Quick Slash","Riddle With Holes+1","Well Laid Plans","Caltrops","Endless Agony+1","Parasite","Predator+1"],"relics":["Ring of the Snake","Tingsha","Molten Egg 2"],"potions_floor_usage":[5,10,16],"damage_taken":[{"damage":1,"enemies":"2 Louse","floor":1,"turns":3},{"damage":1,"enemies":"Cultist","floor":2,"turns":4},{"damage":1,"enemies":"Small Slimes","floor":3,"turns":4},{"damage":0,"enemies":"3 Louse","floor":5,"turns":4},{"damage":0,"enemies":"Looter","floor":7,"turns":4},{"damage":32,"enemies":"3 Sentries","floor":8,"turns":8},{"damage":3,"enemies":"Blue Slaver","floor":10,"turns":4},{"damage":14,"enemies":"Exordium Wildlife","floor":11,"turns":4},{"damage":3,"enemies":"Looter","floor":14,"turns":3},{"damage":51,"enemies":"The Guardian","floor":16,"turns":9}],"seed_played":"-4388373726181384437","potions_obtained":[{"floor":3,"key":"Poison Potion"},{"floor":8,"key":"SkillPotion"},{"floor":10,"key":"LiquidBronze"}],"is_trial":false,"path_per_floor":["M","M","M","?","M","R","M","E","T","M","M","?","R","M","R","B"],"character_chosen":"THE_SILENT","items_purchased":[],"campfire_rested":1,"item_purchase_floors":[],"current_hp_per_floor":[64,63,62,62,62,62,62,30,30,27,13,31,31,28,49,0],"gold":286,"neow_bonus":"TEN_PERCENT_HP_BONUS","is_prod":false,"is_daily":false,"chose_seed":false,"campfire_upgraded":2,"win_rate":0,"timestamp":1558100500,"path_taken":["M","M","M","?","M","R","M","E","T","?","M","?","R","M","R","BOSS"],"build_version":"2019-01-23","purchased_purges":0,"victory":false,"max_hp_per_floor":[72,72,72,72,72,72,72,72,72,72,72,72,72,72,72,72],"card_choices":[{"not_picked":["Prepared","Bane"],"picked":"Flying Knee","floor":1},{"not_picked":["Reflex","Underhanded Strike"],"picked":"Acrobatics","floor":2},{"not_picked":["Endless Agony","Terror"],"picked":"Quick Slash","floor":3},{"not_picked":["Doppelganger","Dagger Throw"],"picked":"Riddle With Holes","floor":5},{"not_picked":["Slice","Deflect"],"picked":"Well Laid Plans","floor":7},{"not_picked":["Setup","Slice"],"picked":"Caltrops","floor":8},{"not_picked":["Outmaneuver","Prepared","Storm of Steel"],"picked":"SKIP","floor":10},{"not_picked":["PiercingWail","Dodge and Roll"],"picked":"Endless Agony+1","floor":11},{"not_picked":["PiercingWail","Infinite Blades"],"picked":"Predator+1","floor":14}],"player_experience":1131045,"relics_obtained":[{"floor":8,"key":"Tingsha"},{"floor":9,"key":"Molten Egg 2"}],"event_choices":[{"damage_healed":0,"gold_gain":0,"player_choice":"0 cards matched","damage_taken":0,"max_hp_gain":0,"max_hp_loss":0,"event_name":"Match and Keep!","floor":4,"gold_loss":0,"cards_obtained":[]},{"damage_healed":18,"gold_gain":0,"player_choice":"Healed and dodged fight","damage_taken":0,"max_hp_gain":0,"max_hp_loss":0,"event_name":"Mushrooms","floor":12,"gold_loss":0,"cards_obtained":["Parasite"]}],"is_beta":false,"boss_relics":[],"items_purged_floors":[],"is_endless":false,"potions_floor_spawned":[3,8,10],"killed_by":"The Guardian","ascension_level":16}