{"gold_per_floor":[112,112,112,112,112,112,127,162,162,188,202,229,229,85,85,187,187,173,190,115,14,31,61,61,12,81,81,81,81,99,112,112,214,214,225,243,263,51,62,62],"floor_reached":40,"playtime":1492,"items_purged":["Strike_B","Shame"],"score":719,"play_id":"e3800a1b-e746-4f98-8a28-e435e2a0b203","local_time":"20190216151403","is_ascension_mode":true,"campfire_choices":[{"data":"Zap","floor":6,"key":"SMITH"},{"data":"Defragment","floor":13,"key":"SMITH"},{"data":"Chaos","floor":15,"key":"SMITH"},{"data":"Fission","floor":24,"key":"SMITH"},{"data":"Barrage","floor":29,"key":"SMITH"},{"floor":32,"key":"REST"}],"neow_cost":"NONE","seed_source_timestamp":30464587965000,"circlet_count":0,"master_deck":["AscendersBane","Defend_B","Defend_B","Zap+1","Dualcast","Reinforced Body","Undo","Streamline","Ball Lightning","Chaos+1","Defragment+1","Capacitor","Fission+1","Compile Driver","Steam+1","Self Repair","Hologram","Cold Snap","Gash+1","Barrage+1","Go for the Eyes+1","Chill","Streamline","Buffer","Coolheaded","Capacitor+1","White Noise+1","Fusion","Loop","Hologram+1"],"relics":["Cracked Core","NeowsBlessing","PreservedInsect","Dream Catcher","Singing Bowl","Bag of Preparation","Odd Mushroom","Centennial Puzzle","Empty Cage","Bronze Scales","Blue Candle","DataDisk","Lizard Tail"],"potions_floor_usage":[10,16,22,33,33,40,40],"damage_taken":[{"damage":0,"enemies":"2 Louse","floor":1,"turns":1},{"damage":0,"enemies":"Jaw Worm","floor":7,"turns":1},{"damage":0,"enemies":"Lagavulin","floor":8,"turns":2},{"damage":11,"enemies":"The Mushroom Lair","floor":10,"turns":4},{"damage":0,"enemies":"Small Slimes","floor":11,"turns":2},{"damage":0,"enemies":"Gremlin Nob","floor":12,"turns":3},{"damage":10,"enemies":"The Guardian","floor":16,"turns":8},{"damage":20,"enemies":"2 Thieves","floor":18,"turns":4},{"damage":0,"enemies":"Chosen","floor":19,"turns":4},{"damage":16,"enemies":"Snecko","floor":22,"turns":5},{"damage":12,"enemies":"Book of Stabbing","floor":23,"turns":4},{"damage":5,"enemies":"Centurion and Healer","floor":30,"turns":4},{"damage":18,"enemies":"Cultist and Chosen","floor":31,"turns":5},{"damage":44,"enemies":"Champ","floor":33,"turns":7},{"damage":5,"enemies":"Orb Walker","floor":35,"turns":3},{"damage":12,"enemies":"3 Shapes","floor":36,"turns":5},{"damage":72,"enemies":"Spire Growth","floor":37,"turns":6},{"damage":9,"enemies":"Maw","floor":39,"turns":7},{"damage":61,"enemies":"Nemesis","floor":40,"turns":6}],"seed_played":"6704760003919079862","potions_obtained":[{"floor":1,"key":"AttackPotion"},{"floor":12,"key":"Dexterity Potion"},{"floor":19,"key":"Regen Potion"},{"floor":23,"key":"Energy Potion"},{"floor":31,"key":"GamblersBrew"},{"floor":33,"key":"Strength Potion"},{"floor":39,"key":"Regen Potion"}],"is_trial":false,"path_per_floor":["M","?","?","$","T","R","M","E","T","?","M","E","R","$","R","B",null,"M","M","?","$","M","E","R","$","T","?","?","R","M","M","R","B",null,"M","M","M","$","M","E"],"character_chosen":"DEFECT","items_purchased":["Capacitor","Self Repair","Hologram","Barrage","Fusion","Loop"],"campfire_rested":1,"item_purchase_floors":[14,21,21,25,38,38],"current_hp_per_floor":[68,61,54,54,54,54,54,54,54,43,43,43,43,43,43,33,65,45,45,45,45,50,38,38,38,38,38,38,38,40,29,51,14,60,55,50,29,29,27,0],"gold":62,"neow_bonus":"THREE_ENEMY_KILL","is_prod":false,"is_daily":false,"chose_seed":false,"campfire_upgraded":5,"win_rate":0,"timestamp":1550326443,"path_taken":["M","?","?","$","?","R","M","E","T","?","M","E","R","?","R","BOSS","M","M","?","$","M","E","R","$","T","?","?","R","M","M","R","BOSS","M","?","M","$","M","E"],"build_version":"2019-01-23","purchased_purges":2,"victory":false,"max_hp_per_floor":[75,75,75,75,75,75,75,75,75,75,75,75,75,75,75,75,75,75,75,75,75,75,75,75,75,75,75,75,75,75,75,75,75,75,75,75,75,75,75,75],"card_choices":[{"not_picked":["Auto Shields","Hologram"],"picked":"Reinforced Body","floor":1},{"not_picked":["Beam Cell","Rip and Tear"],"picked":"Undo","floor":7},{"not_picked":["Barrage","Rebound"],"picked":"Streamline","floor":8},{"not_picked":["Redo","Rebound"],"picked":"Ball Lightning","floor":10},{"not_picked":["Beam Cell","Steam"],"picked":"Chaos","floor":11},{"not_picked":["FTL","Hello World"],"picked":"Defragment","floor":12},{"not_picked":["Creative AI","Multi-Cast"],"picked":"Fission","floor":16},{"not_picked":["Recycle","Sweeping Beam"],"picked":"Compile Driver","floor":18},{"not_picked":["Aggregate","Storm"],"picked":"Steam+1","floor":19},{"not_picked":["Streamline","Compile Driver"],"picked":"Cold Snap","floor":22},{"not_picked":["Cold Snap","Steam Power"],"picked":"Gash+1","floor":23},{"not_picked":["Redo","Scrape"],"picked":"Go for the Eyes+1","floor":30},{"not_picked":["Seek","Sweeping Beam"],"picked":"Chill","floor":31},{"not_picked":["Melter","Beam Cell"],"picked":"Streamline","floor":32},{"not_picked":["Meteor Strike","Machine Learning"],"picked":"Buffer","floor":33},{"not_picked":["Auto Shields","Ball Lightning+1"],"picked":"Coolheaded","floor":35},{"not_picked":["Turbo","Redo"],"picked":"Capacitor+1","floor":36},{"not_picked":["Steam Power","Steam"],"picked":"White Noise+1","floor":37},{"not_picked":["Steam+1","Compile Driver"],"picked":"Hologram+1","floor":39}],"player_experience":783063,"relics_obtained":[{"floor":5,"key":"Dream Catcher"},{"floor":8,"key":"Singing Bowl"},{"floor":9,"key":"Bag of Preparation"},{"floor":10,"key":"Odd Mushroom"},{"floor":12,"key":"Centennial Puzzle"},{"floor":23,"key":"Bronze Scales"},{"floor":26,"key":"Blue Candle"}],"event_choices":[{"damage_healed":0,"gold_gain":0,"player_choice":"Success","damage_taken":7,"relics_obtained":["PreservedInsect"],"max_hp_gain":0,"max_hp_loss":0,"event_name":"Scrap Ooze","floor":2,"gold_loss":0},{"cards_removed":["Strike_B"],"damage_healed":0,"gold_gain":0,"player_choice":"Card Removal","damage_taken":7,"max_hp_gain":0,"max_hp_loss":0,"event_name":"Golden Wing","floor":3,"gold_loss":0},{"damage_healed":0,"gold_gain":0,"player_choice":"Fought Mushrooms","damage_taken":0,"max_hp_gain":0,"max_hp_loss":0,"event_name":"Mushrooms","floor":10,"gold_loss":0},{"cards_removed":["Strike_B"],"damage_healed":0,"gold_gain":0,"player_choice":"Gave Gold","damage_taken":0,"max_hp_gain":0,"max_hp_loss":0,"event_name":"Beggar","floor":20,"gold_loss":75},{"damage_healed":0,"gold_gain":0,"player_choice":"Stole Relic","damage_taken":0,"relics_obtained":["DataDisk"],"max_hp_gain":0,"max_hp_loss":0,"event_name":"Addict","floor":27,"gold_loss":0,"cards_obtained":["Shame"]},{"cards_removed":["Defend_B"],"damage_healed":0,"gold_gain":0,"player_choice":"Offered Basic","damage_taken":0,"max_hp_gain":0,"max_hp_loss":0,"event_name":"Bonfire Elementals","floor":28,"gold_loss":0}],"is_beta":false,"boss_relics":[{"not_picked":["Tiny House","White Beast Statue"],"picked":"Empty Cage"},{"not_picked":["Pandora\u0027s Box","Orrery"],"picked":"Lizard Tail"}],"items_purged_floors":[14,38],"is_endless":false,"potions_floor_spawned":[1,12,19,23,31,33,39],"killed_by":"Nemesis","ascension_level":11}