{"gold_per_floor":[109,109,109,125,200,200,235,235,262,274,320,348,385,407,419,528,540,567,180,199,99,118,148,148,183,183,183,193,293,208,11,11,112,112,124,346,7,20,120,120,130,160,233,233,247,247,247,15,15,15],"floor_reached":51,"playtime":2526,"items_purged":["Strike_G","Strike_G","Strike_G","Defend_G"],"score":1314,"play_id":"c3912254-6ad2-47e5-b0e7-814a207dfb10","local_time":"20190226063749","is_ascension_mode":true,"campfire_choices":[{"data":"Neutralize","floor":6.0,"key":"SMITH"},{"data":"Bouncing Flask","floor":8.0,"key":"SMITH"},{"data":"Corpse Explosion","floor":10.0,"key":"SMITH"},{"data":"Bane","floor":15.0,"key":"SMITH"},{"data":"Footwork","floor":24.0,"key":"SMITH"},{"data":"PiercingWail","floor":27.0,"key":"SMITH"},{"floor":32.0,"key":"REST"},{"data":"Footwork","floor":40,"key":"SMITH"},{"data":"Envenom","floor":44,"key":"SMITH"},{"data":"Caltrops","floor":47,"key":"SMITH"},{"floor":49,"key":"REST"}],"neow_cost":"NONE","seed_source_timestamp":0,"circlet_count":0,"master_deck":["AscendersBane","Defend_G","Defend_G","Survivor","Neutralize+1","Bouncing Flask+1","PiercingWail+1","Deflect","Corpse Explosion+1","Poisoned Stab","Acrobatics+1","Bane+1","Cloak And Dagger+1","PiercingWail+1","Venomology+1","Bullet Time+1","Bouncing Flask+1","Eviscerate","Master of Strategy+1","Finesse+1","Footwork+1","Bane","Crippling Poison+1","Malaise+1","Outmaneuver+1","Flying Knee","Leg Sweep+1","Flying Knee+1","Envenom+1","Heel Hook+1","Bouncing Flask+1","Expertise+1","Choke+1","Backflip+1","Footwork+1","Predator","Escape Plan+1","Distraction+1","Glass Knife","Tactician+1","Crippling Poison+1","Blur+1","Caltrops+1","Well Laid Plans"],"special_seed":0,"relics":["Ring of the Snake","NeowsBlessing","Prayer Wheel","Mango","MawBank","Toxic Egg 2","Thread and Needle","Velvet Choker","Bottled Tornado","Red Mask","Ornamental Fan","Ginger","Bottled Lightning","Pantograph","Astrolabe","Letter Opener","StoneCalendar","Nunchaku","Question Card"],"potions_floor_usage":[50,50],"damage_taken":[{"damage":0.0,"enemies":"Jaw Worm","floor":1.0,"turns":1.0},{"damage":0.0,"enemies":"Small Slimes","floor":4.0,"turns":1.0},{"damage":0.0,"enemies":"Gremlin Nob","floor":7.0,"turns":1.0},{"damage":6.0,"enemies":"Lagavulin","floor":11.0,"turns":5.0},{"damage":0.0,"enemies":"2 Louse","floor":12.0,"turns":2.0},{"damage":13.0,"enemies":"3 Sentries","floor":13.0,"turns":5.0},{"damage":0.0,"enemies":"Red Slaver","floor":14.0,"turns":3.0},{"damage":9.0,"enemies":"Slime Boss","floor":16.0,"turns":10.0},{"damage":9.0,"enemies":"2 Thieves","floor":18.0,"turns":3.0},{"damage":0.0,"enemies":"3 Byrds","floor":20.0,"turns":3.0},{"damage":4.0,"enemies":"Centurion and Healer","floor":22.0,"turns":6.0},{"damage":1.0,"enemies":"Gremlin Leader","floor":23.0,"turns":5.0},{"damage":19.0,"enemies":"Masked Bandits","floor":25.0,"turns":4.0},{"damage":0.0,"enemies":"Chosen and Byrds","floor":28.0,"turns":7.0},{"damage":1.0,"enemies":"Colosseum Slavers","floor":29.0,"turns":4.0},{"damage":0.0,"enemies":"Colosseum Nobs","floor":29.0,"turns":3.0},{"damage":0.0,"enemies":"Champ","floor":33.0,"turns":11.0},{"damage":0.0,"enemies":"3 Shapes","floor":35.0,"turns":3.0},{"damage":0.0,"enemies":"Orb Walker","floor":38.0,"turns":3.0},{"damage":0.0,"enemies":"Mind Bloom Boss Battle","floor":39.0,"turns":7.0},{"damage":0,"enemies":"3 Darklings","floor":41,"turns":2},{"damage":11,"enemies":"Reptomancer","floor":42,"turns":7},{"damage":13,"enemies":"4 Shapes","floor":45,"turns":3},{"damage":58,"enemies":"Time Eater","floor":50,"turns":13}],"seed_played":"-5707748539148966311","potions_obtained":[{"floor":1.0,"key":"SpeedPotion"},{"floor":4.0,"key":"Weak Potion"},{"floor":13.0,"key":"SkillPotion"},{"floor":22.0,"key":"EssenceOfSteel"},{"floor":25.0,"key":"EssenceOfSteel"},{"floor":33.0,"key":"Swift Potion"},{"floor":38.0,"key":"Ancient Potion"},{"floor":45,"key":"EssenceOfSteel"}],"is_trial":false,"path_per_floor":["M","?","?","M","?","R","E","R","T","R","E","M","E","M","R","B",null,"M","$","M","$","M","E","R","?","T","R","M","?","?","$","R","B",null,"M","?","$","M","?","R","M","E","T","R","M","?","R","$","R","B",null],"character_chosen":"THE_SILENT","items_purchased":["Master of Strategy+1","Finesse+1","Footwork","LiquidBronze","Letter Opener","Footwork","Well Laid Plans"],"campfire_rested":2,"item_purchase_floors":[19,19,19,31,37,37,48],"current_hp_per_floor":[63,56,53,53,46,46,60,60,60,60,54,54,41,41,41,32,71,62,62,62,62,58,57,57,38,38,38,38,37,37,37,62,84,84,84,84,84,84,84,84,84,73,73,73,60,60,60,60,84,26],"gold":15,"neow_bonus":"THREE_ENEMY_KILL","is_prod":false,"is_daily":false,"chose_seed":false,"campfire_upgraded":9,"win_rate":0,"timestamp":1551159469,"path_taken":["M","?","?","M","?","R","E","R","T","R","E","?","E","M","R","BOSS","M","$","M","$","M","E","R","?","T","R","M","?","?","$","R","BOSS","M","?","$","M","?","R","M","E","T","R","M","?","R","$","R","BOSS"],"build_version":"2019-01-23","purchased_purges":4,"victory":true,"max_hp_per_floor":[70,70,70,70,70,70,84,84,84,84,84,84,84,84,84,84,84,84,84,84,84,84,84,84,84,84,84,84,84,84,84,84,84,84,84,84,84,84,84,84,84,84,84,84,84,84,84,84,84,84],"card_choices":[{"not_picked":["Heel Hook","Outmaneuver"],"picked":"Bouncing Flask","floor":1.0},{"not_picked":["Outmaneuver","Concentrate"],"picked":"PiercingWail","floor":4.0},{"not_picked":["Dagger Throw","Flechettes"],"picked":"Deflect","floor":4.0},{"not_picked":["Bane","Masterful Stab"],"picked":"Corpse Explosion","floor":7.0},{"not_picked":["Deflect","Prepared"],"picked":"Poisoned Stab","floor":11.0},{"not_picked":["Quick Slash","Dagger Spray"],"picked":"Acrobatics+1","floor":12.0},{"not_picked":["Dagger Spray","Finisher"],"picked":"Bane","floor":12.0},{"not_picked":["Blade Dance+1","Dagger Spray"],"picked":"Cloak And Dagger+1","floor":13.0},{"not_picked":["Masterful Stab","Quick Slash"],"picked":"PiercingWail+1","floor":14.0},{"not_picked":["Deadly Poison+1","PiercingWail+1"],"picked":"Venomology+1","floor":14.0},{"not_picked":["Malaise+1","Grand Finale"],"picked":"Bullet Time+1","floor":16.0},{"not_picked":["Flying Knee","Riddle With Holes+1"],"picked":"Bouncing Flask+1","floor":18.0},{"not_picked":["Dagger Throw","Slice","Eviscerate"],"picked":"SKIP","floor":18.0},{"not_picked":["Dagger Throw","Slice"],"picked":"Eviscerate","floor":18.0},{"not_picked":["Slice","Quick Slash"],"picked":"Bane","floor":20.0},{"not_picked":["Backflip+1","Tactician+1"],"picked":"Crippling Poison+1","floor":20.0},{"not_picked":["Deadly Poison+1","Dagger Spray"],"picked":"Malaise+1","floor":22.0},{"not_picked":["Eviscerate+1","Blade Dance+1"],"picked":"Outmaneuver+1","floor":22.0},{"not_picked":["Dagger Spray","Quick Slash"],"picked":"Flying Knee","floor":23.0},{"not_picked":["Slice","Masterful Stab"],"picked":"Unload","floor":25.0},{"not_picked":["Cloak And Dagger+1","Infinite Blades+1"],"picked":"Leg Sweep+1","floor":28.0},{"not_picked":["Cloak And Dagger+1","Bane","Deflect+1"],"picked":"SKIP","floor":28.0},{"not_picked":["Quick Slash+1","Slice"],"picked":"Flying Knee+1","floor":29.0},{"not_picked":["Die Die Die","Adrenaline+1"],"picked":"Envenom","floor":33.0},{"not_picked":["Footwork","Well Laid Plans"],"picked":"Choke+1","floor":35.0},{"not_picked":["Poisoned Stab","Bane"],"picked":"Backflip+1","floor":35.0},{"not_picked":["Deadly Poison+1","Backstab"],"picked":"Predator","floor":38.0},{"not_picked":["Prepared+1","Outmaneuver+1"],"picked":"Escape Plan+1","floor":38.0},{"not_picked":["Masterful Stab","Poisoned Stab"],"picked":"Distraction+1","floor":39.0},{"not_picked":["Prepared+1","Noxious Fumes"],"picked":"Glass Knife","floor":41},{"not_picked":["Prepared+1","Poisoned Stab"],"picked":"Tactician+1","floor":41},{"not_picked":["Deflect+1","Dagger Throw+1"],"picked":"Crippling Poison+1","floor":42},{"not_picked":["Outmaneuver+1","Flying Knee","All Out Attack"],"picked":"Blur+1","floor":45},{"not_picked":["Night Terror+1","Poisoned Stab+1","Deflect+1"],"picked":"Caltrops","floor":45}],"player_experience":858358,"relics_obtained":[{"floor":7.0,"key":"Mango"},{"floor":9.0,"key":"MawBank"},{"floor":11.0,"key":"Toxic Egg 2"},{"floor":13.0,"key":"Thread and Needle"},{"floor":23.0,"key":"Bottled Tornado"},{"floor":25.0,"key":"Red Mask"},{"floor":26.0,"key":"Ornamental Fan"},{"floor":29.0,"key":"Ginger"},{"floor":29.0,"key":"Bottled Lightning"},{"floor":39.0,"key":"StoneCalendar"},{"floor":42,"key":"Nunchaku"},{"floor":43,"key":"Question Card"}],"event_choices":[{"cards_removed":["Strike_G"],"damage_healed":0.0,"max_hp_gain":0.0,"max_hp_loss":0.0,"gold_gain":0.0,"event_name":"Golden Wing","player_choice":"Card Removal","floor":2.0,"gold_loss":0.0,"damage_taken":7.0},{"damage_healed":0.0,"max_hp_gain":0.0,"max_hp_loss":0.0,"gold_gain":0.0,"event_name":"Scrap Ooze","player_choice":"Success","floor":3.0,"gold_loss":0.0,"damage_taken":3.0,"relics_obtained":["Prayer Wheel"]},{"damage_healed":0.0,"max_hp_gain":0.0,"max_hp_loss":0.0,"gold_gain":75.0,"event_name":"FaceTrader","player_choice":"Touch","floor":5.0,"gold_loss":0.0,"damage_taken":7.0},{"damage_healed":0.0,"max_hp_gain":0.0,"max_hp_loss":0.0,"gold_gain":0.0,"event_name":"Masked Bandits","player_choice":"Fought Bandits","floor":25.0,"gold_loss":0.0,"damage_taken":0.0},{"damage_healed":0.0,"max_hp_gain":0.0,"max_hp_loss":0.0,"gold_gain":0.0,"event_name":"Colosseum","player_choice":"Fight","floor":29.0,"gold_loss":0.0,"damage_taken":0.0},{"damage_healed":0.0,"max_hp_gain":0.0,"max_hp_loss":0.0,"gold_gain":0.0,"event_name":"Colosseum","player_choice":"Fought Nobs","floor":29.0,"gold_loss":0.0,"damage_taken":0.0},{"damage_healed":0.0,"max_hp_gain":0.0,"max_hp_loss":0.0,"gold_gain":0.0,"event_name":"Addict","player_choice":"Obtained Relic","floor":30.0,"gold_loss":85.0,"damage_taken":0.0,"relics_obtained":["Pantograph"]},{"damage_healed":0.0,"max_hp_gain":0.0,"max_hp_loss":0.0,"gold_gain":222.0,"event_name":"Tomb of Lord Red Mask","player_choice":"Wore Mask","floor":36.0,"gold_loss":0.0,"damage_taken":0.0},{"damage_healed":0.0,"max_hp_gain":0.0,"max_hp_loss":0.0,"gold_gain":0.0,"event_name":"MindBloom","player_choice":"Fight","floor":39.0,"gold_loss":0.0,"damage_taken":0.0},{"cards_removed":["Unload"],"damage_healed":0,"gold_gain":0,"player_choice":"Removed Attack","damage_taken":0,"max_hp_gain":0,"max_hp_loss":0,"event_name":"Falling","floor":46,"gold_loss":0}],"is_beta":false,"boss_relics":[{"not_picked":["Black Star","Sozu"],"picked":"Velvet Choker"},{"not_picked":["White Beast Statue","Fusion Hammer"],"picked":"Astrolabe"}],"items_purged_floors":[19,21,31,48],"is_endless":false,"potions_floor_spawned":[1,4,13,22,25,29,33,38,42,45],"ascension_level":12}