{"gold_per_floor":[13,26,37,312,26,26,53,1,46,46,62,62,62,72,72,72],"floor_reached":16,"playtime":1140,"items_purged":["Regret"],"score":185,"play_id":"f4f770aa-5eb2-4933-a188-3deaf5b574cf","local_time":"20190720171606","is_ascension_mode":true,"campfire_choices":[{"data":"Fiend Fire","floor":6,"key":"SMITH"},{"data":"Double Tap","floor":10,"key":"SMITH"},{"data":"Armaments","floor":12,"key":"SMITH"},{"data":"True Grit","floor":15,"key":"SMITH"}],"neow_cost":"NO_GOLD","seed_source_timestamp":678262338651100,"circlet_count":0,"master_deck":["AscendersBane","Strike_R","Strike_R","Strike_R","Strike_R","Strike_R","Defend_R","Defend_R","Defend_R","Defend_R","Bash","Double Tap+1","Feel No Pain","Fiend Fire+1","True Grit+1","Feel No Pain","Spot Weakness","Shrug It Off","Armaments+1","Shrug It Off"],"relics":["Burning Blood","Vajra","Strawberry","Red Skull"],"potions_floor_usage":[16,16],"damage_taken":[{"damage":10,"enemies":"Small Slimes","floor":1,"turns":3},{"damage":7,"enemies":"Cultist","floor":2,"turns":4},{"damage":0,"enemies":"2 Louse","floor":3,"turns":3},{"damage":25,"enemies":"Lagavulin","floor":7,"turns":6},{"damage":10,"enemies":"Large Slime","floor":11,"turns":5},{"damage":2,"enemies":"Red Slaver","floor":14,"turns":4},{"damage":58,"enemies":"Hexaghost","floor":16,"turns":14}],"seed_played":"-4732032942077446967","potions_obtained":[{"floor":2,"key":"Dexterity Potion"},{"floor":7,"key":"Weak Potion"},{"floor":11,"key":"Strength Potion"}],"is_trial":false,"path_per_floor":["M","M","M","?","$","R","E","$","T","R","M","R","$","M","R","B"],"character_chosen":"IRONCLAD","items_purchased":["Feel No Pain","Vajra","Shrug It Off"],"campfire_rested":0,"item_purchase_floors":[5,5,8],"current_hp_per_floor":[64,63,69,69,69,69,57,57,57,57,53,53,53,57,57,0],"gold":72,"neow_bonus":"THREE_RARE_CARDS","is_prod":false,"is_daily":false,"chose_seed":false,"campfire_upgraded":4,"win_rate":0,"timestamp":1563635766,"path_taken":["M","M","M","?","?","R","E","$","T","R","?","R","?","M","R","BOSS"],"build_version":"2019-07-17","purchased_purges":1,"victory":false,"max_hp_per_floor":[75,75,75,75,75,75,82,82,82,82,82,82,82,82,82,82],"card_choices":[{"not_picked":["Barricade","Demon Form"],"picked":"Double Tap","floor":0},{"not_picked":["Cleave","Pommel Strike"],"picked":"Feel No Pain","floor":1},{"not_picked":["Havoc","Clothesline"],"picked":"Fiend Fire","floor":2},{"not_picked":["Twin Strike","Body Slam"],"picked":"True Grit","floor":3},{"not_picked":["Reckless Charge","Rupture"],"picked":"Spot Weakness","floor":7},{"not_picked":["Metallicize","Evolve"],"picked":"Armaments","floor":11},{"not_picked":["Rupture","Havoc"],"picked":"Shrug It Off","floor":14}],"player_experience":1711367,"relics_obtained":[{"floor":7,"key":"Strawberry"},{"floor":9,"key":"Red Skull"}],"event_choices":[{"damage_healed":0,"gold_gain":275,"player_choice":"Desecrate","damage_taken":0,"max_hp_gain":0,"max_hp_loss":0,"event_name":"Golden Shrine","floor":4,"gold_loss":0,"cards_obtained":["Regret"]}],"is_beta":false,"boss_relics":[],"items_purged_floors":[5],"is_endless":false,"potions_floor_spawned":[2,7,11],"killed_by":"Hexaghost","ascension_level":17}