{"gold_per_floor":[16,16,40,56,131,171,16,34,58,58,71,71],"floor_reached":12,"playtime":408,"items_purged":[],"score":152,"play_id":"41b81d3d-8735-4101-8e76-2d12132884cd","local_time":"20190814200115","is_ascension_mode":true,"campfire_choices":[{"floor":10,"key":"REST"}],"neow_cost":"NO_GOLD","seed_source_timestamp":54048773748900,"circlet_count":0,"master_deck":["AscendersBane","Strike_R","Strike_R","Strike_R","Strike_R","Strike_R","Defend_R","Defend_R","Defend_R","Defend_R","Bash","Purity","Impatience","Inflame","Injury","Rampage","Reaper","Headbutt","Juggernaut","Metallicize","Feel No Pain"],"special_seed":0,"relics":["Burning Blood","Golden Idol","Pen Nib","Orichalcum"],"potions_floor_usage":[6,8,12],"damage_taken":[{"damage":22,"enemies":"Small Slimes","floor":1,"turns":5},{"damage":11,"enemies":"Jaw Worm","floor":3,"turns":5},{"damage":6,"enemies":"2 Louse","floor":4,"turns":3},{"damage":45,"enemies":"3 Sentries","floor":6,"turns":9},{"damage":8,"enemies":"Large Slime","floor":8,"turns":5},{"damage":31,"enemies":"Exordium Thugs","floor":11,"turns":5},{"damage":28,"enemies":"Lagavulin","floor":12,"turns":5}],"seed_played":"-447488109639600149","potions_obtained":[{"floor":4,"key":"SkillPotion"},{"floor":6,"key":"FearPotion"},{"floor":11,"key":"Poison Potion"}],"is_trial":false,"path_per_floor":["M","?","M","M","?","E","$","M","T","R","M","E"],"character_chosen":"IRONCLAD","items_purchased":["Juggernaut"],"campfire_rested":1,"item_purchase_floors":[7],"current_hp_per_floor":[52,52,47,47,36,15,15,13,13,35,22,0],"gold":71,"neow_bonus":"RANDOM_COLORLESS_2","is_prod":false,"is_daily":false,"chose_seed":false,"campfire_upgraded":0,"win_rate":0,"timestamp":1565805675,"path_taken":["M","?","M","M","?","E","$","M","T","R","M","E"],"build_version":"2019-07-17","purchased_purges":0,"victory":false,"max_hp_per_floor":[75,75,75,75,75,75,75,75,75,75,75,75],"card_choices":[{"not_picked":["Dual Wield","Shrug It Off"],"picked":"Inflame","floor":1},{"not_picked":["Twin Strike","Rupture"],"picked":"Rampage","floor":3},{"not_picked":["Clothesline","Cleave"],"picked":"Reaper","floor":4},{"not_picked":["Havoc","Cleave"],"picked":"Headbutt","floor":6},{"not_picked":["Flame Barrier","Twin Strike"],"picked":"Metallicize","floor":8},{"not_picked":["Iron Wave","Uppercut"],"picked":"Feel No Pain","floor":11}],"player_experience":1893679,"relics_obtained":[{"floor":6,"key":"Pen Nib"},{"floor":9,"key":"Orichalcum"}],"event_choices":[{"damage_healed":0,"gold_gain":0,"player_choice":"Take Wound","damage_taken":0,"relics_obtained":["Golden Idol"],"max_hp_gain":0,"max_hp_loss":0,"event_name":"Golden Idol","floor":2,"gold_loss":0,"cards_obtained":["Injury"]},{"damage_healed":0,"gold_gain":75,"player_choice":"Gather Gold","damage_taken":11,"max_hp_gain":0,"max_hp_loss":0,"event_name":"World of Goop","floor":5,"gold_loss":0}],"is_beta":false,"boss_relics":[],"items_purged_floors":[],"is_endless":false,"potions_floor_spawned":[4,6,11],"killed_by":"Lagavulin","ascension_level":18}