{"path_per_floor":["M","M","$","M","?","R","E","R","T","R","M","M","M","M","R","B",null],"character_chosen":"IRONCLAD","items_purchased":["Thunderclap"],"gold_per_floor":[12,29,5,22,22,22,52,52,52,52,64,77,97,110,110,211,211,211],"floor_reached":18,"campfire_rested":1,"playtime":1380,"item_purchase_floors":[3],"current_hp_per_floor":[80,80,80,80,85,85,60,60,60,60,62,52,48,41,66,26,85,85],"items_purged":[],"gold":211,"score":164,"play_id":"b6e2948f-01b6-4ffb-95e8-858302518cc5","local_time":"20180530184502","is_prod":false,"is_daily":false,"chose_seed":false,"is_ascension_mode":false,"campfire_upgraded":3,"win_rate":0,"timestamp":1527702302,"campfire_choices":[{"data":"Rage","floor":6,"key":"SMITH"},{"data":"True Grit","floor":8,"key":"SMITH"},{"data":"Bash","floor":10,"key":"SMITH"},{"floor":15,"key":"REST"}],"path_taken":["M","M","$","M","?","R","E","R","T","R","M","M","?","M","R","BOSS","M"],"build_version":"2018-05-24","seed_source_timestamp":20110524534231,"purchased_purges":0,"victory":false,"master_deck":["Strike_R","Strike_R","Strike_R","Strike_R","Strike_R","Defend_R","Defend_R","Defend_R","Defend_R","Bash+1","True Grit+1","Burning Pact","Thunderclap","Rage+1","Battle Trance","Corruption","Dark Embrace"],"max_hp_per_floor":[80,80,80,80,85,85,85,85,85,85,85,85,85,85,85,85,85,85],"relics":["Burning Blood","Calipers","Letter Opener","Matryoshka","Ectoplasm"],"card_choices":[{"not_picked":["Havoc","Sword Boomerang"],"picked":"True Grit","floor":1},{"not_picked":["Dual Wield","Warcry"],"picked":"Burning Pact","floor":2},{"not_picked":["Flex","Blood for Blood"],"picked":"Rage","floor":4},{"not_picked":["Perfected Strike","Armaments"],"picked":"Battle Trance","floor":7},{"not_picked":["Battle Trance","Iron Wave","Intimidate"],"picked":"SKIP","floor":11},{"not_picked":["Thunderclap","Clothesline","True Grit"],"picked":"SKIP","floor":12},{"not_picked":["Blood for Blood","Headbutt","Anger"],"picked":"SKIP","floor":13},{"not_picked":["Headbutt","Twin Strike"],"picked":"Corruption","floor":14},{"not_picked":["Double Tap","Immolate"],"picked":"Dark Embrace","floor":16}],"player_experience":399699,"potions_floor_usage":[],"damage_taken":[{"damage":1,"enemies":"Jaw Worm","floor":1,"turns":3},{"damage":4,"enemies":"2 Louse","floor":2,"turns":3},{"damage":6,"enemies":"Cultist","floor":4,"turns":3},{"damage":31,"enemies":"3 Sentries","floor":7,"turns":10},{"damage":4,"enemies":"2 Fungi Beasts","floor":11,"turns":4},{"damage":16,"enemies":"Exordium Thugs","floor":12,"turns":5},{"damage":10,"enemies":"Large Slime","floor":13,"turns":6},{"damage":13,"enemies":"2 Fungi Beasts","floor":14,"turns":4},{"damage":46,"enemies":"The Guardian","floor":16,"turns":17},{"damage":0,"enemies":"Spheric Guardian","floor":18,"turns":1}],"relics_obtained":[{"floor":7,"key":"Letter Opener"},{"floor":9,"key":"Matryoshka"}],"event_choices":[{"event_name":"Big Fish","player_choice":"Donut","floor":5,"damage_taken":0}],"boss_relics":[{"not_picked":["Tiny House","Velvet Choker"],"picked":"Ectoplasm"}],"items_purged_floors":[],"potions_floor_spawned":[2,4,16],"seed_played":"-7302101849534063404","killed_by":"Spheric Guardian","ascension_level":0,"potions_obtained":[{"floor":2,"key":"FairyPotion"},{"floor":4,"key":"FearPotion"},{"floor":16,"key":"EssenceOfSteel"}],"is_trial":false}