{"gold_per_floor":[214,33,33,51,61,61,7,35,60,91,91,91,134,153,153,246,246,270,286,286,25,25,25,25],"floor_reached":24,"playtime":734,"items_purged":[],"score":371,"play_id":"87ebcef8-b20c-4be0-a856-40b7cfe69b91","local_time":"20190524193223","is_ascension_mode":true,"campfire_choices":[{"data":"Apotheosis","floor":6.0,"key":"SMITH"},{"floor":11.0,"key":"REST"},{"floor":15.0,"key":"REST"},{"floor":23,"key":"RECALL"}],"neow_cost":"NONE","seed_source_timestamp":936876709593200,"circlet_count":0,"master_deck":["AscendersBane","Strike_B","Strike_B","Defend_B","Defend_B","Defend_B","Defend_B","Zap","Dualcast","Ball Lightning","Apotheosis+1","Auto Shields","Zap","Coolheaded","Cold Snap","Leap","Skim","Go for the Eyes","Injury","BootSequence","Barrage","Rainbow","Hologram","Streamline","Ghostly","Ghostly","Ghostly","Capacitor"],"special_seed":0,"relics":["Cracked Core","Bag of Preparation","Centennial Puzzle","Smiling Mask","Golden Idol","Juzu Bracelet","Empty Cage","Bottled Lightning"],"potions_floor_usage":[],"damage_taken":[{"damage":16.0,"enemies":"Jaw Worm","floor":1.0,"turns":4.0},{"damage":0.0,"enemies":"Cultist","floor":4.0,"turns":3.0},{"damage":6.0,"enemies":"2 Louse","floor":5.0,"turns":2.0},{"damage":4.0,"enemies":"3 Sentries","floor":8.0,"turns":7.0},{"damage":8.0,"enemies":"Gremlin Nob","floor":10.0,"turns":3.0},{"damage":6.0,"enemies":"Lagavulin","floor":13.0,"turns":5.0},{"damage":0.0,"enemies":"Looter","floor":14.0,"turns":3.0},{"damage":7.0,"enemies":"The Guardian","floor":16.0,"turns":12.0},{"damage":6.0,"enemies":"2 Thieves","floor":18.0,"turns":4.0},{"damage":1.0,"enemies":"Chosen","floor":19.0,"turns":4.0},{"damage":39,"enemies":"Slavers","floor":24,"turns":3}],"seed_played":"3709600202274118775","potions_obtained":[{"floor":5.0,"key":"Strength Potion"},{"floor":8.0,"key":"Explosive Potion"}],"is_trial":false,"path_per_floor":["M","$","?","M","M","R","$","E","T","E","R","?","E","M","R","B",null,"M","M","?","$","?","R","E"],"character_chosen":"DEFECT","items_purchased":["Apotheosis","Leap","Bottled Lightning"],"campfire_rested":2,"item_purchase_floors":[2,7,21],"current_hp_per_floor":[48,48,48,48,42,42,42,38,38,30,51,51,45,45,66,59,68,62,61,35,35,35,35,0],"gold":25,"neow_bonus":"HUNDRED_GOLD","is_prod":false,"is_daily":false,"chose_seed":false,"campfire_upgraded":1,"win_rate":0,"timestamp":1558719143,"path_taken":["M","$","?","?","M","R","?","E","T","E","R","?","E","M","R","BOSS","M","M","?","$","?","R","E"],"build_version":"2019-01-23","purchased_purges":0,"victory":false,"max_hp_per_floor":[71,71,71,71,71,71,71,71,71,71,71,71,71,71,71,71,71,71,71,35,35,35,35,35],"card_choices":[{"not_picked":["Rebound","Steam Power"],"picked":"Ball Lightning","floor":1.0},{"not_picked":["Ball Lightning","Static Discharge"],"picked":"Coolheaded","floor":4.0},{"not_picked":["Hologram","Gash"],"picked":"Cold Snap","floor":5.0},{"not_picked":["Turbo","Amplify"],"picked":"Skim","floor":8.0},{"not_picked":["Leap","Barrage"],"picked":"Go for the Eyes","floor":10.0},{"not_picked":["Redo","Reprogram"],"picked":"BootSequence","floor":13.0},{"not_picked":["Hello World","Turbo"],"picked":"Barrage","floor":14.0},{"not_picked":["Hyperbeam","Amplify"],"picked":"Rainbow","floor":16.0},{"not_picked":["Recycle","Beam Cell"],"picked":"Hologram","floor":18.0},{"not_picked":["Force Field","Recycle"],"picked":"Streamline","floor":19.0}],"player_experience":1194325,"relics_obtained":[{"floor":8.0,"key":"Bag of Preparation"},{"floor":9.0,"key":"Centennial Puzzle"},{"floor":10.0,"key":"Smiling Mask"},{"floor":13.0,"key":"Juzu Bracelet"}],"event_choices":[{"damage_healed":0.0,"max_hp_gain":0.0,"max_hp_loss":0.0,"gold_gain":0.0,"event_name":"Match and Keep!","player_choice":"2 cards matched","floor":3.0,"gold_loss":0.0,"damage_taken":0.0,"cards_obtained":["Auto Shields","Zap"]},{"damage_healed":0.0,"max_hp_gain":0.0,"max_hp_loss":0.0,"gold_gain":0.0,"event_name":"Golden Idol","player_choice":"Take Wound","floor":12.0,"gold_loss":0.0,"damage_taken":0.0,"relics_obtained":["Golden Idol"],"cards_obtained":["Injury"]},{"damage_healed":0.0,"max_hp_gain":0.0,"max_hp_loss":36.0,"gold_gain":0.0,"event_name":"Ghosts","player_choice":"Became a Ghost","floor":20.0,"gold_loss":0.0,"damage_taken":0.0,"cards_obtained":["Ghostly","Ghostly","Ghostly"]},{"damage_healed":0,"gold_gain":0,"player_choice":"Read","damage_taken":0,"max_hp_gain":0,"max_hp_loss":0,"event_name":"The Library","floor":22,"gold_loss":0,"cards_obtained":["Capacitor"]}],"is_beta":false,"boss_relics":[{"not_picked":["Philosopher\u0027s Stone","Busted Crown"],"picked":"Empty Cage"}],"items_purged_floors":[],"is_endless":false,"potions_floor_spawned":[5,8],"killed_by":"Slavers","ascension_level":15}