{"gold_per_floor":[361,42,42,54,68,68,94,94,117,117,49,49,66,79,79,179,179,193,71,81,95,95,109,59,59,59,72,72,72,22,22,22,22],"floor_reached":33,"playtime":1491,"items_purged":["Strike_R","Defend_R","Strike_R","Doubt"],"score":270,"play_id":"ee3a6679-7ee0-4ed8-933a-0b7739c94b21","local_time":"20190605211328","is_ascension_mode":false,"campfire_choices":[{"data":"Whirlwind","floor":6,"key":"SMITH"},{"data":"Pommel Strike","floor":8,"key":"SMITH"},{"data":"Flame Barrier","floor":15,"key":"SMITH"},{"data":"Shrug It Off","floor":25,"key":"SMITH"},{"data":"Offering","floor":28,"key":"SMITH"},{"data":"Ghostly","floor":32,"key":"SMITH"}],"neow_cost":"PERCENT_DAMAGE","seed_source_timestamp":1050266717814985,"circlet_count":0,"master_deck":["Strike_R","Defend_R","Defend_R","Defend_R","Bash","Pommel Strike+1","Whirlwind+1","Inflame","Flame Barrier+1","Spot Weakness","Shrug It Off+1","Pommel Strike","Offering+1","Ghostly+1","Ghostly","Ghostly","Ghostly","Ghostly"],"relics":["Burning Blood","Matryoshka","Centennial Puzzle","Art of War","Smiling Mask","Oddly Smooth Stone","Happy Flower","Cursed Key","The Courier","Bottled Flame"],"potions_floor_usage":[7,7,16,16,33,33],"damage_taken":[{"damage":1,"enemies":"Small Slimes","floor":1,"turns":5},{"damage":6,"enemies":"Cultist","floor":4,"turns":3},{"damage":6,"enemies":"2 Louse","floor":5,"turns":4},{"damage":11,"enemies":"3 Sentries","floor":7,"turns":2},{"damage":0,"enemies":"Lots of Slimes","floor":13,"turns":1},{"damage":0,"enemies":"Looter","floor":14,"turns":3},{"damage":29,"enemies":"Hexaghost","floor":16,"turns":6},{"damage":7,"enemies":"Shell Parasite","floor":18,"turns":4},{"damage":0,"enemies":"3 Byrds","floor":20,"turns":3},{"damage":20,"enemies":"Sentry and Sphere","floor":21,"turns":5},{"damage":6,"enemies":"Centurion and Healer","floor":23,"turns":2},{"damage":6,"enemies":"Cultist and Chosen","floor":27,"turns":3},{"damage":63,"enemies":"Champ","floor":33,"turns":10}],"seed_played":"-7794387953385565100","potions_obtained":[{"floor":1,"key":"Swift Potion"},{"floor":4,"key":"Energy Potion"},{"floor":13,"key":"AttackPotion"},{"floor":14,"key":"Block Potion"},{"floor":20,"key":"Swift Potion"},{"floor":27,"key":"Poison Potion"}],"is_trial":false,"path_per_floor":["M","$","?","M","M","R","E","R","T","?","$","T","M","M","R","B",null,"M","$","M","M","?","M","$","R","T","M","R","?","$","?","R","B"],"character_chosen":"IRONCLAD","items_purchased":["Matryoshka","Flame Barrier","Shrug It Off","Pommel Strike"],"campfire_rested":0,"item_purchase_floors":[2,11,19,19],"current_hp_per_floor":[61,61,61,61,61,61,56,56,56,56,56,56,62,68,68,45,80,79,79,80,66,66,66,66,66,66,66,66,66,66,40,40,0],"gold":22,"neow_bonus":"TWO_FIFTY_GOLD","is_prod":false,"is_daily":false,"chose_seed":false,"campfire_upgraded":6,"win_rate":0,"timestamp":1559783608,"path_taken":["M","$","?","?","M","R","E","R","T","?","$","?","?","M","R","BOSS","M","$","M","M","?","?","$","R","T","M","R","?","$","?","R","BOSS"],"build_version":"2019-01-23","purchased_purges":4,"victory":false,"max_hp_per_floor":[80,80,80,80,80,80,80,80,80,80,80,80,80,80,80,80,80,80,80,80,80,80,80,80,80,80,80,80,80,80,40,40,40],"card_choices":[{"not_picked":["Intimidate","Rampage"],"picked":"Pommel Strike","floor":1},{"not_picked":["Seeing Red","Clash","Wild Strike"],"picked":"SKIP","floor":4},{"not_picked":["Corruption","Shrug It Off"],"picked":"Whirlwind","floor":5},{"not_picked":["Iron Wave","Twin Strike","Heavy Blade"],"picked":"SKIP","floor":7},{"not_picked":["Rage","Shockwave"],"picked":"Spot Weakness","floor":13},{"not_picked":["Twin Strike","Clothesline","Armaments"],"picked":"SKIP","floor":14},{"not_picked":["Anger","Rampage","Flex"],"picked":"SKIP","floor":18},{"not_picked":["Rage+1","Cleave","Dropkick"],"picked":"SKIP","floor":20},{"not_picked":["Shrug It Off","Dropkick"],"picked":"Offering","floor":21},{"not_picked":["Twin Strike","Anger","Second Wind+1"],"picked":"SKIP","floor":23},{"not_picked":["Clash","Warcry","True Grit"],"picked":"SKIP","floor":27}],"player_experience":150094,"relics_obtained":[{"floor":7,"key":"Centennial Puzzle"},{"floor":9,"key":"Art of War"},{"floor":9,"key":"Smiling Mask"},{"floor":12,"key":"Oddly Smooth Stone"},{"floor":12,"key":"Happy Flower"},{"floor":22,"key":"The Courier"},{"floor":26,"key":"Bottled Flame"}],"event_choices":[{"cards_removed":["Strike_R"],"damage_healed":0,"gold_gain":0,"player_choice":"Offered Basic","damage_taken":0,"max_hp_gain":0,"max_hp_loss":0,"event_name":"Bonfire Elementals","floor":3,"gold_loss":0},{"damage_healed":0,"gold_gain":0,"cards_transformed":["Strike_R"],"player_choice":"Transformed","damage_taken":0,"max_hp_gain":0,"max_hp_loss":0,"event_name":"Transmorgrifier","floor":10,"gold_loss":0,"cards_obtained":["Inflame"]},{"damage_healed":0,"gold_gain":0,"player_choice":"Relic","damage_taken":0,"max_hp_gain":0,"max_hp_loss":0,"event_name":"Wheel of Change","floor":22,"gold_loss":0},{"damage_healed":0,"gold_gain":0,"player_choice":"Ignored","damage_taken":0,"max_hp_gain":0,"max_hp_loss":0,"event_name":"Beggar","floor":29,"gold_loss":0},{"damage_healed":0,"gold_gain":0,"player_choice":"Became a Ghost","damage_taken":0,"max_hp_gain":0,"max_hp_loss":40,"event_name":"Ghosts","floor":31,"gold_loss":0,"cards_obtained":["Ghostly","Ghostly","Ghostly","Ghostly","Ghostly"]}],"is_beta":false,"boss_relics":[{"not_picked":["Mark of Pain","Tiny House"],"picked":"Cursed Key"}],"items_purged_floors":[2,19,24,30],"is_endless":false,"potions_floor_spawned":[1,4,13,14,20,27],"killed_by":"Champ","ascension_level":0}