{"gold_per_floor":[116,116,4,17,92,92,127,145,145,145,172,194,206,245,257,374,386,408,420,51,51,64,64,76,94,94,110,110,125,139,158,158,253,253,266,13,13,27,27],"floor_reached":39,"playtime":1637,"items_purged":["Strike_G"],"score":685,"play_id":"2d205fb2-4dde-4e27-b93e-de1b9505d513","local_time":"20190221022901","is_ascension_mode":true,"campfire_choices":[{"data":"Skewer","floor":6,"key":"SMITH"},{"data":"Neutralize","floor":10,"key":"SMITH"},{"data":"Cloak And Dagger","floor":13,"key":"SMITH"},{"data":"Flying Knee","floor":15,"key":"SMITH"},{"data":"Bullet Time","floor":23,"key":"SMITH"},{"floor":28,"key":"REST"},{"floor":32,"key":"REST"}],"neow_cost":"NONE","seed_source_timestamp":80967531348400,"circlet_count":0,"master_deck":["AscendersBane","Survivor","Neutralize+1","Cloak And Dagger+1","Skewer+1","Backstab","Blade Dance","Blade Dance","Dagger Spray","Backflip","Flying Knee+1","Bullet Time+1","After Image","Burst","Finisher","Expertise","Well Laid Plans","Escape Plan","Flying Knee","Cloak And Dagger","Footwork","Finisher","Backflip","Choke","PiercingWail","Slice","Choke","After Image","Slice","Apotheosis","Infinite Blades","Quick Slash"],"relics":["Ring of the Snake","NeowsBlessing","Ninja Scroll","Dodecahedron","MawBank","Mercury Hourglass","Pandora\u0027s Box","Kunai","Meat on the Bone","Eternal Feather"],"potions_floor_usage":[14,16,22,27,33,35,39],"damage_taken":[{"damage":0,"enemies":"Jaw Worm","floor":1,"turns":1},{"damage":0,"enemies":"2 Louse","floor":4,"turns":1},{"damage":0,"enemies":"3 Sentries","floor":7,"turns":1},{"damage":0,"enemies":"Cultist","floor":8,"turns":1},{"damage":6,"enemies":"Gremlin Nob","floor":11,"turns":3},{"damage":0,"enemies":"3 Louse","floor":12,"turns":1},{"damage":1,"enemies":"3 Sentries","floor":14,"turns":7},{"damage":51,"enemies":"Hexaghost","floor":16,"turns":14},{"damage":8,"enemies":"2 Thieves","floor":18,"turns":2},{"damage":0,"enemies":"Spheric Guardian","floor":22,"turns":1},{"damage":8,"enemies":"Cultist and Chosen","floor":24,"turns":6},{"damage":18,"enemies":"Snake Plant","floor":25,"turns":4},{"damage":17,"enemies":"Snecko","floor":27,"turns":4},{"damage":11,"enemies":"Shelled Parasite and Fungi","floor":29,"turns":4},{"damage":0,"enemies":"Centurion and Healer","floor":30,"turns":3},{"damage":16,"enemies":"Chosen and Byrds","floor":31,"turns":5},{"damage":41,"enemies":"Champ","floor":33,"turns":10},{"damage":22,"enemies":"Orb Walker","floor":35,"turns":3},{"damage":0,"enemies":"3 Shapes","floor":38,"turns":6},{"damage":86,"enemies":"Transient","floor":39,"turns":4}],"seed_played":"-3816015494024514345","potions_obtained":[{"floor":7,"key":"Weak Potion"},{"floor":8,"key":"EssenceOfSteel"},{"floor":18,"key":"SteroidPotion"},{"floor":25,"key":"SkillPotion"},{"floor":31,"key":"SteroidPotion"},{"floor":33,"key":"SteroidPotion"},{"floor":38,"key":"SneckoOil"}],"is_trial":false,"path_per_floor":["M","?","$","M","?","R","E","M","T","R","E","M","R","E","R","B",null,"M","?","$","?","M","R","M","M","T","M","R","M","M","M","R","B",null,"M","$","?","M","M"],"character_chosen":"THE_SILENT","items_purchased":["Skewer","Kunai","Footwork","Finisher","Apotheosis","Infinite Blades"],"campfire_rested":2,"item_purchase_floors":[3,20,20,20,36,36],"current_hp_per_floor":[63,68,68,68,61,61,61,61,61,61,55,55,55,54,54,3,57,49,49,49,49,49,49,41,23,23,18,40,41,41,37,59,30,64,42,42,42,42,0],"gold":27,"neow_bonus":"THREE_ENEMY_KILL","is_prod":false,"is_daily":false,"chose_seed":false,"campfire_upgraded":5,"win_rate":0,"timestamp":1550712541,"path_taken":["M","?","$","M","?","R","E","?","T","R","E","M","R","E","R","BOSS","M","?","$","?","M","R","M","M","T","M","R","M","M","M","R","BOSS","M","$","?","M","M"],"build_version":"2019-01-23","purchased_purges":1,"victory":false,"max_hp_per_floor":[70,75,75,75,75,75,75,75,75,75,75,75,75,75,75,75,75,75,75,75,75,75,75,75,75,75,75,75,75,75,75,75,75,75,75,75,75,75,75],"card_choices":[{"not_picked":["Outmaneuver","Dodge and Roll"],"picked":"Cloak And Dagger","floor":1},{"not_picked":["Catalyst","Underhanded Strike"],"picked":"Backstab","floor":4},{"not_picked":["Escape Plan","Deadly Poison"],"picked":"Blade Dance","floor":7},{"not_picked":["Backflip","Flying Knee"],"picked":"Blade Dance","floor":8},{"not_picked":["Quick Slash","Die Die Die"],"picked":"Dagger Spray","floor":11},{"not_picked":["Quick Slash","Sucker Punch"],"picked":"Backflip","floor":12},{"not_picked":["Outmaneuver","Dagger Spray"],"picked":"Flying Knee","floor":14},{"not_picked":["Malaise","Venomology"],"picked":"Bullet Time","floor":16},{"not_picked":["Dagger Throw","Heel Hook"],"picked":"Cloak And Dagger","floor":18},{"not_picked":["Deadly Poison","Eviscerate"],"picked":"Backflip","floor":22},{"not_picked":["Acrobatics","Expertise"],"picked":"Choke","floor":24},{"not_picked":["Tactician","Backflip"],"picked":"PiercingWail","floor":25},{"not_picked":["Prepared","Cloak And Dagger"],"picked":"Slice","floor":27},{"not_picked":["Eviscerate","Prepared","Deadly Poison"],"picked":"SKIP","floor":29},{"not_picked":["Noxious Fumes","Reflex"],"picked":"Choke","floor":30},{"not_picked":["Expertise","Dagger Spray","Deadly Poison"],"picked":"SKIP","floor":31},{"not_picked":["Burst","Night Terror"],"picked":"After Image","floor":33},{"not_picked":["Flying Knee","Outmaneuver"],"picked":"Slice","floor":35},{"not_picked":["Slice","Deflect"],"picked":"Quick Slash","floor":38}],"player_experience":824523,"relics_obtained":[{"floor":7,"key":"Ninja Scroll"},{"floor":9,"key":"Dodecahedron"},{"floor":11,"key":"MawBank"},{"floor":14,"key":"Mercury Hourglass"},{"floor":26,"key":"Meat on the Bone"}],"event_choices":[{"damage_healed":0,"gold_gain":0,"player_choice":"Donut","damage_taken":0,"max_hp_gain":5,"max_hp_loss":0,"event_name":"Big Fish","floor":2,"gold_loss":0},{"damage_healed":0,"gold_gain":75,"player_choice":"Touch","damage_taken":7,"max_hp_gain":0,"max_hp_loss":0,"event_name":"FaceTrader","floor":5,"gold_loss":0},{"cards_removed":["Concentrate"],"damage_healed":0,"gold_gain":0,"player_choice":"Elegance","damage_taken":0,"max_hp_gain":0,"max_hp_loss":0,"event_name":"Back to Basics","floor":19,"gold_loss":0},{"cards_removed":["Masterful Stab"],"damage_healed":0,"gold_gain":0,"player_choice":"Purged","damage_taken":0,"max_hp_gain":0,"max_hp_loss":0,"event_name":"Purifier","floor":21,"gold_loss":0},{"damage_healed":0,"gold_gain":0,"player_choice":"Ignored","damage_taken":0,"max_hp_gain":0,"max_hp_loss":0,"event_name":"Mysterious Sphere","floor":37,"gold_loss":0}],"is_beta":false,"boss_relics":[{"not_picked":["Orrery","Snecko Eye"],"picked":"Pandora\u0027s Box"},{"not_picked":["Velvet Choker","Lizard Tail"],"picked":"Eternal Feather"}],"items_purged_floors":[3],"is_endless":false,"potions_floor_spawned":[7,8,18,25,31,33,38],"killed_by":"Transient","ascension_level":12}