{"gold_per_floor":[116,41,41,4,4,34,34,34,34,46,196,228,243,39,39,116,116,136,95,95,95,107,107,141,222,252,252],"floor_reached":27,"playtime":884,"items_purged":["Doubt"],"score":494,"play_id":"be0885b8-e8b7-432d-85ac-0ac2be66fa65","local_time":"20190514193847","is_ascension_mode":true,"campfire_choices":[{"data":"Zap","floor":8,"key":"SMITH"},{"floor":15,"key":"REST"},{"data":"Sunder","floor":23,"key":"SMITH"}],"neow_cost":"NONE","seed_source_timestamp":1646906331036263,"circlet_count":0,"master_deck":["AscendersBane","Defend_B","Defend_B","Defend_B","Defend_B","Zap+1","Dualcast","Loop","Seek","Ball Lightning","Sunder+1","Glacier","Defragment","Electrodynamics","Static Discharge+1","Blizzard+1","Stack+1","Hologram","Static Discharge","Leap"],"relics":["Cracked Core","NeowsBlessing","Anchor","Letter Opener","Torii","Bag of Marbles","Astrolabe","MutagenicStrength","Centennial Puzzle","Mercury Hourglass","Tiny Chest"],"potions_floor_usage":[12,16],"damage_taken":[{"damage":0,"enemies":"2 Louse","floor":1,"turns":1},{"damage":0,"enemies":"Lagavulin","floor":6,"turns":1},{"damage":0,"enemies":"Jaw Worm","floor":10,"turns":1},{"damage":32,"enemies":"3 Sentries","floor":12,"turns":7},{"damage":0,"enemies":"Cultist","floor":13,"turns":2},{"damage":20,"enemies":"Slime Boss","floor":16,"turns":8},{"damage":26,"enemies":"Chosen","floor":18,"turns":5},{"damage":15,"enemies":"Shell Parasite","floor":22,"turns":3},{"damage":22,"enemies":"Slavers","floor":24,"turns":3},{"damage":15,"enemies":"Colosseum Slavers","floor":27,"turns":1}],"seed_played":"-2733264542952365884","potions_obtained":[{"floor":6,"key":"Swift Potion"},{"floor":10,"key":"Dexterity Potion"},{"floor":16,"key":"SteroidPotion"}],"is_trial":false,"path_per_floor":["M","?","?","$","?","E","?","R","T","M","?","E","M","$","R","B",null,"M","$","?","?","M","R","E","T","T","?"],"character_chosen":"DEFECT","items_purchased":["Loop","Defragment","Fire Potion","Static Discharge"],"campfire_rested":1,"item_purchase_floors":[4,14,14,19],"current_hp_per_floor":[64,64,69,69,43,43,43,43,43,43,43,11,11,11,33,13,60,34,34,34,49,34,34,12,12,12,0],"gold":252,"neow_bonus":"THREE_ENEMY_KILL","is_prod":false,"is_daily":false,"chose_seed":false,"campfire_upgraded":2,"win_rate":0,"timestamp":1557859127,"path_taken":["M","?","?","$","?","E","?","R","T","?","?","E","M","$","R","BOSS","M","$","?","?","M","R","E","?","T","?"],"build_version":"2019-01-23","purchased_purges":1,"victory":false,"max_hp_per_floor":[71,71,76,76,76,76,76,76,76,76,76,76,76,76,76,76,76,76,76,76,76,76,76,76,76,76,76],"card_choices":[{"not_picked":["Conserve Battery","Stack"],"picked":"Gash","floor":1},{"not_picked":["Hologram","Fusion"],"picked":"Seek","floor":6},{"not_picked":["Tempest","Stack"],"picked":"Ball Lightning","floor":10},{"not_picked":["Beam Cell","Steam"],"picked":"Sunder","floor":12},{"not_picked":["Heatsinks","Steam"],"picked":"Glacier","floor":13},{"not_picked":["Core Surge","Machine Learning"],"picked":"Electrodynamics","floor":16},{"not_picked":["Redo","Barrage"],"picked":"Hologram","floor":18},{"not_picked":["Scrape","Redo"],"picked":"Leap","floor":22},{"not_picked":["Hello World+1","Amplify","Scrape"],"picked":"SKIP","floor":24}],"player_experience":1018825,"relics_obtained":[{"floor":6,"key":"Letter Opener"},{"floor":9,"key":"Torii"},{"floor":12,"key":"Bag of Marbles"},{"floor":24,"key":"Centennial Puzzle"},{"floor":25,"key":"Mercury Hourglass"},{"floor":26,"key":"Tiny Chest"}],"event_choices":[{"cards_removed":["Strike_B"],"damage_healed":0,"gold_gain":0,"player_choice":"Card Removal","damage_taken":0,"max_hp_gain":0,"max_hp_loss":0,"event_name":"The Cleric","floor":2,"gold_loss":75},{"damage_healed":0,"gold_gain":0,"player_choice":"Donut","damage_taken":0,"max_hp_gain":5,"max_hp_loss":0,"event_name":"Big Fish","floor":3,"gold_loss":0},{"damage_healed":0,"gold_gain":0,"player_choice":"Success","damage_taken":26,"relics_obtained":["Anchor"],"max_hp_gain":0,"max_hp_loss":0,"event_name":"Scrap Ooze","floor":5,"gold_loss":0},{"cards_removed":["Strike_B"],"damage_healed":0,"gold_gain":0,"player_choice":"Offered Basic","damage_taken":0,"max_hp_gain":0,"max_hp_loss":0,"event_name":"Bonfire Elementals","floor":7,"gold_loss":0},{"damage_healed":0,"gold_gain":150,"player_choice":"AGREE","damage_taken":0,"max_hp_gain":0,"max_hp_loss":0,"event_name":"Liars Game","floor":11,"gold_loss":0,"cards_obtained":["Doubt"]},{"damage_healed":0,"gold_gain":0,"player_choice":"Inject Mutagens","damage_taken":0,"relics_obtained":["MutagenicStrength"],"max_hp_gain":0,"max_hp_loss":0,"event_name":"Drug Dealer","floor":20,"gold_loss":0},{"damage_healed":15,"gold_gain":0,"player_choice":"Heal","damage_taken":0,"max_hp_gain":0,"max_hp_loss":0,"event_name":"The Library","floor":21,"gold_loss":0},{"damage_healed":0,"gold_gain":0,"player_choice":"Fight","damage_taken":0,"max_hp_gain":0,"max_hp_loss":0,"event_name":"Colosseum","floor":27,"gold_loss":0}],"is_beta":false,"boss_relics":[{"not_picked":["Orrery","Lizard Tail"],"picked":"Astrolabe"}],"items_purged_floors":[14],"is_endless":false,"potions_floor_spawned":[6,10,16,18],"killed_by":"Colosseum Slavers","ascension_level":18}