{"gold_per_floor":[18,33,50,61,74,99,99,118,143,172,172,172],"floor_reached":12,"playtime":347,"items_purged":[],"score":166,"play_id":"3b13b4e0-6afa-418c-b797-b5e1a053240e","local_time":"20190613065625","is_ascension_mode":true,"campfire_choices":[{"data":"Zap","floor":7,"key":"SMITH"}],"neow_cost":"NO_GOLD","seed_source_timestamp":110457620139000,"circlet_count":0,"master_deck":["AscendersBane","Strike_B","Strike_B","Strike_B","Strike_B","Defend_B","Defend_B","Defend_B","Defend_B","Zap+1","Dualcast","Doom and Gloom","BootSequence","Cold Snap","Darkness","Compile Driver","Conserve Battery","Compile Driver","Ball Lightning"],"relics":["Cracked Core","Ginger","Bronze Scales","Orichalcum","Boot"],"potions_floor_usage":[5,6,12,12],"damage_taken":[{"damage":5,"enemies":"Cultist","floor":1,"turns":4},{"damage":1,"enemies":"2 Louse","floor":2,"turns":3},{"damage":0,"enemies":"Small Slimes","floor":3,"turns":2},{"damage":2,"enemies":"Blue Slaver","floor":4,"turns":4},{"damage":0,"enemies":"Red Slaver","floor":5,"turns":4},{"damage":22,"enemies":"Gremlin Nob","floor":6,"turns":4},{"damage":0,"enemies":"Lots of Slimes","floor":8,"turns":2},{"damage":23,"enemies":"Lagavulin","floor":10,"turns":5},{"damage":12,"enemies":"Gremlin Nob","floor":12,"turns":3}],"seed_played":"1843901520998754631","potions_obtained":[{"floor":1,"key":"SpeedPotion"},{"floor":3,"key":"Strength Potion"},{"floor":4,"key":"EssenceOfSteel"},{"floor":10,"key":"FocusPotion"},{"floor":11,"key":"FocusPotion"}],"is_trial":false,"path_per_floor":["M","M","M","M","M","E","R","M","T","E","?","E"],"character_chosen":"DEFECT","items_purchased":[],"campfire_rested":0,"item_purchase_floors":[],"current_hp_per_floor":[59,58,58,56,56,34,34,34,34,11,11,0],"gold":172,"neow_bonus":"ONE_RARE_RELIC","is_prod":false,"is_daily":false,"chose_seed":false,"campfire_upgraded":1,"win_rate":0,"timestamp":1560401785,"path_taken":["M","M","?","M","M","E","R","?","T","E","?","E"],"build_version":"2019-01-23","purchased_purges":0,"victory":false,"max_hp_per_floor":[71,71,71,71,71,71,71,71,71,71,71,71],"card_choices":[{"not_picked":["Rebound","Turbo"],"picked":"Doom and Gloom","floor":1},{"not_picked":["Skim","Rebound"],"picked":"BootSequence","floor":2},{"not_picked":["Sweeping Beam","Hologram"],"picked":"Cold Snap","floor":3},{"not_picked":["Turbo","Conserve Battery"],"picked":"Darkness","floor":4},{"not_picked":["Multi-Cast","Go for the Eyes"],"picked":"Compile Driver","floor":5},{"not_picked":["Rebound","Skim"],"picked":"Conserve Battery","floor":6},{"not_picked":["Turbo","Blizzard"],"picked":"Compile Driver","floor":8},{"not_picked":["Barrage","Hologram"],"picked":"Ball Lightning","floor":10}],"player_experience":1326296,"relics_obtained":[{"floor":6,"key":"Bronze Scales"},{"floor":9,"key":"Orichalcum"},{"floor":10,"key":"Boot"}],"event_choices":[{"damage_healed":0,"gold_gain":0,"player_choice":"Got Potions","damage_taken":0,"max_hp_gain":0,"max_hp_loss":0,"event_name":"Lab","floor":11,"gold_loss":0}],"is_beta":false,"boss_relics":[],"items_purged_floors":[],"is_endless":false,"potions_floor_spawned":[1,3,4,10],"killed_by":"Gremlin Nob","ascension_level":16}