{"gold_per_floor":[115,190,204,33,52,52,87,87,87,120,34,34,34,44,44,44],"floor_reached":16,"playtime":568,"items_purged":["Strike_B"],"score":200,"play_id":"468fdf79-4864-4238-87e6-4feea8a20b3c","local_time":"20190818121409","is_ascension_mode":true,"campfire_choices":[{"data":"Defragment","floor":6.0,"key":"SMITH"},{"data":"Coolheaded","floor":8.0,"key":"SMITH"},{"floor":12,"key":"REST"},{"data":"Seek","floor":15,"key":"SMITH"}],"neow_cost":"NONE","seed_source_timestamp":903271159148427,"circlet_count":0,"master_deck":["AscendersBane","Strike_B","Strike_B+1","Strike_B+1","Defend_B+1","Defend_B","Defend_B","Defend_B+1","Zap","Dualcast","Coolheaded+1","Steam","Defragment+1","Coolheaded","Turbo","Hologram","Steam","Seek+1","Turbo"],"special_seed":0,"relics":["Cracked Core","War Paint","Question Card","Gremlin Horn","Whetstone","Juzu Bracelet"],"potions_floor_usage":[],"damage_taken":[{"damage":2.0,"enemies":"Jaw Worm","floor":1.0,"turns":4.0},{"damage":4.0,"enemies":"Small Slimes","floor":3.0,"turns":4.0},{"damage":0.0,"enemies":"Cultist","floor":5.0,"turns":4.0},{"damage":9.0,"enemies":"3 Sentries","floor":7.0,"turns":15.0},{"damage":37,"enemies":"Gremlin Nob","floor":10,"turns":7},{"damage":1,"enemies":"2 Fungi Beasts","floor":14,"turns":4},{"damage":24,"enemies":"Slime Boss","floor":16,"turns":3}],"seed_played":"-4868088895856736551","potions_obtained":[{"floor":3.0,"key":"Block Potion"},{"floor":10,"key":"Energy Potion"}],"is_trial":false,"path_per_floor":["M","?","M","$","M","R","E","R","T","E","$","R","?","M","R","B"],"character_chosen":"DEFECT","items_purchased":["Defragment","Coolheaded","Seek"],"campfire_rested":1,"item_purchase_floors":[4,4,11],"current_hp_per_floor":[62,51,47,47,47,47,38,38,38,1,1,22,22,21,21,0],"gold":44,"neow_bonus":"RANDOM_COMMON_RELIC","is_prod":false,"is_daily":false,"chose_seed":false,"campfire_upgraded":3,"win_rate":0,"timestamp":1566155649,"path_taken":["M","?","M","$","M","R","E","R","T","E","$","R","?","M","R","BOSS"],"build_version":"2019-07-17","purchased_purges":1,"victory":false,"max_hp_per_floor":[71,71,71,71,71,71,71,71,71,71,71,71,71,71,71,71],"card_choices":[{"not_picked":["Conserve Battery","Ball Lightning"],"picked":"Coolheaded","floor":1.0},{"not_picked":["Self Repair","Leap"],"picked":"Steam","floor":3.0},{"not_picked":["Tempest","Streamline"],"picked":"Turbo","floor":5.0},{"not_picked":["Force Field","Ball Lightning"],"picked":"Hologram","floor":7.0},{"not_picked":["Rebound","Thunder Strike","Hologram"],"picked":"Steam","floor":10},{"not_picked":["Cold Snap","Stack","Coolheaded"],"picked":"Turbo","floor":14}],"player_experience":173173,"relics_obtained":[{"floor":7.0,"key":"Question Card"},{"floor":9.0,"key":"Gremlin Horn"},{"floor":10,"key":"Whetstone"}],"event_choices":[{"damage_healed":0.0,"max_hp_gain":0.0,"max_hp_loss":0.0,"gold_gain":75.0,"event_name":"World of Goop","player_choice":"Gather Gold","floor":2.0,"gold_loss":0.0,"damage_taken":11.0},{"damage_healed":0,"gold_gain":0,"player_choice":"Gave Potion","damage_taken":0,"relics_obtained":["Juzu Bracelet"],"max_hp_gain":0,"max_hp_loss":0,"event_name":"WeMeetAgain","floor":13,"gold_loss":0}],"is_beta":false,"boss_relics":[],"items_purged_floors":[4],"is_endless":false,"potions_floor_spawned":[3,10],"killed_by":"Slime Boss","ascension_level":17}