{"gold_per_floor":[11,286,299,310,325,358,358,358],"floor_reached":8,"playtime":480,"items_purged":[],"score":104,"play_id":"bd7482e9-cb1e-4fac-beee-37b2b4f1062a","local_time":"20190614122934","is_ascension_mode":true,"campfire_choices":[{"floor":7,"key":"REST"}],"neow_cost":"NO_GOLD","seed_source_timestamp":216714733436100,"circlet_count":0,"master_deck":["AscendersBane","Defend_G","Defend_G","Defend_G","Defend_G","Strike_G","Strike_G","Strike_G","Strike_G","Survivor","Neutralize","Crippling Poison","Bullet Time","Leg Sweep","Regret","Endless Agony","Backflip","Dagger Spray","Cloak And Dagger"],"relics":["Ring of the Snake","Bronze Scales"],"potions_floor_usage":[6,8],"damage_taken":[{"damage":0,"enemies":"Jaw Worm","floor":1,"turns":5},{"damage":4,"enemies":"Cultist","floor":3,"turns":6},{"damage":5,"enemies":"Small Slimes","floor":4,"turns":4},{"damage":3,"enemies":"Exordium Wildlife","floor":5,"turns":4},{"damage":27,"enemies":"3 Sentries","floor":6,"turns":10},{"damage":49,"enemies":"Lagavulin","floor":8,"turns":10}],"seed_played":"6638004013879632759","potions_obtained":[{"floor":1,"key":"Block Potion"},{"floor":4,"key":"FearPotion"},{"floor":5,"key":"Energy Potion"}],"is_trial":false,"path_per_floor":["M","?","M","M","M","E","R","E"],"character_chosen":"THE_SILENT","items_purchased":[],"campfire_rested":1,"item_purchase_floors":[],"current_hp_per_floor":[59,59,55,50,47,20,39,0],"gold":358,"neow_bonus":"TRANSFORM_TWO_CARDS","is_prod":false,"is_daily":false,"chose_seed":false,"campfire_upgraded":0,"win_rate":0,"timestamp":1560508174,"path_taken":["M","?","?","M","M","E","R","E"],"build_version":"2019-01-23","purchased_purges":0,"victory":false,"max_hp_per_floor":[66,66,66,66,66,66,66,66],"card_choices":[{"not_picked":["Concentrate","Prepared"],"picked":"Leg Sweep","floor":1},{"not_picked":["Dagger Throw","Deflect"],"picked":"Endless Agony","floor":3},{"not_picked":["Dagger Throw","Sucker Punch"],"picked":"Backflip","floor":4},{"not_picked":["Endless Agony","Blade Dance"],"picked":"Dagger Spray","floor":5},{"not_picked":["Prepared","Infinite Blades"],"picked":"Cloak And Dagger","floor":6}],"player_experience":1335450,"relics_obtained":[{"floor":6,"key":"Bronze Scales"}],"event_choices":[{"damage_healed":0,"gold_gain":275,"player_choice":"Desecrate","damage_taken":0,"max_hp_gain":0,"max_hp_loss":0,"event_name":"Golden Shrine","floor":2,"gold_loss":0,"cards_obtained":["Regret"]}],"is_beta":false,"boss_relics":[],"items_purged_floors":[],"is_endless":false,"potions_floor_spawned":[1,4,5],"killed_by":"Lagavulin","ascension_level":16}