{"gold_per_floor":[111,131,211,211,49,49,62,62,113,128,203,232,232,249,249,249],"floor_reached":16,"playtime":983,"items_purged":["Strike_R"],"score":185,"play_id":"35e9441e-0fc5-455b-a1c6-ef354e6adc08","local_time":"20190705180255","is_ascension_mode":true,"campfire_choices":[{"data":"Spot Weakness","floor":6,"key":"SMITH"},{"data":"Bash","floor":8,"key":"SMITH"},{"data":"Body Slam","floor":13,"key":"SMITH"},{"data":"True Grit","floor":15,"key":"SMITH"}],"neow_cost":"NONE","seed_source_timestamp":1532717222524000,"circlet_count":0,"master_deck":["AscendersBane","Strike_R","Strike_R","Strike_R","Strike_R","Defend_R","Defend_R","Defend_R","Defend_R","Bash+1","Seeing Red","Clothesline","Spot Weakness+1","Flame Barrier","Body Slam+1","True Grit+1"],"relics":["Burning Blood","Tiny Chest","Orichalcum","Smiling Mask","Ornamental Fan"],"potions_floor_usage":[12,14],"damage_taken":[{"damage":6,"enemies":"Cultist","floor":1,"turns":3},{"damage":7,"enemies":"Small Slimes","floor":2,"turns":3},{"damage":3,"enemies":"2 Louse","floor":7,"turns":2},{"damage":12,"enemies":"Blue Slaver","floor":10,"turns":4},{"damage":21,"enemies":"Gremlin Nob","floor":12,"turns":5},{"damage":23,"enemies":"Lots of Slimes","floor":14,"turns":5},{"damage":15,"enemies":"Hexaghost","floor":16,"turns":11}],"seed_played":"-2704206228719234134","potions_obtained":[{"floor":10,"key":"Swift Potion"},{"floor":12,"key":"Weak Potion"}],"is_trial":false,"path_per_floor":["M","M","T","?","$","R","M","R","T","M","?","E","R","M","R","B"],"character_chosen":"IRONCLAD","items_purchased":["Spot Weakness"],"campfire_rested":0,"item_purchase_floors":[5],"current_hp_per_floor":[75,74,74,56,56,56,59,59,59,53,42,27,27,10,10,0],"gold":249,"neow_bonus":"TEN_PERCENT_HP_BONUS","is_prod":false,"is_daily":false,"chose_seed":false,"campfire_upgraded":4,"win_rate":0,"timestamp":1562342575,"path_taken":["M","M","?","?","$","R","M","R","T","M","?","E","R","M","R","BOSS"],"build_version":"2019-07-01","purchased_purges":1,"victory":false,"max_hp_per_floor":[82,82,82,82,82,82,82,82,82,82,82,82,82,82,82,82],"card_choices":[{"not_picked":["Heavy Blade","Havoc"],"picked":"Seeing Red","floor":1},{"not_picked":["Fire Breathing","Disarm"],"picked":"Clothesline","floor":2},{"not_picked":["Clash","Twin Strike"],"picked":"Flame Barrier","floor":7},{"not_picked":["Twin Strike","Armaments"],"picked":"Body Slam","floor":10},{"not_picked":["Sword Boomerang","Berserk","Combust"],"picked":"SKIP","floor":12},{"not_picked":["Havoc","Battle Trance"],"picked":"True Grit","floor":14}],"player_experience":1607288,"relics_obtained":[{"floor":3,"key":"Tiny Chest"},{"floor":9,"key":"Smiling Mask"},{"floor":12,"key":"Ornamental Fan"}],"event_choices":[{"damage_healed":0,"gold_gain":0,"player_choice":"Success","damage_taken":18,"relics_obtained":["Orichalcum"],"max_hp_gain":0,"max_hp_loss":0,"event_name":"Scrap Ooze","floor":4,"gold_loss":0},{"damage_healed":0,"gold_gain":75,"player_choice":"Gather Gold","damage_taken":11,"max_hp_gain":0,"max_hp_loss":0,"event_name":"World of Goop","floor":11,"gold_loss":0}],"is_beta":false,"boss_relics":[],"items_purged_floors":[5],"is_endless":false,"potions_floor_spawned":[10,12],"killed_by":"Hexaghost","ascension_level":17}