{"gold_per_floor":[109,109,122,122,133,161,161,196,196,215,140,170,170,201,201,201],"floor_reached":16,"playtime":451,"items_purged":[],"score":256,"play_id":"002c45a1-84d1-4a07-9cfa-c5bba8bb60be","local_time":"20190331214606","is_ascension_mode":true,"campfire_choices":[{"data":"Sunder","floor":7.0,"key":"SMITH"},{"floor":15.0,"key":"REST"}],"neow_cost":"NONE","seed_source_timestamp":1246986063785032,"circlet_count":0,"master_deck":["AscendersBane","Strike_B","Strike_B","Strike_B","Defend_B","Defend_B","Defend_B","Zap","Dualcast","Glacier","Beam Cell","Ball Lightning","Sunder+1","Loop","Capacitor","Parasite","Cold Snap+1"],"special_seed":0,"relics":["Cracked Core","NeowsBlessing","Bottled Lightning","Potion Belt","Pear","Turnip","Molten Egg 2","WingedGreaves"],"potions_floor_usage":[16,16],"damage_taken":[{"damage":0.0,"enemies":"Cultist","floor":1.0,"turns":1.0},{"damage":0.0,"enemies":"Jaw Worm","floor":3.0,"turns":1.0},{"damage":0.0,"enemies":"2 Louse","floor":5.0,"turns":1.0},{"damage":10.0,"enemies":"Lagavulin","floor":6.0,"turns":7.0},{"damage":25.0,"enemies":"3 Sentries","floor":8.0,"turns":5.0},{"damage":0.0,"enemies":"Large Slime","floor":10.0,"turns":3.0},{"damage":32.0,"enemies":"Gremlin Nob","floor":12.0,"turns":4.0},{"damage":25.0,"enemies":"Lagavulin","floor":14.0,"turns":5.0},{"damage":28,"enemies":"Slime Boss","floor":16,"turns":6}],"seed_played":"-972309927781192295","potions_obtained":[{"floor":1.0,"key":"SmokeBomb"},{"floor":6.0,"key":"Regen Potion"},{"floor":8.0,"key":"GamblersBrew"},{"floor":12.0,"key":"Weak Potion"},{"floor":14.0,"key":"Energy Potion"}],"is_trial":false,"path_per_floor":["M","?","M","T","M","E","R","E","T","M","?","E","?","E","R","B"],"character_chosen":"DEFECT","items_purchased":[],"campfire_rested":1,"item_purchase_floors":[],"current_hp_per_floor":[64,57,57,57,57,47,47,46,46,46,46,14,34,9,33,5],"gold":201,"neow_bonus":"THREE_ENEMY_KILL","is_prod":false,"is_daily":false,"chose_seed":false,"campfire_upgraded":1,"win_rate":0,"timestamp":1554061566,"path_taken":["M","?","M","?","M","E","R","E","T","?","?","E","?","E","R","BOSS"],"build_version":"2019-01-23","purchased_purges":0,"victory":false,"max_hp_per_floor":[71,71,71,71,71,71,71,81,81,81,81,81,81,81,81,81],"card_choices":[{"not_picked":["Barrage","Steam"],"picked":"Glacier","floor":1.0},{"not_picked":["Turbo","Fission"],"picked":"Beam Cell","floor":3.0},{"not_picked":["Melter","Chaos"],"picked":"Ball Lightning","floor":5.0},{"not_picked":["Tempest","Coolheaded"],"picked":"Sunder","floor":6.0},{"not_picked":["Consume","Reprogram"],"picked":"Loop","floor":8.0},{"not_picked":["Rebound","Stack","Multi-Cast"],"picked":"SKIP","floor":10.0},{"not_picked":["Doom and Gloom","Reprogram"],"picked":"Capacitor","floor":12.0},{"not_picked":["Ball Lightning+1","Steam Power"],"picked":"Cold Snap+1","floor":14.0}],"player_experience":749492,"relics_obtained":[{"floor":4.0,"key":"Bottled Lightning"},{"floor":6.0,"key":"Potion Belt"},{"floor":8.0,"key":"Pear"},{"floor":9.0,"key":"Turnip"},{"floor":12.0,"key":"Molten Egg 2"},{"floor":14.0,"key":"WingedGreaves"}],"event_choices":[{"cards_removed":["Defend_B"],"damage_healed":0.0,"max_hp_gain":0.0,"max_hp_loss":0.0,"gold_gain":0.0,"event_name":"Golden Wing","player_choice":"Card Removal","floor":2.0,"gold_loss":0.0,"damage_taken":7.0},{"cards_removed":["Strike_B"],"damage_healed":0.0,"max_hp_gain":0.0,"max_hp_loss":0.0,"gold_gain":0.0,"event_name":"The Cleric","player_choice":"Card Removal","floor":11.0,"gold_loss":75.0,"damage_taken":0.0},{"damage_healed":20.0,"max_hp_gain":0.0,"max_hp_loss":0.0,"gold_gain":0.0,"event_name":"Mushrooms","player_choice":"Healed and dodged fight","floor":13.0,"gold_loss":0.0,"damage_taken":0.0,"cards_obtained":["Parasite"]}],"is_beta":false,"boss_relics":[],"items_purged_floors":[],"is_endless":false,"potions_floor_spawned":[1,6,8,12,14],"killed_by":"Slime Boss","ascension_level":20}