{"gold_per_floor":[112,112,112,125,135,166,166,186,213,226,226,237,237,255,255,255],"floor_reached":16,"playtime":395,"items_purged":[],"score":192,"play_id":"1f2f2158-80b5-4e05-9d51-358c4c77ac22","local_time":"20190722034810","is_ascension_mode":true,"campfire_choices":[{"data":"Zap","floor":7,"key":"SMITH"},{"data":"Conserve Battery","floor":13,"key":"SMITH"},{"floor":15,"key":"REST"}],"neow_cost":"NONE","seed_source_timestamp":64837438017900,"circlet_count":0,"master_deck":["AscendersBane","Strike_B","Strike_B","Defend_B","Defend_B","Defend_B","Defend_B","Zap+1","Dualcast","Sunder+1","Go for the Eyes","BootSequence","Beam Cell","Gash","Conserve Battery+1","Compile Driver","Sweeping Beam"],"relics":["Cracked Core","Lantern","Bag of Preparation","Ancient Tea Set"],"potions_floor_usage":[6,8,16],"damage_taken":[{"damage":7,"enemies":"Small Slimes","floor":1,"turns":3},{"damage":2,"enemies":"Cultist","floor":4,"turns":4},{"damage":0,"enemies":"2 Louse","floor":5,"turns":1},{"damage":30,"enemies":"Lagavulin","floor":6,"turns":8},{"damage":0,"enemies":"Exordium Thugs","floor":8,"turns":4},{"damage":4,"enemies":"3 Louse","floor":10,"turns":2},{"damage":0,"enemies":"2 Fungi Beasts","floor":12,"turns":2},{"damage":0,"enemies":"Blue Slaver","floor":14,"turns":2},{"damage":41,"enemies":"Slime Boss","floor":16,"turns":5}],"seed_played":"-1222161580664903057","potions_obtained":[{"floor":4,"key":"Dexterity Potion"},{"floor":5,"key":"SteroidPotion"},{"floor":10,"key":"FocusPotion"}],"is_trial":false,"path_per_floor":["M","?","?","M","M","E","R","M","T","M","?","M","R","M","R","B"],"character_chosen":"DEFECT","items_purchased":[],"campfire_rested":1,"item_purchase_floors":[],"current_hp_per_floor":[57,50,50,48,48,18,18,18,18,14,14,14,14,14,35,0],"gold":255,"neow_bonus":"RANDOM_COMMON_RELIC","is_prod":false,"is_daily":false,"chose_seed":false,"campfire_upgraded":2,"win_rate":0,"timestamp":1563760090,"path_taken":["M","?","?","?","M","E","R","M","T","M","?","M","R","M","R","BOSS"],"build_version":"2019-07-17","purchased_purges":0,"victory":false,"max_hp_per_floor":[71,71,71,71,71,71,71,71,71,71,71,71,71,71,71,71],"card_choices":[{"not_picked":["Rebound","Conserve Battery"],"picked":"Sunder","floor":1},{"not_picked":["Streamline","Hologram"],"picked":"Go for the Eyes","floor":4},{"not_picked":["Double Energy","Chill"],"picked":"BootSequence","floor":5},{"not_picked":["Sweeping Beam","Go for the Eyes"],"picked":"Beam Cell","floor":6},{"not_picked":["Steam","Sweeping Beam"],"picked":"Gash","floor":8},{"not_picked":["Undo","Buffer"],"picked":"Conserve Battery","floor":10},{"not_picked":["Beam Cell","Rebound"],"picked":"Compile Driver","floor":12},{"not_picked":["Rebound","Barrage"],"picked":"Sweeping Beam","floor":14}],"player_experience":1730756,"relics_obtained":[{"floor":6,"key":"Bag of Preparation"},{"floor":9,"key":"Ancient Tea Set"}],"event_choices":[{"cards_removed":["Strike_B"],"damage_healed":0,"gold_gain":0,"player_choice":"Card Removal","damage_taken":7,"max_hp_gain":0,"max_hp_loss":0,"event_name":"Golden Wing","floor":2,"gold_loss":0},{"damage_healed":0,"gold_gain":0,"player_choice":"Forge","damage_taken":0,"max_hp_gain":0,"max_hp_loss":0,"event_name":"Accursed Blacksmith","floor":3,"gold_loss":0,"cards_upgraded":["Sunder"]},{"cards_removed":["Strike_B"],"damage_healed":0,"gold_gain":0,"player_choice":"Card Removal","damage_taken":0,"max_hp_gain":0,"max_hp_loss":0,"event_name":"Wheel of Change","floor":11,"gold_loss":0}],"is_beta":false,"boss_relics":[],"items_purged_floors":[],"is_endless":false,"potions_floor_spawned":[4,5,10],"killed_by":"Slime Boss","ascension_level":17}