{"gold_per_floor":[118,137,137,150,162,162,0,18,92,92,107,107,134,149,149,223,223,235,57,107,107,157,157,189,204,227,241,241,241,274,20,20,20],"floor_reached":33,"playtime":1312,"items_purged":["Strike_R","Strike_R"],"score":542,"play_id":"2a713a07-0e3d-4d75-9aef-8cda9b43ed44","local_time":"20190528220504","is_ascension_mode":true,"campfire_choices":[{"data":"Uppercut","floor":6,"key":"SMITH"},{"data":"Inflame","floor":10,"key":"SMITH"},{"data":"Anger","floor":12,"key":"SMITH"},{"data":"Sword Boomerang","floor":15,"key":"SMITH"},{"data":"Pummel","floor":23,"key":"SMITH"},{"floor":29,"key":"REST"},{"data":"Spot Weakness","floor":32,"key":"SMITH"}],"neow_cost":"NONE","seed_source_timestamp":147668847870497,"circlet_count":0,"master_deck":["AscendersBane","Strike_R","Strike_R","Strike_R","Defend_R","Defend_R","Defend_R","Defend_R","Bash","Uppercut+1","Shrug It Off","Pummel+1","Anger+1","Inflame+1","Cleave","Headbutt","Sword Boomerang+1","Offering","Spot Weakness+1","Hemokinesis+1","Infernal Blade","Sword Boomerang+1"],"relics":["Burning Blood","Strawberry","Self Forming Clay","Mango","Busted Crown","Red Skull","Dream Catcher","Red Mask","Membership Card"],"potions_floor_usage":[13,18,24,24,30,30,33],"damage_taken":[{"damage":9,"enemies":"Small Slimes","floor":1,"turns":5},{"damage":17,"enemies":"Cultist","floor":2,"turns":5},{"damage":9,"enemies":"Jaw Worm","floor":4,"turns":3},{"damage":8,"enemies":"3 Louse","floor":5,"turns":4},{"damage":0,"enemies":"Large Slime","floor":8,"turns":5},{"damage":6,"enemies":"Red Slaver","floor":11,"turns":3},{"damage":3,"enemies":"Gremlin Nob","floor":13,"turns":3},{"damage":13,"enemies":"Blue Slaver","floor":14,"turns":4},{"damage":23,"enemies":"The Guardian","floor":16,"turns":7},{"damage":9,"enemies":"3 Byrds","floor":18,"turns":3},{"damage":22,"enemies":"Gremlin Leader","floor":24,"turns":5},{"damage":20,"enemies":"2 Thieves","floor":25,"turns":3},{"damage":36,"enemies":"Cultist and Chosen","floor":27,"turns":6},{"damage":15,"enemies":"Masked Bandits","floor":30,"turns":3},{"damage":62,"enemies":"Champ","floor":33,"turns":6}],"seed_played":"-1162081611148703596","potions_obtained":[{"floor":1,"key":"Swift Potion"},{"floor":3,"key":"Weak Potion"},{"floor":14,"key":"LiquidBronze"},{"floor":18,"key":"AttackPotion"},{"floor":24,"key":"Regen Potion"},{"floor":27,"key":"Poison Potion"}],"is_trial":false,"path_per_floor":["M","M","?","M","M","R","$","M","T","R","M","R","E","M","R","B",null,"M","$","?","?","?","R","E","M","T","M","?","R","?","$","R","B"],"character_chosen":"IRONCLAD","items_purchased":["Inflame","Spot Weakness","Membership Card","Strength Potion"],"campfire_rested":1,"item_purchase_floors":[7,19,31,31],"current_hp_per_floor":[72,61,61,58,56,56,56,62,62,62,62,62,79,72,72,55,86,83,83,83,83,83,83,67,53,53,23,23,51,51,51,51,0],"gold":20,"neow_bonus":"RANDOM_COMMON_RELIC","is_prod":false,"is_daily":false,"chose_seed":false,"campfire_upgraded":6,"win_rate":0,"timestamp":1559077504,"path_taken":["M","M","?","?","M","R","?","M","T","R","M","R","E","M","R","BOSS","M","$","?","?","?","R","E","M","T","?","?","R","?","$","R","BOSS"],"build_version":"2019-01-23","purchased_purges":2,"victory":false,"max_hp_per_floor":[82,82,82,82,82,82,82,82,82,82,82,82,96,96,96,96,96,96,96,96,96,96,96,96,96,96,96,96,96,96,96,96,96],"card_choices":[{"not_picked":["Burning Pact","Power Through"],"picked":"Uppercut","floor":1},{"not_picked":["Wild Strike","Sever Soul"],"picked":"Shrug It Off","floor":2},{"not_picked":["Evolve","Thunderclap"],"picked":"Pummel","floor":4},{"not_picked":["Sword Boomerang","Rampage"],"picked":"Anger","floor":5},{"not_picked":["Intimidate","Havoc"],"picked":"Cleave","floor":8},{"not_picked":["Entrench","Sentinel"],"picked":"Headbutt","floor":11},{"not_picked":["Entrench","Rampage","Body Slam"],"picked":"SKIP","floor":13},{"not_picked":["Fire Breathing","Uppercut"],"picked":"Sword Boomerang","floor":14},{"not_picked":["Bludgeon","Brutality"],"picked":"Offering","floor":16},{"not_picked":["Headbutt"],"picked":"SKIP","floor":18},{"not_picked":[],"picked":"Hemokinesis+1","floor":24},{"not_picked":[],"picked":"Infernal Blade","floor":25},{"not_picked":["Iron Wave"],"picked":"SKIP","floor":27},{"not_picked":[],"picked":"Sword Boomerang+1","floor":30}],"player_experience":1054861,"relics_obtained":[{"floor":9,"key":"Self Forming Clay"},{"floor":13,"key":"Mango"},{"floor":24,"key":"Red Skull"},{"floor":26,"key":"Dream Catcher"},{"floor":30,"key":"Red Mask"}],"event_choices":[{"damage_healed":0,"gold_gain":0,"player_choice":"Got Potions","damage_taken":0,"max_hp_gain":0,"max_hp_loss":0,"event_name":"Lab","floor":3,"gold_loss":0},{"damage_healed":0,"gold_gain":50,"player_choice":"Stole From Cult","damage_taken":0,"max_hp_gain":0,"max_hp_loss":0,"event_name":"Nest","floor":20,"gold_loss":0},{"damage_healed":0,"gold_gain":0,"player_choice":"Ignored","damage_taken":0,"max_hp_gain":0,"max_hp_loss":0,"event_name":"Ghosts","floor":21,"gold_loss":0},{"damage_healed":0,"gold_gain":100,"player_choice":"Bet on Murderer","damage_taken":0,"max_hp_gain":0,"max_hp_loss":0,"event_name":"The Joust","floor":22,"gold_loss":50},{"damage_healed":0,"gold_gain":0,"player_choice":"Ignored","damage_taken":0,"max_hp_gain":0,"max_hp_loss":0,"event_name":"Beggar","floor":28,"gold_loss":0},{"damage_healed":0,"gold_gain":0,"player_choice":"Fought Bandits","damage_taken":0,"max_hp_gain":0,"max_hp_loss":0,"event_name":"Masked Bandits","floor":30,"gold_loss":0}],"is_beta":false,"boss_relics":[{"not_picked":["White Beast Statue","Runic Dome"],"picked":"Busted Crown"}],"items_purged_floors":[7,19],"is_endless":false,"potions_floor_spawned":[1,5,14,18,24,27],"killed_by":"Champ","ascension_level":19}