{"gold_per_floor":[118,132,132,132,207,223,223,251,281,281,315,315,350,350,350,445,445,456,456,130,141,141,151,163,163,189,199,528,528,561,158,158,261,261,275,288,306,318,335,364,101,101,101,128,128,146,156,166,166,166,166,166,92,127,127],"floor_reached":56,"playtime":3771,"items_purged":["Strike_B","Defend_B","Blizzard"],"score":1392,"play_id":"57bef296-dbed-4987-b664-2665d3e5f426","local_time":"20190905134429","is_ascension_mode":false,"campfire_choices":[{"data":"Doom and Gloom","floor":7,"key":"SMITH"},{"floor":10,"key":"REST"},{"floor":12,"key":"REST"},{"data":"Biased Cognition","floor":15,"key":"SMITH"},{"data":"Defragment","floor":25,"key":"SMITH"},{"data":"Biased Cognition","floor":29,"key":"SMITH"},{"floor":32,"key":"REST"},{"floor":42,"key":"RECALL"},{"floor":45,"key":"REST"},{"floor":49,"key":"REST"},{"floor":52,"key":"REST"}],"neow_cost":"NONE","seed_source_timestamp":500836063714137,"circlet_count":0,"master_deck":["Defend_B+1","Defend_B","Defend_B","Zap","Dualcast","Doom and Gloom+1","Leap+1","Biased Cognition+1","Undo","Seek","Coolheaded+1","Biased Cognition+1","Coolheaded","Defragment+1","Sunder","Coolheaded","Zap","Compile Driver","Capacitor","Sunder+1","Seek","Glacier","Biased Cognition","Core Surge","Self Repair","Capacitor+1","Sunder","Biased Cognition","Consume+1","Biased Cognition","Glacier+1","Compile Driver","Rainbow+1"],"relics":["Cracked Core","Regal Pillow","Pantograph","Tiny Chest","FossilizedHelix","Meat on the Bone","Singing Bowl","Snecko Eye","Omamori","Old Coin","Cables","Strawberry","Fusion Hammer","Toxic Egg 2","Shuriken","Happy Flower"],"potions_floor_usage":[8,28,30,46,55,55],"damage_taken":[{"damage":0,"enemies":"Small Slimes","floor":1,"turns":3},{"damage":0,"enemies":"2 Louse","floor":2,"turns":1},{"damage":0,"enemies":"Jaw Worm","floor":6,"turns":3},{"damage":15,"enemies":"3 Sentries","floor":8,"turns":4},{"damage":36,"enemies":"Lagavulin","floor":11,"turns":6},{"damage":0,"enemies":"Gremlin Nob","floor":13,"turns":3},{"damage":16,"enemies":"Slime Boss","floor":16,"turns":7},{"damage":3,"enemies":"Spheric Guardian","floor":18,"turns":6},{"damage":7,"enemies":"3 Byrds","floor":21,"turns":3},{"damage":12,"enemies":"Snake Plant","floor":23,"turns":5},{"damage":0,"enemies":"Shelled Parasite and Fungi","floor":24,"turns":5},{"damage":0,"enemies":"Cultist and Chosen","floor":27,"turns":5},{"damage":9,"enemies":"Gremlin Leader","floor":28,"turns":7},{"damage":20,"enemies":"Slavers","floor":30,"turns":4},{"damage":19,"enemies":"Collector","floor":33,"turns":10},{"damage":0,"enemies":"Orb Walker","floor":35,"turns":3},{"damage":0,"enemies":"3 Shapes","floor":36,"turns":3},{"damage":0,"enemies":"3 Darklings","floor":37,"turns":5},{"damage":0,"enemies":"Transient","floor":38,"turns":5},{"damage":0,"enemies":"Spire Growth","floor":39,"turns":4},{"damage":0,"enemies":"Reptomancer","floor":40,"turns":5},{"damage":0,"enemies":"Giant Head","floor":44,"turns":9},{"damage":0,"enemies":"Jaw Worm Horde","floor":46,"turns":4},{"damage":0,"enemies":"Transient","floor":47,"turns":5},{"damage":0,"enemies":"Spire Growth","floor":48,"turns":4},{"damage":36,"enemies":"Time Eater","floor":50,"turns":11},{"damage":0,"enemies":"Shield and Spear","floor":54,"turns":8},{"damage":65,"enemies":"The Heart","floor":55,"turns":9}],"seed_played":"8241652784374595561","potions_obtained":[{"floor":1,"key":"LiquidBronze"},{"floor":8,"key":"Block Potion"},{"floor":11,"key":"Strength Potion"},{"floor":16,"key":"PowerPotion"},{"floor":33,"key":"Energy Potion"},{"floor":38,"key":"SteroidPotion"},{"floor":46,"key":"SneckoOil"}],"is_trial":false,"path_per_floor":["M","M","?","?","?","M","R","E","T","R","E","R","E","T","R","B",null,"M","?","$","M","?","M","M","R","T","M","E","R","E","$","R","B",null,"M","M","M","M","M","E","$","R","T","E","R","M","M","M","R","B",null,"R","$","E","B",null],"character_chosen":"DEFECT","items_purchased":["Defragment","Sunder","Blizzard","Coolheaded","Biased Cognition","Strawberry","Biased Cognition","Rainbow+1"],"campfire_rested":6,"item_purchase_floors":[20,20,20,20,31,31,41,53],"current_hp_per_floor":[75,75,60,53,42,42,42,27,27,64,28,65,65,65,65,59,75,72,72,72,67,67,55,55,55,55,55,46,46,40,47,86,67,86,88,90,90,90,92,92,92,92,92,92,92,92,92,92,92,63,92,92,92,94,41],"gold":127,"neow_bonus":"RANDOM_COMMON_RELIC","is_prod":false,"is_daily":false,"chose_seed":false,"campfire_upgraded":4,"win_rate":0,"timestamp":1567705469,"path_taken":["M","M","?","?","?","M","R","E","T","R","E","R","E","?","R","BOSS","M","?","$","M","?","M","M","R","T","?","E","R","E","$","R","BOSS","M","M","M","M","M","E","$","R","T","E","R","M","?","?","R","BOSS","R","$","E","BOSS"],"build_version":"2019-07-17","purchased_purges":3,"victory":true,"max_hp_per_floor":[75,75,75,75,75,75,75,75,75,75,75,75,75,75,75,75,75,75,75,75,77,77,77,77,77,77,77,77,77,79,86,86,86,86,88,90,90,90,92,92,92,92,92,92,92,92,92,92,92,92,92,92,92,94,94],"card_choices":[{"not_picked":["Melter","Sunder"],"picked":"Doom and Gloom","floor":1},{"not_picked":["Beam Cell","Hologram"],"picked":"Leap","floor":2},{"not_picked":["Stack","Heatsinks","Redo"],"picked":"SKIP","floor":6},{"not_picked":["Coolheaded","Streamline"],"picked":"Biased Cognition","floor":8},{"not_picked":["Hello World","Reprogram","Go for the Eyes"],"picked":"SKIP","floor":11},{"not_picked":["Sweeping Beam","Leap"],"picked":"Undo","floor":13},{"not_picked":["Core Surge","Electrodynamics"],"picked":"Seek","floor":16},{"not_picked":["Rebound","Static Discharge"],"picked":"Coolheaded+1","floor":18},{"not_picked":["Barrage","Ball Lightning+1","Go for the Eyes"],"picked":"Singing Bowl","floor":21},{"not_picked":["Go for the Eyes","Turbo"],"picked":"Capacitor","floor":23},{"not_picked":["Redo","Coolheaded"],"picked":"Sunder+1","floor":24},{"not_picked":["Go for the Eyes+1","Blizzard"],"picked":"Seek","floor":27},{"not_picked":["Hyperbeam","Coolheaded+1"],"picked":"Glacier","floor":28},{"not_picked":["Darkness","Conserve Battery","Cold Snap"],"picked":"Singing Bowl","floor":30},{"not_picked":["Buffer","Multi-Cast"],"picked":"Core Surge","floor":33},{"not_picked":["Steam+1","Redo","Double Energy"],"picked":"Singing Bowl","floor":35},{"not_picked":["Melter","Gash","Auto Shields+1"],"picked":"Singing Bowl","floor":36},{"not_picked":["Conserve Battery","Redo+1"],"picked":"Self Repair","floor":37},{"not_picked":["Streamline+1","Redo+1"],"picked":"Capacitor+1","floor":38},{"not_picked":["Cold Snap","Blizzard+1","Gash+1"],"picked":"Singing Bowl","floor":39},{"not_picked":["Go for the Eyes+1","Reprogram+1"],"picked":"Sunder","floor":40},{"not_picked":["Leap+1","Auto Shields+1"],"picked":"Consume+1","floor":44},{"not_picked":["Go for the Eyes","Hologram+1"],"picked":"Biased Cognition","floor":46},{"not_picked":["Stack+1","Loop+1"],"picked":"Glacier+1","floor":47},{"not_picked":["BootSequence+1","Self Repair+1"],"picked":"Compile Driver","floor":48},{"not_picked":["Hyperbeam","Cold Snap","Rip and Tear+1"],"picked":"Singing Bowl","floor":54}],"player_experience":340289,"relics_obtained":[{"floor":8,"key":"Pantograph"},{"floor":9,"key":"Tiny Chest"},{"floor":11,"key":"FossilizedHelix"},{"floor":13,"key":"Meat on the Bone"},{"floor":14,"key":"Singing Bowl"},{"floor":26,"key":"Omamori"},{"floor":28,"key":"Old Coin"},{"floor":30,"key":"Cables"},{"floor":40,"key":"Toxic Egg 2"},{"floor":44,"key":"Shuriken"},{"floor":54,"key":"Happy Flower"}],"event_choices":[{"damage_healed":0,"gold_gain":0,"player_choice":"Entered Light","damage_taken":15,"max_hp_gain":0,"max_hp_loss":0,"event_name":"Shining Light","floor":3,"gold_loss":0,"cards_upgraded":["Defend_B","Leap"]},{"cards_removed":["Strike_B"],"damage_healed":0,"gold_gain":0,"player_choice":"Card Removal","damage_taken":7,"max_hp_gain":0,"max_hp_loss":0,"event_name":"Golden Wing","floor":4,"gold_loss":0},{"damage_healed":0,"gold_gain":75,"player_choice":"Gather Gold","damage_taken":11,"max_hp_gain":0,"max_hp_loss":0,"event_name":"World of Goop","floor":5,"gold_loss":0},{"damage_healed":0,"gold_gain":0,"cards_transformed":["Strike_B","Strike_B"],"player_choice":"Became Test Subject","damage_taken":0,"max_hp_gain":0,"max_hp_loss":0,"event_name":"Drug Dealer","floor":19,"gold_loss":0,"cards_obtained":["Biased Cognition","Coolheaded"]},{"damage_healed":0,"gold_gain":0,"player_choice":"2 cards matched","damage_taken":0,"max_hp_gain":0,"max_hp_loss":0,"event_name":"Match and Keep!","floor":22,"gold_loss":0,"cards_obtained":["Zap","Compile Driver"]}],"is_beta":false,"boss_relics":[{"not_picked":["Astrolabe","White Beast Statue"],"picked":"Snecko Eye"},{"not_picked":["Coffee Dripper","Eternal Feather"],"picked":"Fusion Hammer"}],"items_purged_floors":[20,31,41],"is_endless":false,"potions_floor_spawned":[1,8,11,16,21,23,33,38,46,48],"ascension_level":0}