{"gold_per_floor":[109,184,194,19,33,33,60,77,103,103,4,4,4,4,4,79,79,93,93,293,7,107,107,107,125,125,1,1,1,15,15,15,91,91,108,108,43,43],"floor_reached":38,"playtime":1542,"items_purged":["Strike_R"],"score":666,"play_id":"6ad538ba-8d16-4c72-8ba0-b1b4287d80d4","local_time":"20190515212026","is_ascension_mode":true,"campfire_choices":[{"data":"Apotheosis","floor":6,"key":"SMITH"},{"data":"True Grit","floor":10,"key":"SMITH"},{"floor":13,"key":"REST"},{"data":"True Grit","floor":15,"key":"SMITH"},{"floor":23,"key":"REST"},{"floor":29,"key":"REST"},{"floor":32,"key":"REST"}],"neow_cost":"PERCENT_DAMAGE","seed_source_timestamp":165084300783100,"circlet_count":0,"master_deck":["AscendersBane","Bash+1","Sentinel","True Grit+1","Corruption","Apotheosis+1","Clothesline","Feed","Anger","True Grit+1","Limit Break","Inflame","Feel No Pain","Conserve Battery","Decay","Double Energy","Whirlwind","Battle Trance","Predator","Flex","Juggernaut","Immolate+1","Dark Embrace+1","Dual Wield+1","Riddle With Holes+1","Madness","Madness","Spot Weakness"],"relics":["Burning Blood","Whetstone","Juzu Bracelet","Empty Cage","PrismaticShard","Torii","The Courier","Matryoshka","Astrolabe"],"potions_floor_usage":[7,16,22,22,25,30,33,38],"damage_taken":[{"damage":7,"enemies":"Jaw Worm","floor":1,"turns":3},{"damage":11,"enemies":"Small Slimes","floor":3,"turns":5},{"damage":0,"enemies":"Cultist","floor":5,"turns":4},{"damage":7,"enemies":"Lagavulin","floor":7,"turns":5},{"damage":13,"enemies":"3 Louse","floor":8,"turns":5},{"damage":25,"enemies":"Hexaghost","floor":16,"turns":12},{"damage":19,"enemies":"Shell Parasite","floor":18,"turns":6},{"damage":19,"enemies":"Colosseum Slavers","floor":22,"turns":6},{"damage":42,"enemies":"Colosseum Nobs","floor":22,"turns":7},{"damage":31,"enemies":"Spheric Guardian","floor":25,"turns":9},{"damage":17,"enemies":"Centurion and Healer","floor":30,"turns":6},{"damage":67,"enemies":"Collector","floor":33,"turns":10},{"damage":25,"enemies":"3 Shapes","floor":35,"turns":4},{"damage":48,"enemies":"2 Orb Walkers","floor":38,"turns":2}],"seed_played":"-6612022589943000230","potions_obtained":[{"floor":3,"key":"EntropicBrew"},{"floor":16,"key":"Explosive Potion"},{"floor":22,"key":"EssenceOfSteel"},{"floor":25,"key":"Swift Potion"},{"floor":30,"key":"Explosive Potion"},{"floor":35,"key":"AttackPotion"}],"is_trial":false,"path_per_floor":["M","?","M","$","M","R","E","M","T","R","$","?","R","?","R","B",null,"M","?","?","$","?","R","?","M","T","$","?","R","M","?","R","B",null,"M","?","$","?"],"character_chosen":"IRONCLAD","items_purchased":["Apotheosis","True Grit","Feel No Pain","PrismaticShard","Whirlwind","Battle Trance","Spot Weakness"],"campfire_rested":4,"item_purchase_floors":[4,11,21,21,27,27,37],"current_hp_per_floor":[49,38,33,33,39,39,38,35,35,35,35,35,58,58,58,39,69,60,60,60,60,14,39,39,18,18,18,36,63,56,56,84,23,76,65,47,47,0],"gold":43,"neow_bonus":"TRANSFORM_TWO_CARDS","is_prod":false,"is_daily":false,"chose_seed":false,"campfire_upgraded":3,"win_rate":0,"timestamp":1557948026,"path_taken":["M","?","M","$","M","R","E","M","T","R","$","?","R","?","R","BOSS","M","?","?","$","?","R","?","M","T","$","?","R","M","?","R","BOSS","M","?","$","?"],"build_version":"2019-01-23","purchased_purges":1,"victory":false,"max_hp_per_floor":[75,75,75,75,75,75,75,79,79,79,79,79,79,79,79,79,79,83,83,83,83,86,86,86,90,90,90,90,90,94,94,94,94,94,102,102,102,102],"card_choices":[{"not_picked":["Twin Strike","Dropkick"],"picked":"True Grit","floor":1},{"not_picked":["Thunderclap","True Grit"],"picked":"Corruption","floor":3},{"not_picked":["Body Slam","Wild Strike"],"picked":"Clothesline","floor":5},{"not_picked":["Havoc","True Grit"],"picked":"Feed","floor":7},{"not_picked":["Armaments","Searing Blow"],"picked":"Anger","floor":8},{"not_picked":["Barricade","Double Tap"],"picked":"Limit Break","floor":16},{"not_picked":["Hemokinesis","Headbutt+1"],"picked":"Inflame","floor":18},{"not_picked":["Ball Lightning+1","Barrage"],"picked":"Conserve Battery","floor":22},{"not_picked":["Swift Strike","Carnage"],"picked":"Double Energy","floor":25},{"not_picked":["Catalyst","Redo"],"picked":"Predator","floor":30},{"not_picked":["All For One","Sadistic Nature"],"picked":"Juggernaut","floor":33},{"not_picked":["Tactician","Glacier"],"picked":"Riddle With Holes+1","floor":35}],"player_experience":1101084,"relics_obtained":[{"floor":7,"key":"Whetstone"},{"floor":9,"key":"Juzu Bracelet"},{"floor":22,"key":"Torii"},{"floor":22,"key":"The Courier"},{"floor":26,"key":"Matryoshka"}],"event_choices":[{"damage_healed":0,"gold_gain":75,"player_choice":"Gather Gold","damage_taken":11,"max_hp_gain":0,"max_hp_loss":0,"event_name":"World of Goop","floor":2,"gold_loss":0},{"damage_healed":0,"gold_gain":0,"player_choice":"Leave","damage_taken":0,"max_hp_gain":0,"max_hp_loss":0,"event_name":"The Cleric","floor":12,"gold_loss":0},{"cards_removed":["Strike_R"],"damage_healed":0,"gold_gain":0,"player_choice":"Offered Basic","damage_taken":0,"max_hp_gain":0,"max_hp_loss":0,"event_name":"Bonfire Elementals","floor":14,"gold_loss":0},{"damage_healed":0,"gold_gain":0,"player_choice":"Simplicity","damage_taken":0,"max_hp_gain":0,"max_hp_loss":0,"event_name":"Back to Basics","floor":19,"gold_loss":0,"cards_upgraded":["Defend_R","Defend_R","Defend_R"]},{"damage_healed":0,"gold_gain":200,"player_choice":"Gold","damage_taken":0,"max_hp_gain":0,"max_hp_loss":0,"event_name":"Wheel of Change","floor":20,"gold_loss":0},{"damage_healed":0,"gold_gain":0,"player_choice":"Fight","damage_taken":0,"max_hp_gain":0,"max_hp_loss":0,"event_name":"Colosseum","floor":22,"gold_loss":0},{"damage_healed":0,"gold_gain":0,"player_choice":"Fought Nobs","damage_taken":0,"max_hp_gain":0,"max_hp_loss":0,"event_name":"Colosseum","floor":22,"gold_loss":0},{"damage_healed":0,"gold_gain":0,"player_choice":"Smashed Altar","damage_taken":0,"max_hp_gain":0,"max_hp_loss":0,"event_name":"Forgotten Altar","floor":24,"gold_loss":0,"cards_obtained":["Decay"]},{"damage_healed":18,"gold_gain":0,"player_choice":"Heal","damage_taken":0,"max_hp_gain":0,"max_hp_loss":0,"event_name":"The Library","floor":28,"gold_loss":0},{"damage_healed":0,"gold_gain":0,"cards_transformed":["Cleave","Defend_R"],"player_choice":"Became Test Subject","damage_taken":0,"max_hp_gain":0,"max_hp_loss":0,"event_name":"Drug Dealer","floor":31,"gold_loss":0,"cards_obtained":["Flex","Dropkick"]},{"damage_healed":0,"gold_gain":0,"player_choice":"Embrace Madness","damage_taken":18,"max_hp_gain":0,"max_hp_loss":0,"event_name":"Winding Halls","floor":36,"gold_loss":0,"cards_obtained":["Madness","Madness"]},{"damage_healed":0,"gold_gain":0,"player_choice":"Fight","damage_taken":0,"max_hp_gain":0,"max_hp_loss":0,"event_name":"Mysterious Sphere","floor":38,"gold_loss":0}],"is_beta":false,"boss_relics":[{"not_picked":["Black Star","Lizard Tail"],"picked":"Empty Cage"},{"not_picked":["Black Blood","Pandora\u0027s Box"],"picked":"Astrolabe"}],"items_purged_floors":[11],"is_endless":false,"potions_floor_spawned":[3,16,18,22,25,30,35],"killed_by":"2 Orb Walkers","ascension_level":15}