{"gold_per_floor":[119,119,135,148,73,109,109,148,148,185,197,209,237,288,300,408,420,457,482,508,570,582,594,622,653,733,745],"floor_reached":27,"playtime":724,"items_purged":[],"score":470,"play_id":"c35172c8-debc-4df0-99ec-c6e1c5c19d0e","local_time":"20190502230233","is_ascension_mode":true,"campfire_choices":[{"floor":7.0,"key":"REST"},{"floor":12.0,"key":"REST"},{"floor":15.0,"key":"REST"},{"data":"Sunder","floor":23,"key":"SMITH"}],"neow_cost":"NONE","seed_source_timestamp":1743781218625889,"circlet_count":0,"master_deck":["AscendersBane","Strike_B","Strike_B","Strike_B","Defend_B+1","Defend_B","Defend_B","Defend_B","Zap","Dualcast","Ball Lightning","Sunder","Sunder","Self Repair","Recycle","Ball Lightning","Parasite","Conserve Battery+1","Sunder+1","Seek","Coolheaded","Coolheaded","Double Energy","Leap","Go for the Eyes","Injury"],"special_seed":0,"relics":["Cracked Core","NeowsBlessing","Golden Idol","Bronze Scales","Gremlin Horn","MawBank","War Paint","Cursed Key","Pantograph"],"potions_floor_usage":[24,27],"damage_taken":[{"damage":0.0,"enemies":"Jaw Worm","floor":1.0,"turns":1.0},{"damage":0.0,"enemies":"2 Louse","floor":3.0,"turns":1.0},{"damage":0.0,"enemies":"Cultist","floor":4.0,"turns":1.0},{"damage":40.0,"enemies":"3 Sentries","floor":6.0,"turns":6.0},{"damage":32.0,"enemies":"Gremlin Nob","floor":8.0,"turns":4.0},{"damage":6.0,"enemies":"Exordium Wildlife","floor":10.0,"turns":3.0},{"damage":5.0,"enemies":"Gremlin Gang","floor":13.0,"turns":3.0},{"damage":33.0,"enemies":"Lagavulin","floor":14.0,"turns":4.0},{"damage":41.0,"enemies":"The Guardian","floor":16.0,"turns":10.0},{"damage":10.0,"enemies":"2 Thieves","floor":18.0,"turns":3.0},{"damage":7.0,"enemies":"3 Byrds","floor":19.0,"turns":3.0},{"damage":2.0,"enemies":"Centurion and Healer","floor":20.0,"turns":9.0},{"damage":45,"enemies":"Snake Plant","floor":24,"turns":3},{"damage":8,"enemies":"3 Cultists","floor":25,"turns":4},{"damage":9,"enemies":"Snecko","floor":27,"turns":3}],"seed_played":"1258765933319599440","potions_obtained":[{"floor":4.0,"key":"Swift Potion"},{"floor":6.0,"key":"Swift Potion"},{"floor":8.0,"key":"EssenceOfSteel"},{"floor":13.0,"key":"FearPotion"},{"floor":16.0,"key":"EssenceOfSteel"},{"floor":19.0,"key":"Strength Potion"},{"floor":20.0,"key":"SkillPotion"}],"is_trial":false,"path_per_floor":["M","?","M","M","?","E","R","E","T","M","?","R","M","E","R","B",null,"M","M","M","?","$","R","M","M","T","M"],"character_chosen":"DEFECT","items_purchased":[],"campfire_rested":3,"item_purchase_floors":[],"current_hp_per_floor":[64,64,64,64,64,24,43,18,18,19,35,54,56,30,49,15,52,49,49,54,54,54,54,16,8,8,0],"gold":745,"neow_bonus":"THREE_ENEMY_KILL","is_prod":false,"is_daily":false,"chose_seed":false,"campfire_upgraded":1,"win_rate":0,"timestamp":1556830953,"path_taken":["M","?","M","M","?","E","R","E","T","M","?","R","?","E","R","BOSS","M","M","?","?","$","R","M","M","T","M"],"build_version":"2019-01-23","purchased_purges":0,"victory":false,"max_hp_per_floor":[71,64,64,64,64,64,64,64,64,64,64,64,64,64,64,64,64,64,64,64,64,64,64,64,64,64,64],"card_choices":[{"not_picked":["Rebound","Compile Driver"],"picked":"Ball Lightning","floor":1.0},{"not_picked":["Conserve Battery","BootSequence"],"picked":"Sunder","floor":3.0},{"not_picked":["Turbo","Rebound"],"picked":"Sunder","floor":4.0},{"not_picked":["Tempest","Leap"],"picked":"Self Repair","floor":6.0},{"not_picked":["Rebound","Compile Driver"],"picked":"Recycle","floor":8.0},{"not_picked":["Stack","Aggregate"],"picked":"Ball Lightning","floor":10.0},{"not_picked":["Hologram","Leap"],"picked":"Conserve Battery","floor":13.0},{"not_picked":["Thunder Strike","Auto Shields"],"picked":"Sunder","floor":14.0},{"not_picked":["Rainbow","Machine Learning"],"picked":"Seek","floor":16.0},{"not_picked":["Compile Driver","Ball Lightning"],"picked":"Coolheaded","floor":18.0},{"not_picked":["Steam","Storm"],"picked":"Coolheaded","floor":19.0},{"not_picked":["Steam","Streamline"],"picked":"Double Energy","floor":20.0},{"not_picked":["Streamline+1","Rebound"],"picked":"Leap","floor":24},{"not_picked":["Steam Power","Gash"],"picked":"Go for the Eyes","floor":25}],"player_experience":780076,"relics_obtained":[{"floor":6.0,"key":"Bronze Scales"},{"floor":8.0,"key":"Gremlin Horn"},{"floor":9.0,"key":"MawBank"},{"floor":14.0,"key":"War Paint"},{"floor":26,"key":"Pantograph"}],"event_choices":[{"damage_healed":0.0,"max_hp_gain":0.0,"max_hp_loss":7.0,"gold_gain":0.0,"event_name":"Golden Idol","player_choice":"Lose Max HP","floor":2.0,"gold_loss":0.0,"damage_taken":0.0,"relics_obtained":["Golden Idol"]},{"cards_removed":["Strike_B"],"damage_healed":0.0,"max_hp_gain":0.0,"max_hp_loss":0.0,"gold_gain":0.0,"event_name":"The Cleric","player_choice":"Card Removal","floor":5.0,"gold_loss":75.0,"damage_taken":0.0},{"damage_healed":16.0,"max_hp_gain":0.0,"max_hp_loss":0.0,"gold_gain":0.0,"event_name":"Mushrooms","player_choice":"Healed and dodged fight","floor":11.0,"gold_loss":0.0,"damage_taken":0.0,"cards_obtained":["Parasite"]},{"damage_healed":0,"gold_gain":100,"player_choice":"Bet on Murderer","damage_taken":0,"max_hp_gain":0,"max_hp_loss":0,"event_name":"The Joust","floor":21,"gold_loss":50}],"is_beta":false,"boss_relics":[{"not_picked":["Fusion Hammer","Sozu"],"picked":"Cursed Key"}],"items_purged_floors":[],"is_endless":false,"potions_floor_spawned":[4,6,8,13,16,19,20],"killed_by":"Snecko","ascension_level":20}