{"gold_per_floor":[115,115,40,57,67,67,94,94,94,123,134,149,184,200,200,279,279,295,311,311,311,327,327,352,10,35,47,65,65,25,43,43,117,117,136,147,247,247,259,259,275,275,275,285,304,315,315,315,315,315],"floor_reached":50,"playtime":2686,"items_purged":["Strike_R"],"score":884,"play_id":"c04ba7a6-3d90-4b11-a88c-dd334849906c","local_time":"20190309172204","is_ascension_mode":true,"campfire_choices":[{"data":"Armaments","floor":6.0,"key":"SMITH"},{"data":"Flame Barrier","floor":8.0,"key":"SMITH"},{"data":"Clothesline","floor":15.0,"key":"SMITH"},{"data":"Inflame","floor":23.0,"key":"SMITH"},{"data":"Whirlwind","floor":29.0,"key":"SMITH"},{"data":"Flex","floor":32.0,"key":"SMITH"},{"data":"Heavy Blade","floor":40.0,"key":"SMITH"},{"floor":42.0,"key":"REST"},{"floor":49,"key":"REST"}],"neow_cost":"NONE","seed_source_timestamp":0,"circlet_count":0,"master_deck":["AscendersBane","Strike_R","Strike_R","Strike_R","Strike_R","Defend_R","Defend_R","Defend_R","Defend_R","Bash+1","Flame Barrier+1","Cleave","Armaments+1","Entrench","Clothesline+1","Shrug It Off","Flex+1","Reaper","Entrench+1","Inflame+1","Flame Barrier+1","Body Slam+1","Iron Wave+1","Clumsy","Whirlwind+1","Power Through","Heavy Blade+1","Double Tap+1","Feel No Pain","Heavy Blade+1","Clash+1","Rampage","Writhe","Power Through","Iron Wave+1","Headbutt"],"special_seed":0,"relics":["Burning Blood","NeowsBlessing","Pen Nib","Mummified Hand","Bag of Preparation","Meat on the Bone","Cursed Key","Question Card","Unceasing Top","Potion Belt","Busted Crown","Ginger","StoneCalendar"],"potions_floor_usage":[46,48,50],"damage_taken":[{"damage":0.0,"enemies":"2 Louse","floor":1.0,"turns":1.0},{"damage":0.0,"enemies":"Cultist","floor":4.0,"turns":1.0},{"damage":0.0,"enemies":"Small Slimes","floor":5.0,"turns":1.0},{"damage":30.0,"enemies":"3 Sentries","floor":10.0,"turns":8.0},{"damage":0.0,"enemies":"2 Fungi Beasts","floor":11.0,"turns":3.0},{"damage":0.0,"enemies":"Lots of Slimes","floor":12.0,"turns":1.0},{"damage":25.0,"enemies":"Lagavulin","floor":13.0,"turns":8.0},{"damage":3.0,"enemies":"Blue Slaver","floor":14.0,"turns":6.0},{"damage":36.0,"enemies":"The Guardian","floor":16.0,"turns":15.0},{"damage":8.0,"enemies":"Shell Parasite","floor":18.0,"turns":4.0},{"damage":16.0,"enemies":"Spheric Guardian","floor":19.0,"turns":5.0},{"damage":0.0,"enemies":"Centurion and Healer","floor":22.0,"turns":10.0},{"damage":44.0,"enemies":"Slavers","floor":24.0,"turns":6.0},{"damage":26.0,"enemies":"Snecko","floor":27.0,"turns":7.0},{"damage":17.0,"enemies":"Chosen and Byrds","floor":28.0,"turns":6.0},{"damage":0.0,"enemies":"3 Cultists","floor":31.0,"turns":1.0},{"damage":6.0,"enemies":"Collector","floor":33.0,"turns":15.0},{"damage":17.0,"enemies":"3 Shapes","floor":35.0,"turns":4.0},{"damage":24.0,"enemies":"3 Darklings","floor":36.0,"turns":3.0},{"damage":18.0,"enemies":"Mind Bloom Boss Battle","floor":37.0,"turns":5.0},{"damage":37.0,"enemies":"Jaw Worm Horde","floor":39.0,"turns":4.0},{"damage":40.0,"enemies":"Writhing Mass","floor":41.0,"turns":4.0},{"damage":32.0,"enemies":"Transient","floor":44.0,"turns":5.0},{"damage":13.0,"enemies":"4 Shapes","floor":45.0,"turns":3.0},{"damage":32,"enemies":"3 Darklings","floor":46,"turns":4},{"damage":10,"enemies":"Transient","floor":48,"turns":5},{"damage":72,"enemies":"Awakened One","floor":50,"turns":6}],"seed_played":"5929097495541032338","potions_obtained":[{"floor":5.0,"key":"Strength Potion"},{"floor":10.0,"key":"Explosive Potion"},{"floor":13.0,"key":"Swift Potion"},{"floor":14.0,"key":"SmokeBomb"},{"floor":16.0,"key":"Explosive Potion"},{"floor":24.0,"key":"PowerPotion"},{"floor":27.0,"key":"Weak Potion"},{"floor":28.0,"key":"Explosive Potion"},{"floor":39.0,"key":"SmokeBomb"},{"floor":44.0,"key":"Block Potion"},{"floor":45,"key":"Regen Potion"},{"floor":46,"key":"GamblersBrew"}],"is_trial":false,"path_per_floor":["M","?","$","M","M","R","T","R","T","E","M","M","E","M","R","B",null,"M","M","?","?","M","R","E","$","T","M","M","R","$","M","R","B",null,"M","M","?","?","M","R","M","R","T","M","M","M","?","M","R","B"],"character_chosen":"IRONCLAD","items_purchased":["Unceasing Top","Dexterity Potion","Power Through"],"campfire_rested":2,"item_purchase_floors":[25,25,30],"current_hp_per_floor":[74,74,74,75,75,75,75,75,75,51,57,63,44,47,47,29,64,62,52,52,52,66,66,48,48,48,40,51,51,51,57,57,73,75,64,46,63,63,44,44,22,44,44,30,35,33,33,41,63,0],"gold":315,"neow_bonus":"THREE_ENEMY_KILL","is_prod":false,"is_daily":false,"chose_seed":false,"campfire_upgraded":7,"win_rate":0,"timestamp":1552148524,"path_taken":["M","?","$","?","?","R","?","R","T","E","M","M","E","M","R","BOSS","M","M","?","?","M","R","E","$","T","?","M","R","$","M","R","BOSS","BOSS","M","M","?","?","?","R","M","R","T","M","M","M","?","M","R","BOSS"],"build_version":"2019-01-23","purchased_purges":1,"victory":false,"max_hp_per_floor":[75,75,75,75,75,75,75,75,75,75,75,75,75,75,75,75,75,75,75,75,75,75,75,75,75,75,75,75,75,75,75,75,75,75,75,75,75,75,75,75,75,75,75,75,75,75,75,75,75,75],"card_choices":[{"not_picked":["Sword Boomerang","Body Slam"],"picked":"Flame Barrier","floor":1.0},{"not_picked":["True Grit","Sever Soul"],"picked":"Cleave","floor":4.0},{"not_picked":["Thunderclap","Flame Barrier"],"picked":"Armaments","floor":5.0},{"not_picked":["Rupture","Impervious"],"picked":"Entrench","floor":10.0},{"not_picked":["Clash","Thunderclap"],"picked":"Clothesline","floor":11.0},{"not_picked":["Thunderclap","True Grit"],"picked":"Shrug It Off","floor":12.0},{"not_picked":["True Grit","Dropkick"],"picked":"Flex","floor":13.0},{"not_picked":["Sentinel","Fire Breathing","Rage"],"picked":"SKIP","floor":14.0},{"not_picked":["Berserk","Impervious"],"picked":"Reaper","floor":16.0},{"not_picked":["Rupture","Uppercut"],"picked":"Entrench","floor":18.0},{"not_picked":["Combust","Flex","Evolve"],"picked":"SKIP","floor":19.0},{"not_picked":["Dual Wield","Thunderclap"],"picked":"Body Slam+1","floor":22.0},{"not_picked":["Sentinel+1","Havoc"],"picked":"Iron Wave+1","floor":24.0},{"not_picked":["Anger","Dual Wield","Sword Boomerang"],"picked":"Whirlwind","floor":27.0},{"not_picked":["Pommel Strike","Whirlwind","Entrench","Warcry"],"picked":"SKIP","floor":28.0},{"not_picked":["Ghostly Armor","Rage","Twin Strike"],"picked":"Heavy Blade","floor":31.0},{"not_picked":["Reaper","Offering","Demon Form"],"picked":"Double Tap","floor":33.0},{"not_picked":["Sentinel","Flex"],"picked":"SKIP","floor":35.0},{"not_picked":["Iron Wave+1"],"picked":"Feel No Pain","floor":36.0},{"not_picked":["Power Through"],"picked":"Heavy Blade+1","floor":37.0},{"not_picked":["Metallicize"],"picked":"Clash+1","floor":39.0},{"not_picked":["Clothesline+1"],"picked":"Rampage","floor":41.0},{"not_picked":["Warcry"],"picked":"Power Through","floor":44.0},{"not_picked":["Carnage"],"picked":"Iron Wave+1","floor":45},{"not_picked":["Exhume"],"picked":"Headbutt","floor":46}],"player_experience":967527,"relics_obtained":[{"floor":7.0,"key":"Pen Nib"},{"floor":9.0,"key":"Mummified Hand"},{"floor":10.0,"key":"Bag of Preparation"},{"floor":13.0,"key":"Meat on the Bone"},{"floor":24.0,"key":"Question Card"},{"floor":26.0,"key":"Potion Belt"},{"floor":37.0,"key":"Ginger"},{"floor":43.0,"key":"StoneCalendar"}],"event_choices":[{"damage_healed":0.0,"max_hp_gain":0.0,"max_hp_loss":0.0,"gold_gain":0.0,"event_name":"Upgrade Shrine","player_choice":"Upgraded","floor":2.0,"gold_loss":0.0,"damage_taken":0.0,"cards_upgraded":["Bash"]},{"damage_healed":0.0,"max_hp_gain":0.0,"max_hp_loss":0.0,"gold_gain":0.0,"event_name":"The Library","player_choice":"Read","floor":20.0,"gold_loss":0.0,"damage_taken":0.0,"cards_obtained":["Inflame"]},{"damage_healed":0.0,"max_hp_gain":0.0,"max_hp_loss":0.0,"gold_gain":0.0,"event_name":"Duplicator","player_choice":"Copied","floor":21.0,"gold_loss":0.0,"damage_taken":0.0,"cards_obtained":["Flame Barrier"]},{"damage_healed":0.0,"max_hp_gain":0.0,"max_hp_loss":0.0,"gold_gain":0.0,"event_name":"MindBloom","player_choice":"Fight","floor":37.0,"gold_loss":0.0,"damage_taken":0.0},{"damage_healed":0.0,"max_hp_gain":0.0,"max_hp_loss":0.0,"gold_gain":0.0,"event_name":"Accursed Blacksmith","player_choice":"Forge","floor":38.0,"gold_loss":0.0,"damage_taken":0.0,"cards_upgraded":["Double Tap"]},{"damage_healed":0,"gold_gain":0,"player_choice":"Upgraded","damage_taken":0,"max_hp_gain":0,"max_hp_loss":0,"event_name":"Upgrade Shrine","floor":47,"gold_loss":0,"cards_upgraded":["Entrench"]}],"is_beta":false,"boss_relics":[{"not_picked":["Eternal Feather","White Beast Statue"],"picked":"Cursed Key"},{"not_picked":["Snecko Eye","Coffee Dripper"],"picked":"Busted Crown"}],"items_purged_floors":[3],"is_endless":false,"potions_floor_spawned":[5,10,11,13,14,16,24,27,28,39,44,45,46,48],"killed_by":"Awakened One","ascension_level":14}