{"gold_per_floor":[110,130,55,68,68,68,83,83,159,159,177,177,193,13,13,90,90,102,116,166,41,54,54,68,118,167,195,195,45,45,62,62,62],"floor_reached":33,"playtime":1312,"items_purged":["Strike_G","Strike_G","Strike_G","Strike_G"],"score":564,"play_id":"5a9b4cbd-6a68-4436-861e-055d88730318","local_time":"20191005222523","is_ascension_mode":true,"campfire_choices":[{"data":"Neutralize","floor":6.0,"key":"SMITH"},{"data":"Bouncing Flask","floor":8.0,"key":"SMITH"},{"data":"Burst","floor":12.0,"key":"SMITH"},{"data":"Footwork","floor":15.0,"key":"SMITH"},{"data":"Corpse Explosion","floor":23,"key":"SMITH"},{"data":"Skewer","floor":28,"key":"SMITH"},{"data":"Survivor","floor":30,"key":"SMITH"},{"data":"Defend_G","floor":32,"key":"SMITH"}],"neow_cost":"NONE","seed_source_timestamp":103362120658826,"circlet_count":0,"master_deck":["AscendersBane","Defend_G","Defend_G","Defend_G","Defend_G","Defend_G+1","Survivor+1","Neutralize+1","Bouncing Flask+1","Terror","Burst+1","Skewer+1","Footwork+1","Corpse Explosion+1"],"special_seed":0,"relics":["Eternal Feather","Dodecahedron","Busted Crown","Orichalcum","Anchor"],"potions_floor_usage":[22,27,27],"damage_taken":[{"damage":11.0,"enemies":"Cultist","floor":1.0,"turns":6.0},{"damage":13.0,"enemies":"Jaw Worm","floor":2.0,"turns":10.0},{"damage":2.0,"enemies":"2 Louse","floor":4.0,"turns":3.0},{"damage":1.0,"enemies":"Blue Slaver","floor":7.0,"turns":5.0},{"damage":5.0,"enemies":"Red Slaver","floor":11.0,"turns":4.0},{"damage":0.0,"enemies":"Looter","floor":13.0,"turns":4.0},{"damage":27.0,"enemies":"Hexaghost","floor":16.0,"turns":11.0},{"damage":0,"enemies":"Spheric Guardian","floor":18,"turns":2},{"damage":0,"enemies":"Shell Parasite","floor":19,"turns":3},{"damage":16,"enemies":"Snecko","floor":22,"turns":6},{"damage":6,"enemies":"Chosen and Byrds","floor":24,"turns":7},{"damage":23,"enemies":"Book of Stabbing","floor":27,"turns":6},{"damage":1,"enemies":"Centurion and Healer","floor":31,"turns":4},{"damage":59,"enemies":"Champ","floor":33,"turns":13}],"seed_played":"-5208164990866019766","potions_obtained":[{"floor":2.0,"key":"SkillPotion"},{"floor":4.0,"key":"Weak Potion"},{"floor":11.0,"key":"GhostInAJar"},{"floor":22,"key":"Fire Potion"}],"is_trial":false,"path_per_floor":["M","M","$","M","?","R","M","R","T","?","M","R","M","$","R","B",null,"M","M","?","$","M","R","M","?","T","E","R","$","R","M","R","B"],"character_chosen":"THE_SILENT","items_purchased":["Footwork"],"campfire_rested":0,"item_purchase_floors":[14],"current_hp_per_floor":[48,35,35,33,55,61,60,66,66,66,61,66,66,66,66,39,59,59,59,59,59,43,52,46,46,46,23,32,32,38,37,43,0],"gold":62,"neow_bonus":"BOSS_RELIC","is_prod":false,"is_daily":false,"chose_seed":false,"campfire_upgraded":8,"win_rate":0,"timestamp":1570339523,"path_taken":["M","M","?","M","?","R","M","R","T","?","M","R","M","$","R","BOSS","M","M","?","$","M","R","M","?","T","E","R","$","R","M","R","BOSS"],"build_version":"2019-07-17","purchased_purges":4,"victory":false,"max_hp_per_floor":[66,66,66,66,66,66,66,66,66,66,66,66,66,66,66,66,66,66,66,66,66,66,66,66,66,66,66,66,66,66,66,66,66],"card_choices":[{"not_picked":["Outmaneuver","Poisoned Stab","Dodge and Roll"],"picked":"SKIP","floor":1.0},{"not_picked":["Prepared","Acrobatics","Doppelganger"],"picked":"SKIP","floor":2.0},{"not_picked":["Deadly Poison","Prepared"],"picked":"Bouncing Flask","floor":4.0},{"not_picked":["Underhanded Strike","Outmaneuver"],"picked":"Terror","floor":7.0},{"not_picked":["PiercingWail","Backstab"],"picked":"Burst","floor":11.0},{"not_picked":["Endless Agony","Masterful Stab"],"picked":"Skewer","floor":13.0},{"not_picked":["Glass Knife","Unload"],"picked":"Corpse Explosion","floor":16.0},{"not_picked":["Acrobatics"],"picked":"SKIP","floor":18},{"not_picked":["Tactician"],"picked":"SKIP","floor":19},{"not_picked":["Choke"],"picked":"SKIP","floor":22},{"not_picked":["Dagger Spray"],"picked":"SKIP","floor":24},{"not_picked":["Outmaneuver"],"picked":"SKIP","floor":27},{"not_picked":["Poisoned Stab"],"picked":"SKIP","floor":31}],"player_experience":339179,"relics_obtained":[{"floor":9.0,"key":"Dodecahedron"},{"floor":26,"key":"Orichalcum"},{"floor":27,"key":"Anchor"}],"event_choices":[{"damage_healed":22.0,"max_hp_gain":0.0,"max_hp_loss":0.0,"gold_gain":0.0,"event_name":"Big Fish","player_choice":"Banana","floor":5.0,"gold_loss":0.0,"damage_taken":0.0},{"cards_removed":["Strike_G"],"damage_healed":0.0,"max_hp_gain":0.0,"max_hp_loss":0.0,"gold_gain":0.0,"event_name":"Living Wall","player_choice":"Forget","floor":10.0,"gold_loss":0.0,"damage_taken":0.0},{"damage_healed":0,"gold_gain":50,"player_choice":"Stole From Cult","damage_taken":0,"max_hp_gain":0,"max_hp_loss":0,"event_name":"Nest","floor":20,"gold_loss":0},{"damage_healed":0,"gold_gain":50,"player_choice":"Pray","damage_taken":0,"max_hp_gain":0,"max_hp_loss":0,"event_name":"Golden Shrine","floor":25,"gold_loss":0}],"is_beta":false,"boss_relics":[{"not_picked":["Pandora\u0027s Box","Empty Cage"],"picked":"Busted Crown"}],"items_purged_floors":[3,14,21,29],"is_endless":false,"potions_floor_spawned":[2,4,11,13,19,22],"killed_by":"Champ","ascension_level":20}