{"gold_per_floor":[212,212,387,124,124,124,139,139,193,143,143,156,156,156,156,287,287,306,321,53,53,74,2,35,35,35,35,134,149,190,208,208,337,337,356,371,296,357,357,378,392,407,454,468,484,71,85,108,108,108],"floor_reached":51,"playtime":1158,"items_purged":["Doubt","Strike_R","Defend_R","Strike_R","Parasite"],"score":879,"play_id":"91c20fdd-75e3-4b18-a2f2-bf373851b276","local_time":"20190922012516","is_ascension_mode":false,"campfire_choices":[{"data":"Inflame","floor":6.0,"key":"SMITH"},{"data":"Feed","floor":8.0,"key":"SMITH"},{"data":"Bash","floor":11.0,"key":"SMITH"},{"data":"Battle Trance","floor":13.0,"key":"SMITH"},{"data":"Defend_R","floor":15.0,"key":"SMITH"},{"data":"Strike_R","floor":25.0,"key":"SMITH"},{"data":"Defend_R","floor":27.0,"key":"SMITH"},{"floor":32.0,"key":"REST"},{"data":"Disarm","floor":49,"key":"SMITH"}],"neow_cost":"NONE","seed_source_timestamp":13821805270603,"circlet_count":0,"master_deck":["Strike_R+1","Strike_R","Strike_R","Defend_R+1","Defend_R+1","Defend_R","Bash+1","Thunderclap+1","Inflame+1","Battle Trance+1","Feed+1","Immolate+1","Heavy Blade+1","Disarm+1"],"special_seed":0,"relics":["Burning Blood","Golden Idol","Membership Card","Lizard Tail","Bronze Scales","Busted Crown","Happy Flower","Shuriken","Enchiridion","Chemical X","Letter Opener","Eternal Feather","Bag of Marbles","Coffee Dripper","Pocketwatch","Potion Belt","FossilizedHelix","Strawberry"],"potions_floor_usage":[48,50,50,50],"damage_taken":[{"damage":3.0,"enemies":"2 Louse","floor":1.0,"turns":3.0},{"damage":1.0,"enemies":"Jaw Worm","floor":7.0,"turns":4.0},{"damage":7.0,"enemies":"Small Slimes","floor":12.0,"turns":3.0},{"damage":27.0,"enemies":"The Guardian","floor":16.0,"turns":9.0},{"damage":8.0,"enemies":"3 Byrds","floor":18.0,"turns":2.0},{"damage":16.0,"enemies":"2 Thieves","floor":19.0,"turns":4.0},{"damage":12.0,"enemies":"Centurion and Healer","floor":22.0,"turns":4.0},{"damage":19.0,"enemies":"Slavers","floor":24.0,"turns":3.0},{"damage":2.0,"enemies":"Chosen and Byrds","floor":29.0,"turns":4.0},{"damage":18.0,"enemies":"Book of Stabbing","floor":30.0,"turns":4.0},{"damage":11.0,"enemies":"Shelled Parasite and Fungi","floor":31.0,"turns":4.0},{"damage":69.0,"enemies":"Automaton","floor":33.0,"turns":9.0},{"damage":7.0,"enemies":"Orb Walker","floor":35.0,"turns":3.0},{"damage":0.0,"enemies":"3 Darklings","floor":36.0,"turns":2.0},{"damage":22.0,"enemies":"2 Orb Walkers","floor":38.0,"turns":3.0},{"damage":7.0,"enemies":"Jaw Worm Horde","floor":40.0,"turns":2.0},{"damage":8.0,"enemies":"4 Shapes","floor":41.0,"turns":2.0},{"damage":21.0,"enemies":"Sphere and 2 Shapes","floor":42.0,"turns":3.0},{"damage":42.0,"enemies":"Maw","floor":44.0,"turns":7.0},{"damage":7.0,"enemies":"Writhing Mass","floor":45.0,"turns":4.0},{"damage":11,"enemies":"3 Darklings","floor":47,"turns":2},{"damage":0,"enemies":"Maw","floor":48,"turns":4},{"damage":65,"enemies":"Time Eater","floor":50,"turns":8}],"seed_played":"-1955247823552136344","potions_obtained":[{"floor":7.0,"key":"Explosive Potion"},{"floor":12.0,"key":"Strength Potion"},{"floor":16.0,"key":"SpeedPotion"},{"floor":18.0,"key":"Explosive Potion"},{"floor":19.0,"key":"SneckoOil"},{"floor":29.0,"key":"LiquidBronze"},{"floor":38.0,"key":"DuplicationPotion"},{"floor":41.0,"key":"SteroidPotion"},{"floor":42.0,"key":"ElixirPotion"},{"floor":44.0,"key":"EssenceOfSteel"},{"floor":47,"key":"Regen Potion"},{"floor":48,"key":"Strength Potion"}],"is_trial":false,"path_per_floor":["M","?","?","$","?","R","M","R","T","$","R","M","R","?","R","B",null,"M","M","$","?","M","$","E","R","T","R","?","M","E","M","R","B",null,"M","M","$","?","?","M","M","M","T","M","M","$","M","M","R","B",null],"character_chosen":"IRONCLAD","items_purchased":["Membership Card","Inflame","Battle Trance","Happy Flower","Shuriken","Chemical X","FairyPotion","FairyPotion","FossilizedHelix","Strawberry"],"campfire_rested":1,"item_purchase_floors":[4,4,4,20,20,23,46,46,46,46],"current_hp_per_floor":[80,74,74,74,41,41,46,46,46,46,46,49,49,49,49,32,82,84,78,78,62,60,60,51,51,51,57,57,65,53,52,89,30,110,113,114,114,102,102,105,107,96,96,64,67,74,69,91,97,42],"gold":108,"neow_bonus":"HUNDRED_GOLD","is_prod":false,"is_daily":false,"chose_seed":false,"campfire_upgraded":8,"win_rate":0,"timestamp":1569137116,"path_taken":["M","?","?","$","?","R","M","R","T","$","R","?","R","?","R","BOSS","M","M","$","?","M","$","E","R","T","R","?","M","E","M","R","BOSS","M","M","$","?","?","M","?","?","T","M","M","$","?","M","R","BOSS"],"build_version":"2019-09-20","purchased_purges":5,"victory":true,"max_hp_per_floor":[80,74,74,74,74,74,74,74,74,74,74,78,78,78,78,82,82,86,90,90,90,94,94,98,98,98,98,98,102,102,106,106,110,110,114,114,114,118,118,122,126,130,130,134,138,142,142,146,146,150],"card_choices":[{"not_picked":["Anger","Armaments"],"picked":"Thunderclap","floor":1.0},{"not_picked":["Power Through","Rupture"],"picked":"Feed","floor":7.0},{"not_picked":["Shrug It Off","Dropkick","Cleave"],"picked":"SKIP","floor":12.0},{"not_picked":["Cleave+1"],"picked":"SKIP","floor":18.0},{"not_picked":["Feel No Pain+1"],"picked":"SKIP","floor":19.0},{"not_picked":["Armaments"],"picked":"SKIP","floor":22.0},{"not_picked":["Wild Strike"],"picked":"SKIP","floor":24.0},{"not_picked":["Shrug It Off+1"],"picked":"SKIP","floor":29.0},{"not_picked":["Flex"],"picked":"SKIP","floor":30.0},{"not_picked":["Havoc+1"],"picked":"SKIP","floor":31.0},{"not_picked":["Havoc+1"],"picked":"SKIP","floor":31.0},{"not_picked":[],"picked":"Immolate","floor":33.0},{"not_picked":[],"picked":"Heavy Blade+1","floor":35.0},{"not_picked":["Twin Strike+1"],"picked":"SKIP","floor":36.0},{"not_picked":[],"picked":"Disarm","floor":40.0},{"not_picked":["Pummel+1"],"picked":"SKIP","floor":41.0},{"not_picked":["Heavy Blade"],"picked":"SKIP","floor":42.0},{"not_picked":["Spot Weakness"],"picked":"SKIP","floor":44.0},{"not_picked":["Perfected Strike+1"],"picked":"SKIP","floor":45.0},{"not_picked":["Corruption"],"picked":"SKIP","floor":47},{"not_picked":["Armaments"],"picked":"SKIP","floor":48}],"player_experience":1573811,"relics_obtained":[{"floor":9.0,"key":"Bronze Scales"},{"floor":21.0,"key":"Enchiridion"},{"floor":24.0,"key":"Letter Opener"},{"floor":26.0,"key":"Eternal Feather"},{"floor":30.0,"key":"Bag of Marbles"},{"floor":38.0,"key":"Pocketwatch"},{"floor":43.0,"key":"Potion Belt"}],"event_choices":[{"damage_healed":0.0,"max_hp_gain":0.0,"max_hp_loss":6.0,"gold_gain":0.0,"event_name":"Golden Idol","player_choice":"Lose Max HP","floor":2.0,"gold_loss":0.0,"damage_taken":0.0,"relics_obtained":["Golden Idol"]},{"damage_healed":0.0,"max_hp_gain":0.0,"max_hp_loss":0.0,"gold_gain":175.0,"event_name":"Liars Game","player_choice":"AGREE","floor":3.0,"gold_loss":0.0,"damage_taken":0.0,"cards_obtained":["Doubt"]},{"damage_healed":0.0,"max_hp_gain":0.0,"max_hp_loss":0.0,"gold_gain":0.0,"event_name":"Scrap Ooze","player_choice":"Success","floor":5.0,"gold_loss":0.0,"damage_taken":33.0,"relics_obtained":["Lizard Tail"]},{"damage_healed":0.0,"max_hp_gain":0.0,"max_hp_loss":0.0,"gold_gain":0.0,"event_name":"Living Wall","player_choice":"Grow","floor":14.0,"gold_loss":0.0,"damage_taken":0.0,"cards_upgraded":["Thunderclap"]},{"damage_healed":0.0,"max_hp_gain":0.0,"max_hp_loss":0.0,"gold_gain":0.0,"event_name":"Cursed Tome","player_choice":"Obtained Book","floor":21.0,"gold_loss":0.0,"damage_taken":16.0},{"damage_healed":0.0,"max_hp_gain":0.0,"max_hp_loss":0.0,"gold_gain":99.0,"event_name":"Nest","player_choice":"Stole From Cult","floor":28.0,"gold_loss":0.0,"damage_taken":0.0},{"damage_healed":0.0,"max_hp_gain":0.0,"max_hp_loss":0.0,"gold_gain":0.0,"event_name":"Mysterious Sphere","player_choice":"Fight","floor":38.0,"gold_loss":0.0,"damage_taken":0.0},{"damage_healed":0.0,"max_hp_gain":0.0,"max_hp_loss":0.0,"gold_gain":0.0,"event_name":"Upgrade Shrine","player_choice":"Upgraded","floor":39.0,"gold_loss":0.0,"damage_taken":0.0,"cards_upgraded":["Immolate"]}],"is_beta":true,"boss_relics":[{"not_picked":["SlaversCollar","Philosopher\u0027s Stone"],"picked":"Busted Crown"},{"not_picked":["Pandora\u0027s Box","Snecko Eye"],"picked":"Coffee Dripper"}],"items_purged_floors":[4,10,20,37,46],"is_endless":false,"potions_floor_spawned":[7,12,16,18,19,29,38,41,42,44,47,48],"ascension_level":0}