{"path_per_floor":["M","?","?","M","M","R","$","E","T","M","?","E","M","$","R","B",null,"M","?","M","$","?","R","E","R","T","R","M","$","?","?","R"],"character_chosen":"IRONCLAD","items_purchased":["Meat on the Bone","Lee\u0027s Waffle","Juzu Bracelet"],"gold_per_floor":[214,214,214,228,246,246,7,39,94,111,186,216,236,38,38,134,134,148,148,166,18,0,0,31,31,31,31,50,50,50,50,50,50],"floor_reached":33,"campfire_rested":0,"playtime":2737,"current_hp_per_floor":[59,59,59,65,68,68,68,57,57,49,38,19,34,87,87,31,73,57,57,60,60,60,60,43,43,43,43,55,55,55,55,55,0],"items_purged":[],"gold":50,"score":418,"play_id":"832ad0a5-b5c1-47fb-ba5d-6f5fac4495e6","local_time":"20180521204443","is_prod":false,"is_daily":false,"chose_seed":false,"is_ascension_mode":true,"campfire_upgraded":4,"timestamp":1526931883,"campfire_choices":[{"data":"Pommel Strike","floor":6,"key":"SMITH"},{"data":"Uppercut","floor":15,"key":"SMITH"},{"data":"Headbutt","floor":23,"key":"SMITH"},{"data":"Body Slam","floor":25,"key":"SMITH"},{"data":"1","floor":27,"key":"LIFT"},{"data":"2","floor":32,"key":"LIFT"}],"path_taken":["M","?","?","M","M","R","$","E","T","M","?","E","?","$","R","BOSS","M","?","M","$","?","R","E","R","T","R","M","$","?","?","R","BOSS"],"build_version":"2018-05-17","seed_source_timestamp":351844274076959,"purchased_purges":0,"victory":false,"master_deck":["Defend_R","Defend_R","Defend_R","Defend_R","Bash+1","Pommel Strike+1","Headbutt+1","Flex","True Grit","Uppercut+1","Berserk","Bite","Bite","Bite","Bite","Bite","Iron Wave","Body Slam+1"],"max_hp_per_floor":[80,80,80,80,80,80,80,80,80,80,80,80,80,87,87,87,87,87,60,60,60,60,60,60,60,60,60,60,60,60,60,60,60],"relics":["Burning Blood","Meat on the Bone","Bag of Marbles","Bag of Preparation","Blue Candle","Lee\u0027s Waffle","Velvet Choker","Juzu Bracelet","Regal Pillow","Girya"],"card_choices":[{"not_picked":["Sword Boomerang","Searing Blow","Wild Strike"],"picked":"SKIP","floor":1},{"not_picked":["Hemokinesis","Havoc"],"picked":"Pommel Strike","floor":4},{"not_picked":["Cleave","Warcry"],"picked":"Headbutt","floor":5},{"not_picked":["Reaper","Combust"],"picked":"Flex","floor":8},{"not_picked":["Twin Strike","Heavy Blade"],"picked":"True Grit","floor":10},{"not_picked":["Wild Strike","Whirlwind"],"picked":"Uppercut","floor":12},{"not_picked":["Heavy Blade","Twin Strike","Clash"],"picked":"SKIP","floor":13},{"not_picked":["Immolate","Juggernaut"],"picked":"Berserk","floor":16},{"not_picked":["Armaments","Cleave+1","Entrench"],"picked":"SKIP","floor":18},{"not_picked":["Flex","Armaments"],"picked":"Iron Wave","floor":20},{"not_picked":["Metallicize","Rage"],"picked":"Body Slam","floor":24},{"not_picked":["True Grit","Dual Wield","Anger"],"picked":"SKIP","floor":28}],"player_experience":384105,"potions_floor_usage":[16,28,33],"damage_taken":[{"damage":19,"enemies":"Jaw Worm","floor":1,"turns":4},{"damage":0,"enemies":"Cultist","floor":4,"turns":3},{"damage":3,"enemies":"Small Slimes","floor":5,"turns":2},{"damage":17,"enemies":"3 Sentries","floor":8,"turns":10},{"damage":14,"enemies":"Exordium Thugs","floor":10,"turns":2},{"damage":37,"enemies":"Gremlin Nob","floor":12,"turns":4},{"damage":3,"enemies":"2 Fungi Beasts","floor":13,"turns":3},{"damage":74,"enemies":"Slime Boss","floor":16,"turns":13},{"damage":22,"enemies":"Spheric Guardian","floor":18,"turns":4},{"damage":0,"enemies":"Chosen","floor":20,"turns":2},{"damage":29,"enemies":"Book of Stabbing","floor":24,"turns":5},{"damage":0,"enemies":"Snake Plant","floor":28,"turns":2},{"damage":89,"enemies":"Champ","floor":33,"turns":7}],"relics_obtained":[{"floor":8,"key":"Bag of Marbles"},{"floor":9,"key":"Bag of Preparation"},{"floor":12,"key":"Blue Candle"},{"floor":24,"key":"Regal Pillow"},{"floor":26,"key":"Girya"}],"event_choices":[{"event_name":"Accursed Blacksmith","player_choice":"Forge","floor":2,"damage_taken":0},{"event_name":"Transmorgrifier","player_choice":"Transform","floor":3,"damage_taken":0},{"event_name":"World of Goop","player_choice":"Gather Gold","floor":11,"damage_taken":0},{"event_name":"Vampires","player_choice":"Became a vampire","floor":19,"damage_taken":0},{"event_name":"Masked Bandits","player_choice":"Paid Bandits 18 gold","floor":22,"damage_taken":0},{"event_name":"Drug Dealer","player_choice":"Ignored","floor":30,"damage_taken":0},{"event_name":"Back to Basics","player_choice":"Elegance","floor":31,"damage_taken":0}],"boss_relics":[{"not_picked":["Black Star","Orrery"],"picked":"Velvet Choker"}],"potions_floor_spawned":[4,13,16,18],"seed_played":"-2854323047664908737","killed_by":"Champ","ascension_level":9,"potions_obtained":[{"floor":4,"key":"Dexterity Potion"},{"floor":13,"key":"AttackPotion"},{"floor":16,"key":"Swift Potion"},{"floor":18,"key":"Strength Potion"}],"is_trial":false}