{"gold_per_floor":[113,130,110,129,144,144,144,144,144,144,144,38,38,51,51,128,128,147,165,90,90,90],"floor_reached":22,"playtime":973,"items_purged":["Strike_R"],"score":322,"play_id":"cf578485-b4fe-46ce-a27e-dc7125cd73e8","local_time":"20180924175736","is_ascension_mode":true,"campfire_choices":[{"data":"Disarm","floor":6.0,"key":"SMITH"},{"data":"Bash","floor":8.0,"key":"SMITH"},{"data":"Flame Barrier","floor":10.0,"key":"SMITH"},{"data":"Disarm","floor":15.0,"key":"SMITH"}],"neow_cost":"NONE","seed_source_timestamp":0,"circlet_count":0,"master_deck":["Strike_R","Strike_R","Defend_R","Defend_R","Defend_R","Defend_R","Bash+1","AscendersBane","Disarm+1","Shrug It Off","Flame Barrier+1","Headbutt","True Grit+1","Disarm+1","Reaper","Clothesline"],"special_seed":0,"relics":["Black Blood","Juzu Bracelet"],"potions_floor_usage":[],"damage_taken":[{"damage":36.0,"enemies":"Jaw Worm","floor":1.0,"turns":6.0},{"damage":4.0,"enemies":"Cultist","floor":2.0,"turns":4.0},{"damage":12.0,"enemies":"Small Slimes","floor":4.0,"turns":4.0},{"damage":6.0,"enemies":"3 Louse","floor":5.0,"turns":4.0},{"damage":0.0,"enemies":"2 Fungi Beasts","floor":14.0,"turns":5.0},{"damage":6.0,"enemies":"Hexaghost","floor":16.0,"turns":16.0},{"damage":29,"enemies":"Shell Parasite","floor":18,"turns":17},{"damage":5,"enemies":"3 Byrds","floor":19,"turns":2},{"damage":105,"enemies":"3 Cultists","floor":22,"turns":6}],"seed_played":"6681790074632512017","potions_obtained":[{"floor":1.0,"key":"Ancient Potion"},{"floor":3.0,"key":"Fruit Juice"},{"floor":14.0,"key":"FairyPotion"}],"is_trial":false,"path_per_floor":["M","M","?","M","M","R","?","R","T","R","?","$","?","M","R","B",null,"M","M","?","?"],"character_chosen":"IRONCLAD","items_purchased":["True Grit"],"campfire_rested":0,"item_purchase_floors":[12],"current_hp_per_floor":[45,47,52,46,46,46,46,46,46,46,46,46,46,52,52,52,78,65,70,70,70,0],"gold":90,"neow_bonus":"TEN_PERCENT_HP_BONUS","is_prod":false,"is_daily":false,"chose_seed":false,"campfire_upgraded":4,"win_rate":0,"timestamp":1537808256,"path_taken":["M","M","?","M","M","R","?","R","T","R","?","?","?","M","R","BOSS","M","M","?","?","M"],"build_version":"2018-09-20","purchased_purges":1,"victory":false,"max_hp_per_floor":[82,82,87,87,87,87,87,87,87,87,87,87,87,87,87,87,87,87,87,87,87,87],"card_choices":[{"not_picked":["Searing Blow","Dropkick"],"picked":"Disarm","floor":1.0},{"not_picked":["Heavy Blade","Body Slam"],"picked":"Shrug It Off","floor":2.0},{"not_picked":["Pommel Strike","Sentinel"],"picked":"Flame Barrier","floor":4.0},{"not_picked":["Perfected Strike","Ghostly Armor"],"picked":"Headbutt","floor":5.0},{"not_picked":["Twin Strike","Cleave"],"picked":"Disarm","floor":14.0},{"not_picked":["Brutality","Impervious"],"picked":"Reaper","floor":16.0},{"not_picked":["Cleave","Iron Wave"],"picked":"Clothesline","floor":18},{"not_picked":["Iron Wave","Entrench","Anger"],"picked":"SKIP","floor":19}],"player_experience":769620,"relics_obtained":[{"floor":9.0,"key":"Juzu Bracelet"}],"event_choices":[{"event_name":"The Woman in Blue","player_choice":"Bought 1 Potion","floor":3.0,"damage_taken":0.0},{"event_name":"Living Wall","player_choice":"Forget","floor":7.0,"damage_taken":0.0},{"event_name":"Dead Adventurer","player_choice":"Searched \u00270\u0027 times","floor":11.0,"damage_taken":0.0},{"event_name":"Golden Idol","player_choice":"Ignored","floor":13.0,"damage_taken":0.0},{"event_name":"Beggar","player_choice":"Gave Gold","floor":20,"damage_taken":0},{"event_name":"Upgrade Shrine","player_choice":"Upgraded","floor":21,"damage_taken":0}],"is_beta":false,"boss_relics":[{"not_picked":["Eternal Feather","Runic Pyramid"],"picked":"Black Blood"}],"items_purged_floors":[12],"is_endless":false,"potions_floor_spawned":[1,14],"killed_by":"3 Cultists","ascension_level":17}