{"gold_per_floor":[115,115,40,51,66,66,82,82,108,119,119,119],"floor_reached":12,"playtime":294,"items_purged":["Strike_G"],"score":126,"play_id":"84347fd3-995d-4752-aea9-6a990ab0ca21","local_time":"20190617002030","is_ascension_mode":true,"campfire_choices":[{"data":"Neutralize","floor":6,"key":"SMITH"},{"data":"A Thousand Cuts","floor":8,"key":"SMITH"}],"neow_cost":"PERCENT_DAMAGE","seed_source_timestamp":432365346626800,"circlet_count":0,"master_deck":["AscendersBane","Defend_G","Defend_G","Defend_G","Defend_G","Defend_G+1","Strike_G+1","Survivor","Neutralize+1","Choke","Endless Agony","Blade Dance","A Thousand Cuts+1","Flying Knee"],"relics":["Ring of the Snake","Ancient Tea Set"],"potions_floor_usage":[7],"damage_taken":[{"damage":2,"enemies":"Small Slimes","floor":1,"turns":6},{"damage":0,"enemies":"2 Louse","floor":4,"turns":2},{"damage":0,"enemies":"Cultist","floor":5,"turns":3},{"damage":1,"enemies":"Large Slime","floor":7,"turns":5},{"damage":0,"enemies":"2 Fungi Beasts","floor":10,"turns":3},{"damage":27,"enemies":"Exordium Thugs","floor":12,"turns":3}],"seed_played":"6689787616132289974","potions_obtained":[{"floor":5,"key":"EssenceOfSteel"}],"is_trial":false,"path_per_floor":["M","?","$","M","M","R","M","R","T","M","?","M"],"character_chosen":"THE_SILENT","items_purchased":[],"campfire_rested":0,"item_purchase_floors":[],"current_hp_per_floor":[42,22,22,22,22,22,21,21,21,21,14,0],"gold":119,"neow_bonus":"REMOVE_TWO","is_prod":false,"is_daily":false,"chose_seed":false,"campfire_upgraded":2,"win_rate":0,"timestamp":1560723630,"path_taken":["M","?","$","M","M","R","M","R","T","M","?","M"],"build_version":"2019-01-23","purchased_purges":1,"victory":false,"max_hp_per_floor":[66,66,66,66,66,66,66,66,66,66,66,66],"card_choices":[{"not_picked":["Dagger Throw","PiercingWail"],"picked":"Choke","floor":1},{"not_picked":["Quick Slash","Poisoned Stab"],"picked":"Endless Agony","floor":4},{"not_picked":["Slice","Setup"],"picked":"Blade Dance","floor":5},{"not_picked":["Sucker Punch","Bane"],"picked":"A Thousand Cuts","floor":7},{"not_picked":["Dodge and Roll","Outmaneuver"],"picked":"Flying Knee","floor":10}],"player_experience":1380606,"relics_obtained":[{"floor":9,"key":"Ancient Tea Set"}],"event_choices":[{"damage_healed":0,"gold_gain":0,"player_choice":"Entered Light","damage_taken":20,"max_hp_gain":0,"max_hp_loss":0,"event_name":"Shining Light","floor":2,"gold_loss":0,"cards_upgraded":["Defend_G","Strike_G"]},{"cards_removed":["Strike_G"],"damage_healed":0,"gold_gain":0,"player_choice":"Card Removal","damage_taken":7,"max_hp_gain":0,"max_hp_loss":0,"event_name":"Golden Wing","floor":11,"gold_loss":0}],"is_beta":false,"boss_relics":[],"items_purged_floors":[3],"is_endless":false,"potions_floor_spawned":[5],"killed_by":"Exordium Thugs","ascension_level":16}