{"gold_per_floor":[209,209,15,33,108,108,124,124,147,170,170,170,170,225,225,351,351,369,394,94,114,130,130,3,3,3,22,38,61,61,61,61,189,189,214,238,201,534,1,1,30,30,80,95,95,95,111,121,121,121],"floor_reached":51,"playtime":3154,"items_purged":[],"score":694,"play_id":"f3b94b36-899d-4c75-958c-0a48f9fb61e6","local_time":"20190728143148","is_ascension_mode":false,"campfire_choices":[{"data":"Neutralize","floor":6.0,"key":"SMITH"},{"data":"Deadly Poison","floor":11.0,"key":"SMITH"},{"data":"Cloak And Dagger","floor":13.0,"key":"SMITH"},{"data":"Tools of the Trade","floor":15.0,"key":"SMITH"},{"data":"Malaise","floor":23.0,"key":"SMITH"},{"floor":25.0,"key":"REST"},{"data":"Bouncing Flask","floor":30.0,"key":"SMITH"},{"floor":32.0,"key":"REST"},{"data":"Noxious Fumes","floor":40.0,"key":"SMITH"},{"data":"Noxious Fumes","floor":42.0,"key":"SMITH"},{"floor":45.0,"key":"REST"},{"floor":49,"key":"REST"}],"neow_cost":"NONE","seed_source_timestamp":4002533431897,"circlet_count":0,"master_deck":["Survivor","Neutralize+1","Deadly Poison+1","Cloak And Dagger+1","Tools of the Trade+1","Deadly Poison+1","Malaise+1","Escape Plan","Deflect","Die Die Die","Finisher","Distraction","Tactician","Accuracy","PiercingWail","Prepared","Skewer","Poisoned Stab","Bouncing Flask+1","Leg Sweep","Poisoned Stab","Poisoned Stab+1","Crippling Poison+1","PiercingWail+1","Escape Plan+1","Dagger Spray+1","Noxious Fumes+1","Noxious Fumes+1","Master of Strategy","Glass Knife","Cloak And Dagger","Accuracy+1","Dodge and Roll+1"],"special_seed":0,"relics":["Ring of the Snake","Membership Card","Whetstone","Tiny Chest","Pandora\u0027s Box","Juzu Bracelet","TwistedFunnel","Omamori","Paper Crane","The Specimen","Sozu","Bronze Scales","Ninja Scroll","Medical Kit","Question Card","Blood Vial"],"potions_floor_usage":[50],"damage_taken":[{"damage":0.0,"enemies":"Jaw Worm","floor":1.0,"turns":5.0},{"damage":0.0,"enemies":"Small Slimes","floor":4.0,"turns":3.0},{"damage":0.0,"enemies":"2 Louse","floor":7.0,"turns":3.0},{"damage":10.0,"enemies":"Large Slime","floor":10.0,"turns":9.0},{"damage":0.0,"enemies":"Lots of Slimes","floor":12.0,"turns":1.0},{"damage":7.0,"enemies":"The Guardian","floor":16.0,"turns":8.0},{"damage":2.0,"enemies":"Chosen","floor":18.0,"turns":4.0},{"damage":13.0,"enemies":"2 Thieves","floor":19.0,"turns":4.0},{"damage":5.0,"enemies":"Centurion and Healer","floor":21.0,"turns":6.0},{"damage":16.0,"enemies":"Chosen and Byrds","floor":22.0,"turns":5.0},{"damage":12.0,"enemies":"Snake Plant","floor":27.0,"turns":3.0},{"damage":12.0,"enemies":"Sentry and Sphere","floor":28.0,"turns":4.0},{"damage":0.0,"enemies":"Snecko","floor":29.0,"turns":4.0},{"damage":25.0,"enemies":"Automaton","floor":33.0,"turns":9.0},{"damage":20.0,"enemies":"3 Darklings","floor":35.0,"turns":6.0},{"damage":0.0,"enemies":"3 Shapes","floor":36.0,"turns":4.0},{"damage":13.0,"enemies":"Reptomancer","floor":41.0,"turns":5.0},{"damage":21.0,"enemies":"3 Darklings","floor":44.0,"turns":3.0},{"damage":0.0,"enemies":"Sphere and 2 Shapes","floor":47.0,"turns":4.0},{"damage":32,"enemies":"Spire Growth","floor":48,"turns":5},{"damage":43,"enemies":"Donu and Deca","floor":50,"turns":7}],"seed_played":"6623001910573504760","potions_obtained":[{"floor":7.0,"key":"Weak Potion"},{"floor":10.0,"key":"SmokeBomb"},{"floor":21.0,"key":"SkillPotion"},{"floor":22.0,"key":"FearPotion"},{"floor":27.0,"key":"SkillPotion"},{"floor":29.0,"key":"EssenceOfSteel"}],"is_trial":false,"path_per_floor":["M","?","$","M","?","R","M","?","T","M","R","M","R","T","R","B",null,"M","M","$","M","M","R","$","R","T","M","M","M","R","?","R","B",null,"M","M","$","?","$","R","E","R","T","M","R","?","M","M","R","B",null],"character_chosen":"THE_SILENT","items_purchased":["Membership Card","Juzu Bracelet","TwistedFunnel","Leg Sweep","Omamori","Poisoned Stab","Paper Crane","Noxious Fumes","Noxious Fumes","Bronze Scales","Ninja Scroll","Medical Kit","Master of Strategy","Glass Knife","Cloak And Dagger"],"campfire_rested":4,"item_purchase_floors":[3,20,20,20,20,20,24,37,39,39,39,39,39,39,39],"current_hp_per_floor":[70,65,65,65,54,54,54,54,54,44,44,44,44,44,44,37,65,63,50,50,45,29,29,29,48,48,36,24,24,24,24,43,18,65,45,45,45,45,45,45,32,32,32,13,32,75,75,43,65,24],"gold":121,"neow_bonus":"HUNDRED_GOLD","is_prod":false,"is_daily":false,"chose_seed":false,"campfire_upgraded":8,"win_rate":0,"timestamp":1564345908,"path_taken":["M","?","$","M","?","R","M","?","T","M","R","M","R","?","R","BOSS","M","M","$","M","M","R","$","R","T","M","M","M","R","?","R","BOSS","M","M","$","?","$","R","E","R","T","M","R","?","M","M","R","BOSS"],"build_version":"2019-07-17","purchased_purges":0,"victory":true,"max_hp_per_floor":[70,65,65,65,65,65,65,65,65,65,65,65,65,65,65,65,65,65,65,65,65,65,65,65,65,65,65,65,65,65,65,65,65,65,65,65,65,65,65,65,65,65,65,65,65,75,75,75,75,75],"card_choices":[{"not_picked":["Flying Knee","Tactician"],"picked":"Deadly Poison","floor":1.0},{"not_picked":["PiercingWail","Slice"],"picked":"Cloak And Dagger","floor":4.0},{"not_picked":["Masterful Stab","Choke","Tools of the Trade"],"picked":"SKIP","floor":7.0},{"not_picked":["Masterful Stab","Choke"],"picked":"Tools of the Trade","floor":7.0},{"not_picked":["Dodge and Roll","All Out Attack"],"picked":"Deadly Poison","floor":10.0},{"not_picked":["Die Die Die","Venomology"],"picked":"Malaise","floor":16.0},{"not_picked":["Infinite Blades","Sucker Punch+1"],"picked":"Poisoned Stab","floor":18.0},{"not_picked":["Deflect","Prepared+1"],"picked":"Bouncing Flask","floor":19.0},{"not_picked":["Choke","Acrobatics+1","Flying Knee"],"picked":"SKIP","floor":21.0},{"not_picked":["Leg Sweep","Prepared","Flechettes"],"picked":"SKIP","floor":22.0},{"not_picked":["Acrobatics+1","Predator"],"picked":"Poisoned Stab+1","floor":27.0},{"not_picked":["Blade Dance+1","Venomology"],"picked":"Crippling Poison+1","floor":28.0},{"not_picked":["Escape Plan","Outmaneuver"],"picked":"PiercingWail+1","floor":29.0},{"not_picked":["Grand Finale","Die Die Die"],"picked":"Doppelganger","floor":33.0},{"not_picked":["Well Laid Plans+1","Blade Dance+1"],"picked":"Escape Plan+1","floor":35.0},{"not_picked":["Quick Slash","Expertise"],"picked":"Dagger Spray+1","floor":36.0},{"not_picked":["Slice+1","Deflect"],"picked":"Accuracy+1","floor":41.0},{"not_picked":["Quick Slash+1","Poisoned Stab","Blur+1","Deflect"],"picked":"SKIP","floor":44.0},{"not_picked":["Tactician+1","Blur+1","Poisoned Stab"],"picked":"Dodge and Roll+1","floor":47},{"not_picked":["Dodge and Roll","Acrobatics","Prepared","Sucker Punch"],"picked":"SKIP","floor":48}],"player_experience":1568838,"relics_obtained":[{"floor":9.0,"key":"Whetstone"},{"floor":14.0,"key":"Tiny Chest"},{"floor":26.0,"key":"The Specimen"},{"floor":41.0,"key":"Question Card"},{"floor":43.0,"key":"Blood Vial"}],"event_choices":[{"damage_healed":0.0,"max_hp_gain":0.0,"max_hp_loss":5.0,"gold_gain":0.0,"event_name":"Golden Idol","player_choice":"Lose Max HP","floor":2.0,"gold_loss":0.0,"damage_taken":0.0,"relics_obtained":["Golden Idol"]},{"damage_healed":0.0,"max_hp_gain":0.0,"max_hp_loss":0.0,"gold_gain":75.0,"event_name":"World of Goop","player_choice":"Gather Gold","floor":5.0,"gold_loss":0.0,"damage_taken":11.0},{"damage_healed":0.0,"max_hp_gain":0.0,"max_hp_loss":0.0,"gold_gain":0.0,"event_name":"Living Wall","player_choice":"Grow","floor":8.0,"gold_loss":0.0,"damage_taken":0.0,"cards_upgraded":["Deadly Poison"]},{"damage_healed":0.0,"max_hp_gain":0.0,"max_hp_loss":0.0,"gold_gain":0.0,"event_name":"Wheel of Change","player_choice":"Cursed","floor":31.0,"gold_loss":0.0,"damage_taken":0.0,"cards_obtained":["Decay"]},{"damage_healed":0.0,"max_hp_gain":0.0,"max_hp_loss":0.0,"gold_gain":333.0,"event_name":"The Moai Head","player_choice":"Gave Idol","floor":38.0,"relics_lost":["Golden Idol"],"gold_loss":0.0,"damage_taken":0.0},{"cards_removed":["Doppelganger"],"damage_healed":33.0,"max_hp_gain":10.0,"max_hp_loss":0.0,"gold_gain":0.0,"event_name":"Bonfire Elementals","player_choice":"Offered Rare","floor":46.0,"gold_loss":0.0,"damage_taken":0.0}],"is_beta":false,"boss_relics":[{"not_picked":["WristBlade","HoveringKite"],"picked":"Pandora\u0027s Box"},{"not_picked":["Coffee Dripper","Busted Crown"],"picked":"Sozu"}],"items_purged_floors":[],"is_endless":false,"potions_floor_spawned":[7,10,21,22,27,29,36,41,48],"ascension_level":0}