{"gold_per_floor":[115,190,203,19,19,19,46,46,121,147,147,181,200,220,220,297,297,309,60,76,95,2,2,20,20],"floor_reached":25,"playtime":724,"items_purged":["Strike_R","Strike_R","Strike_R"],"score":467,"play_id":"08883b18-2c29-4d15-b70b-a6d7f0bdff22","local_time":"20190814171022","is_ascension_mode":true,"campfire_choices":[{"data":"Bludgeon","floor":6,"key":"SMITH"},{"data":"Uppercut","floor":8,"key":"SMITH"},{"data":"Shockwave","floor":11,"key":"SMITH"},{"data":"Armaments","floor":15,"key":"SMITH"},{"floor":23,"key":"REST"}],"neow_cost":"NONE","seed_source_timestamp":43494881571500,"circlet_count":0,"master_deck":["AscendersBane","Strike_R","Strike_R","Defend_R","Defend_R","Defend_R","Defend_R","Bash","Rage","Flex","Anger","Uppercut+1","Bludgeon+1","Flex","Shockwave+1","Armaments+1","Dual Wield","Metallicize","Limit Break","Rampage+1","Metallicize","Headbutt","Madness","Headbutt+1","Heavy Blade","Inflame","Iron Wave"],"relics":["Burning Blood","NeowsBlessing","Bottled Flame","Mercury Hourglass","Centennial Puzzle","Smiling Mask","Black Star"],"potions_floor_usage":[12,14,20,25],"damage_taken":[{"damage":0,"enemies":"Jaw Worm","floor":1,"turns":1},{"damage":0,"enemies":"2 Louse","floor":3,"turns":1},{"damage":0,"enemies":"Lagavulin","floor":7,"turns":1},{"damage":8,"enemies":"Gremlin Nob","floor":10,"turns":3},{"damage":10,"enemies":"Lagavulin","floor":12,"turns":3},{"damage":0,"enemies":"Cultist","floor":13,"turns":2},{"damage":7,"enemies":"Exordium Thugs","floor":14,"turns":4},{"damage":28,"enemies":"Slime Boss","floor":16,"turns":8},{"damage":25,"enemies":"Spheric Guardian","floor":18,"turns":4},{"damage":26,"enemies":"2 Thieves","floor":20,"turns":4},{"damage":16,"enemies":"Snecko","floor":21,"turns":4},{"damage":14,"enemies":"Centurion and Healer","floor":24,"turns":6},{"damage":56,"enemies":"Book of Stabbing","floor":25,"turns":5}],"seed_played":"-1826106436734401982","potions_obtained":[{"floor":10,"key":"AttackPotion"},{"floor":12,"key":"SteroidPotion"},{"floor":16,"key":"BloodPotion"},{"floor":24,"key":"Weak Potion"}],"is_trial":false,"path_per_floor":["M","?","M","$","?","R","E","R","T","E","R","E","M","M","R","B",null,"M","$","M","M","$","R","M","E"],"character_chosen":"IRONCLAD","items_purchased":["Anger","Uppercut","Metallicize","Headbutt","Madness","Inflame"],"campfire_rested":1,"item_purchase_floors":[4,4,19,19,19,22],"current_hp_per_floor":[74,63,69,69,69,69,75,75,75,73,73,69,75,74,74,52,69,50,50,48,38,38,60,52,0],"gold":20,"neow_bonus":"THREE_ENEMY_KILL","is_prod":false,"is_daily":false,"chose_seed":false,"campfire_upgraded":4,"win_rate":0,"timestamp":1565795422,"path_taken":["M","?","M","$","?","R","E","R","T","E","R","E","M","M","R","BOSS","M","$","M","M","$","R","M","E"],"build_version":"2019-07-17","purchased_purges":3,"victory":false,"max_hp_per_floor":[75,75,75,75,75,75,75,75,75,75,75,75,75,75,75,75,75,75,75,75,75,75,75,75,75],"card_choices":[{"not_picked":["Havoc","Blood for Blood"],"picked":"Rage","floor":1},{"not_picked":["Perfected Strike","Power Through"],"picked":"Flex","floor":3},{"not_picked":["Wild Strike","Twin Strike"],"picked":"Flex","floor":7},{"not_picked":["Cleave","Flex"],"picked":"Shockwave","floor":10},{"not_picked":["Clash","Shrug It Off"],"picked":"Armaments","floor":12},{"not_picked":["Headbutt","Feel No Pain"],"picked":"Dual Wield","floor":13},{"not_picked":["Clothesline","Berserk"],"picked":"Metallicize","floor":14},{"not_picked":["Brutality","Impervious"],"picked":"Limit Break","floor":16},{"not_picked":["Havoc","True Grit+1"],"picked":"Rampage+1","floor":18},{"not_picked":["Iron Wave","Warcry"],"picked":"Headbutt+1","floor":20},{"not_picked":["Havoc","Burning Pact"],"picked":"Heavy Blade","floor":21},{"not_picked":["Havoc","Fire Breathing"],"picked":"Iron Wave","floor":24}],"player_experience":1883575,"relics_obtained":[{"floor":7,"key":"Bottled Flame"},{"floor":9,"key":"Mercury Hourglass"},{"floor":10,"key":"Centennial Puzzle"},{"floor":12,"key":"Smiling Mask"}],"event_choices":[{"damage_healed":0,"gold_gain":75,"player_choice":"Gather Gold","damage_taken":11,"max_hp_gain":0,"max_hp_loss":0,"event_name":"World of Goop","floor":2,"gold_loss":0},{"damage_healed":0,"gold_gain":0,"player_choice":"1 cards matched","damage_taken":0,"max_hp_gain":0,"max_hp_loss":0,"event_name":"Match and Keep!","floor":5,"gold_loss":0,"cards_obtained":["Bludgeon"]}],"is_beta":false,"boss_relics":[{"not_picked":["White Beast Statue","Fusion Hammer"],"picked":"Black Star"}],"items_purged_floors":[4,19,22],"is_endless":false,"potions_floor_spawned":[10,12,16,24],"killed_by":"Book of Stabbing","ascension_level":18}