{"gold_per_floor":[15,27,40,40,52,87,87,105,105,105,105,122,122,142,142,214,264,283,303,303],"floor_reached":20,"playtime":867,"items_purged":[],"score":329,"play_id":"08d150ca-b065-4995-b8f3-9e99b8a505ca","local_time":"20190630073815","is_ascension_mode":true,"campfire_choices":[{"data":"Double Tap","floor":7,"key":"SMITH"},{"data":"Rampage","floor":11,"key":"SMITH"},{"data":"Armaments","floor":13,"key":"SMITH"},{"floor":15,"key":"REST"}],"neow_cost":"NO_GOLD","seed_source_timestamp":1063346586101700,"circlet_count":0,"master_deck":["AscendersBane","Strike_R","Strike_R","Strike_R+1","Strike_R","Strike_R","Defend_R","Defend_R","Defend_R","Defend_R","Bash","Double Tap+1","Anger","Rampage+1","Headbutt","Shrug It Off","Anger","Pommel Strike","Armaments+1","Shockwave","Clash","Limit Break","Rage","Headbutt+1","Warcry"],"relics":["Burning Blood","Mummified Hand","Singing Bowl","Dream Catcher","Tiny House"],"potions_floor_usage":[16,16,18],"damage_taken":[{"damage":23,"enemies":"Cultist","floor":1,"turns":5},{"damage":1,"enemies":"2 Louse","floor":2,"turns":3},{"damage":9,"enemies":"Jaw Worm","floor":3,"turns":5},{"damage":20,"enemies":"Lots of Slimes","floor":5,"turns":4},{"damage":22,"enemies":"3 Sentries","floor":6,"turns":7},{"damage":5,"enemies":"3 Louse","floor":8,"turns":4},{"damage":15,"enemies":"Large Slime","floor":12,"turns":5},{"damage":11,"enemies":"Blue Slaver","floor":14,"turns":3},{"damage":23,"enemies":"The Guardian","floor":16,"turns":10},{"damage":17,"enemies":"3 Byrds","floor":18,"turns":5},{"damage":32,"enemies":"Shell Parasite","floor":19,"turns":5},{"damage":45,"enemies":"Cultist and Chosen","floor":20,"turns":5}],"seed_played":"-1328010568462726886","potions_obtained":[{"floor":6,"key":"FearPotion"},{"floor":8,"key":"LiquidBronze"},{"floor":12,"key":"LiquidBronze"},{"floor":17,"key":"PowerPotion"}],"is_trial":false,"path_per_floor":["M","M","M","$","M","E","R","M","T","?","R","M","R","M","R","B",null,"M","M","M"],"character_chosen":"IRONCLAD","items_purchased":[],"campfire_rested":1,"item_purchase_floors":[],"current_hp_per_floor":[51,56,53,53,39,23,23,24,24,24,24,15,15,10,32,15,65,54,28,0],"gold":303,"neow_bonus":"THREE_RARE_CARDS","is_prod":false,"is_daily":false,"chose_seed":false,"campfire_upgraded":3,"win_rate":0,"timestamp":1561873095,"path_taken":["M","M","M","?","?","E","R","M","T","?","R","M","R","M","R","BOSS","M","?","M"],"build_version":"2019-01-23","purchased_purges":0,"victory":false,"max_hp_per_floor":[75,75,75,75,75,75,75,75,75,75,75,75,75,75,75,75,80,80,80,80],"card_choices":[{"not_picked":["Berserk","Reaper"],"picked":"Double Tap","floor":0},{"not_picked":["Perfected Strike","Sword Boomerang"],"picked":"Anger","floor":1},{"not_picked":["Clothesline","Rupture"],"picked":"Rampage","floor":2},{"not_picked":["Evolve","Wild Strike"],"picked":"Headbutt","floor":3},{"not_picked":["Heavy Blade","Pummel"],"picked":"Shrug It Off","floor":5},{"not_picked":["Clothesline","Brutality"],"picked":"Anger","floor":6},{"not_picked":["Power Through","Twin Strike"],"picked":"Pommel Strike","floor":8},{"not_picked":["Shrug It Off","Iron Wave"],"picked":"Armaments","floor":12},{"not_picked":["Twin Strike","Pommel Strike"],"picked":"Shockwave","floor":14},{"not_picked":["Heavy Blade","Clothesline"],"picked":"Clash","floor":15},{"not_picked":["Berserk","Barricade"],"picked":"Limit Break","floor":16},{"not_picked":["Feel No Pain","Sentinel"],"picked":"Rage","floor":17},{"not_picked":["Sword Boomerang","Twin Strike"],"picked":"Headbutt+1","floor":18},{"not_picked":["Thunderclap","Havoc"],"picked":"Warcry","floor":19}],"player_experience":1515683,"relics_obtained":[{"floor":6,"key":"Mummified Hand"},{"floor":9,"key":"Singing Bowl"}],"event_choices":[{"damage_healed":0,"gold_gain":0,"player_choice":"Gave Potion","damage_taken":0,"relics_obtained":["Dream Catcher"],"max_hp_gain":0,"max_hp_loss":0,"event_name":"WeMeetAgain","floor":10,"gold_loss":0}],"is_beta":false,"boss_relics":[{"not_picked":["Calling Bell","Ectoplasm"],"picked":"Tiny House"}],"items_purged_floors":[],"is_endless":false,"potions_floor_spawned":[6,8,12,14],"killed_by":"Cultist and Chosen","ascension_level":17}