{"gold_per_floor":[119,119,37,47,61,61,95,95,171,200,200,216,245,259,259,334,334,334,259,271,119,169,169,18,18,45,77,89,100,119,119,119,119],"floor_reached":33,"playtime":1107,"items_purged":["Strike_G","Strike_G"],"score":570,"play_id":"3d782956-3cbd-43c4-8fbf-ba64a991276e","local_time":"20190316154659","is_ascension_mode":true,"campfire_choices":[{"data":"Noxious Fumes","floor":6.0,"key":"SMITH"},{"floor":8.0,"key":"REST"},{"floor":11.0,"key":"REST"},{"floor":15.0,"key":"REST"},{"data":"Neutralize","floor":23,"key":"SMITH"},{"floor":25,"key":"REST"},{"floor":32,"key":"REST"}],"neow_cost":"NONE","seed_source_timestamp":10522871113727,"circlet_count":0,"master_deck":["AscendersBane","Defend_G","Defend_G","Defend_G","Defend_G","Defend_G","Survivor","Neutralize+1","Skewer","Poisoned Stab+1","Backflip","Backflip","Noxious Fumes+1","Predator","A Thousand Cuts+1","Poisoned Stab+1","Backstab","Envenom+1","Deadly Poison+1","Footwork+1","Dodge and Roll","Footwork+1","Well Laid Plans+1","Riddle With Holes","Masterful Stab","Deadly Poison"],"special_seed":0,"relics":["Ring of the Snake","NeowsBlessing","Bronze Scales","Gremlin Horn","Frozen Egg 2","Whetstone","Philosopher\u0027s Stone","Kunai"],"potions_floor_usage":[18,27],"damage_taken":[{"damage":0.0,"enemies":"Jaw Worm","floor":1.0,"turns":1.0},{"damage":0.0,"enemies":"Cultist","floor":4.0,"turns":1.0},{"damage":0.0,"enemies":"Small Slimes","floor":5.0,"turns":1.0},{"damage":25.0,"enemies":"3 Sentries","floor":7.0,"turns":8.0},{"damage":15.0,"enemies":"Lagavulin","floor":10.0,"turns":7.0},{"damage":7.0,"enemies":"3 Louse","floor":12.0,"turns":3.0},{"damage":21.0,"enemies":"Gremlin Nob","floor":13.0,"turns":4.0},{"damage":2.0,"enemies":"2 Fungi Beasts","floor":14.0,"turns":2.0},{"damage":39,"enemies":"The Guardian","floor":16,"turns":8},{"damage":0,"enemies":"2 Thieves","floor":18,"turns":1},{"damage":15,"enemies":"3 Byrds","floor":20,"turns":3},{"damage":25,"enemies":"Slavers","floor":27,"turns":5},{"damage":0,"enemies":"Snecko","floor":28,"turns":5},{"damage":4,"enemies":"Centurion and Healer","floor":29,"turns":7},{"damage":19,"enemies":"Chosen and Byrds","floor":30,"turns":6},{"damage":27,"enemies":"Automaton","floor":33,"turns":2}],"seed_played":"6109547585957446431","potions_obtained":[{"floor":1.0,"key":"Energy Potion"},{"floor":4.0,"key":"GamblersBrew"},{"floor":7.0,"key":"SmokeBomb"},{"floor":10.0,"key":"Fruit Juice"},{"floor":20,"key":"Block Potion"}],"is_trial":false,"path_per_floor":["M","?","$","M","M","R","E","R","T","E","R","M","E","M","R","B",null,"M","?","M","$","?","R","$","R","T","E","M","M","M","?","R","B"],"character_chosen":"THE_SILENT","items_purchased":["Poisoned Stab","Backflip","Footwork+1","Dodge and Roll"],"campfire_rested":5,"item_purchase_floors":[3,3,21,24],"current_hp_per_floor":[59,55,55,55,55,55,30,49,49,34,53,46,25,23,42,3,50,50,50,35,35,35,35,35,54,54,29,29,25,6,6,25,0],"gold":119,"neow_bonus":"THREE_ENEMY_KILL","is_prod":false,"is_daily":false,"chose_seed":false,"campfire_upgraded":2,"win_rate":0,"timestamp":1552747619,"path_taken":["M","?","$","?","M","R","E","R","T","E","R","M","E","M","R","BOSS","M","?","M","$","?","R","$","R","T","E","M","M","M","?","R","BOSS"],"build_version":"2019-01-23","purchased_purges":2,"victory":false,"max_hp_per_floor":[66,66,66,66,66,66,66,66,66,66,66,66,66,66,66,66,66,66,66,66,66,66,66,66,66,66,66,66,66,66,66,66,66],"card_choices":[{"not_picked":["All Out Attack","Poisoned Stab"],"picked":"Skewer","floor":1.0},{"not_picked":["Dodge and Roll","Calculated Gamble"],"picked":"Backflip","floor":4.0},{"not_picked":["Caltrops","Blade Dance"],"picked":"Noxious Fumes","floor":5.0},{"not_picked":["Setup","Underhanded Strike"],"picked":"Predator","floor":7.0},{"not_picked":["PiercingWail","Dash"],"picked":"A Thousand Cuts","floor":10.0},{"not_picked":["All Out Attack","Prepared"],"picked":"Poisoned Stab","floor":12.0},{"not_picked":["Poisoned Stab","Deflect"],"picked":"Backstab","floor":13.0},{"not_picked":["Catalyst","Blade Dance","Deflect"],"picked":"SKIP","floor":14.0},{"not_picked":["Doppelganger","Night Terror"],"picked":"Envenom+1","floor":16},{"not_picked":["Endless Agony","Distraction+1"],"picked":"Deadly Poison+1","floor":20},{"not_picked":["Riddle With Holes","Deadly Poison"],"picked":"Footwork+1","floor":27},{"not_picked":["Acrobatics","Setup","Tactician"],"picked":"SKIP","floor":28},{"not_picked":["Dagger Spray","Riddle With Holes"],"picked":"Well Laid Plans+1","floor":29},{"not_picked":["Heel Hook","Slice+1"],"picked":"Riddle With Holes","floor":30}],"player_experience":712501,"relics_obtained":[{"floor":7.0,"key":"Bronze Scales"},{"floor":9.0,"key":"Gremlin Horn"},{"floor":10.0,"key":"Frozen Egg 2"},{"floor":13.0,"key":"Whetstone"},{"floor":27,"key":"Kunai"}],"event_choices":[{"damage_healed":0.0,"max_hp_gain":0.0,"max_hp_loss":0.0,"gold_gain":0.0,"event_name":"The Woman in Blue","player_choice":"Bought 0 Potions","floor":2.0,"gold_loss":0.0,"damage_taken":0.0},{"cards_removed":["Strike_G"],"damage_healed":0,"gold_gain":0,"player_choice":"Gave Gold","damage_taken":0,"max_hp_gain":0,"max_hp_loss":0,"event_name":"Beggar","floor":19,"gold_loss":75},{"damage_healed":0,"gold_gain":50,"player_choice":"Stole From Cult","damage_taken":0,"max_hp_gain":0,"max_hp_loss":0,"event_name":"Nest","floor":22,"gold_loss":0},{"damage_healed":0,"gold_gain":0,"cards_transformed":["Strike_G","Strike_G"],"player_choice":"Became Test Subject","damage_taken":0,"max_hp_gain":0,"max_hp_loss":0,"event_name":"Drug Dealer","floor":31,"gold_loss":0,"cards_obtained":["Masterful Stab","Deadly Poison"]}],"is_beta":false,"boss_relics":[{"not_picked":["Runic Dome","Orrery"],"picked":"Philosopher\u0027s Stone"}],"items_purged_floors":[21,24],"is_endless":false,"potions_floor_spawned":[1,4,7,10,13,16,20],"killed_by":"Automaton","ascension_level":20}