{"gold_per_floor":[109,109,159,171,185,185,195,213,239,250,250,285,285,313,313,313],"floor_reached":16,"playtime":670,"items_purged":[],"score":218,"play_id":"24662649-fe3f-499c-930d-98cfe4455ac9","local_time":"20190829173231","is_ascension_mode":true,"campfire_choices":[{"data":"True Grit","floor":6,"key":"SMITH"},{"data":"Bash","floor":13,"key":"SMITH"},{"floor":15,"key":"REST"}],"neow_cost":"NONE","seed_source_timestamp":1340912290980000,"circlet_count":0,"master_deck":["AscendersBane","Strike_R","Strike_R","Strike_R","Strike_R","Strike_R","Defend_R","Defend_R","Defend_R+1","Defend_R","Bash+1","Perfected Strike","True Grit+1","Shrug It Off+1","Perfected Strike","Iron Wave","Rampage","Juggernaut","Metallicize"],"relics":["Burning Blood","NeowsBlessing","Blood Vial","Gremlin Horn","War Paint","Bronze Scales"],"potions_floor_usage":[12,12],"damage_taken":[{"damage":0,"enemies":"Jaw Worm","floor":1,"turns":1},{"damage":0,"enemies":"Cultist","floor":4,"turns":1},{"damage":0,"enemies":"2 Louse","floor":5,"turns":2},{"damage":20,"enemies":"Large Slime","floor":7,"turns":7},{"damage":7,"enemies":"Blue Slaver","floor":8,"turns":4},{"damage":6,"enemies":"Exordium Thugs","floor":10,"turns":6},{"damage":23,"enemies":"3 Sentries","floor":12,"turns":8},{"damage":32,"enemies":"Gremlin Nob","floor":14,"turns":4},{"damage":47,"enemies":"Slime Boss","floor":16,"turns":8}],"seed_played":"-7596017090919961430","potions_obtained":[{"floor":7,"key":"SpeedPotion"},{"floor":8,"key":"Explosive Potion"}],"is_trial":false,"path_per_floor":["M","$","?","M","M","R","M","M","T","M","T","E","R","E","R","B"],"character_chosen":"IRONCLAD","items_purchased":[],"campfire_rested":1,"item_purchase_floors":[],"current_hp_per_floor":[74,74,74,75,75,75,61,60,60,62,62,47,47,23,45,0],"gold":313,"neow_bonus":"THREE_ENEMY_KILL","is_prod":false,"is_daily":false,"chose_seed":false,"campfire_upgraded":2,"win_rate":0,"timestamp":1567092751,"path_taken":["M","$","?","M","?","R","M","M","T","M","?","E","R","E","R","BOSS"],"build_version":"2019-07-17","purchased_purges":0,"victory":false,"max_hp_per_floor":[75,75,75,75,75,75,75,75,75,75,75,75,75,75,75,75],"card_choices":[{"not_picked":["Havoc","Cleave"],"picked":"Perfected Strike","floor":1},{"not_picked":["Second Wind","Headbutt"],"picked":"True Grit","floor":4},{"not_picked":["Exhume","Reckless Charge"],"picked":"Shrug It Off","floor":5},{"not_picked":["Sword Boomerang","Seeing Red"],"picked":"Perfected Strike","floor":7},{"not_picked":["Pommel Strike","Ghostly Armor"],"picked":"Iron Wave","floor":8},{"not_picked":["Second Wind","Anger"],"picked":"Rampage","floor":10},{"not_picked":["Havoc","Iron Wave"],"picked":"Juggernaut","floor":12},{"not_picked":["Warcry","Limit Break"],"picked":"Metallicize","floor":14}],"player_experience":1979281,"relics_obtained":[{"floor":9,"key":"Blood Vial"},{"floor":11,"key":"Gremlin Horn"},{"floor":12,"key":"War Paint"},{"floor":14,"key":"Bronze Scales"}],"event_choices":[{"damage_healed":0,"gold_gain":50,"player_choice":"Pray","damage_taken":0,"max_hp_gain":0,"max_hp_loss":0,"event_name":"Golden Shrine","floor":3,"gold_loss":0}],"is_beta":false,"boss_relics":[],"items_purged_floors":[],"is_endless":false,"potions_floor_spawned":[7,8],"killed_by":"Slime Boss","ascension_level":19}