{"gold_per_floor":[114,94,94,194,206,206,221,221,301,327,346,346,360,16,16,92,92,105,105,118,118],"floor_reached":21,"playtime":949,"items_purged":[],"score":349,"play_id":"c6c4a1ab-ed8d-4c56-afc8-bbc7a98689e0","local_time":"20190813044031","is_ascension_mode":true,"campfire_choices":[{"data":"Neutralize","floor":6,"key":"SMITH"},{"data":"Well Laid Plans","floor":8,"key":"SMITH"},{"data":"Poisoned Stab","floor":12,"key":"SMITH"},{"data":"Blade Dance","floor":15,"key":"SMITH"}],"neow_cost":"NONE","seed_source_timestamp":905847169192300,"circlet_count":0,"master_deck":["AscendersBane","Strike_G","Strike_G","Strike_G","Strike_G","Strike_G","Defend_G","Defend_G","Defend_G","Defend_G","Defend_G","Survivor","Neutralize+1","Backstab","Blur","Well Laid Plans+1","Poisoned Stab+1","Backflip","Endless Agony","Blade Dance+1","Slice","Bullet Time","Escape Plan","Footwork"],"relics":["Ring of the Snake","Blood Vial","Tiny Chest","Sundial","Shuriken","Lizard Tail","Blue Candle"],"potions_floor_usage":[10,16,16],"damage_taken":[{"damage":1,"enemies":"Small Slimes","floor":1,"turns":5},{"damage":7,"enemies":"Cultist","floor":5,"turns":6},{"damage":0,"enemies":"2 Louse","floor":7,"turns":3},{"damage":39,"enemies":"Lagavulin","floor":10,"turns":7},{"damage":1,"enemies":"Red Slaver","floor":11,"turns":4},{"damage":2,"enemies":"2 Fungi Beasts","floor":13,"turns":3},{"damage":5,"enemies":"Hexaghost","floor":16,"turns":9},{"damage":20,"enemies":"Spheric Guardian","floor":18,"turns":4},{"damage":34,"enemies":"2 Thieves","floor":20,"turns":4},{"damage":41,"enemies":"Sentry and Sphere","floor":21,"turns":7}],"seed_played":"-7641322081727130752","potions_obtained":[{"floor":2,"key":"PowerPotion"},{"floor":5,"key":"Strength Potion"},{"floor":11,"key":"SpeedPotion"}],"is_trial":false,"path_per_floor":["M","?","$","?","M","R","M","R","T","E","M","R","M","$","R","B",null,"M","T","M","M"],"character_chosen":"THE_SILENT","items_purchased":["Shuriken","Blade Dance","Slice"],"campfire_rested":0,"item_purchase_floors":[14,14,14],"current_hp_per_floor":[60,60,60,60,55,55,57,57,57,20,21,21,21,21,21,18,54,36,36,4,0],"gold":118,"neow_bonus":"RANDOM_COMMON_RELIC","is_prod":false,"is_daily":false,"chose_seed":false,"campfire_upgraded":4,"win_rate":0,"timestamp":1565664031,"path_taken":["M","?","?","?","M","R","M","R","T","E","M","R","M","$","R","BOSS","M","?","M","M"],"build_version":"2019-07-17","purchased_purges":0,"victory":false,"max_hp_per_floor":[66,66,66,66,66,66,66,66,66,66,66,66,66,66,66,66,66,66,66,66,66],"card_choices":[{"not_picked":["Outmaneuver","Terror"],"picked":"Backstab","floor":1},{"not_picked":["Sucker Punch","Dagger Spray"],"picked":"Blur","floor":5},{"not_picked":["Reflex","Calculated Gamble"],"picked":"Well Laid Plans","floor":7},{"not_picked":["Phantasmal Killer","Outmaneuver"],"picked":"Poisoned Stab","floor":10},{"not_picked":["Dodge and Roll","Deflect"],"picked":"Backflip","floor":11},{"not_picked":["Sucker Punch","PiercingWail"],"picked":"Endless Agony","floor":13},{"not_picked":["Glass Knife","Tools of the Trade"],"picked":"Bullet Time","floor":16},{"not_picked":["Bane","Slice"],"picked":"Escape Plan","floor":18},{"not_picked":["Predator","Expertise"],"picked":"Footwork","floor":20}],"player_experience":1871007,"relics_obtained":[{"floor":9,"key":"Tiny Chest"},{"floor":10,"key":"Sundial"},{"floor":19,"key":"Blue Candle"}],"event_choices":[{"damage_healed":0,"gold_gain":0,"player_choice":"Bought 1 Potion","damage_taken":0,"max_hp_gain":0,"max_hp_loss":0,"event_name":"The Woman in Blue","floor":2,"gold_loss":0},{"damage_healed":0,"gold_gain":100,"player_choice":"Gold","damage_taken":0,"max_hp_gain":0,"max_hp_loss":0,"event_name":"Wheel of Change","floor":4,"gold_loss":0}],"is_beta":false,"boss_relics":[{"not_picked":["Snecko Eye","Coffee Dripper"],"picked":"Lizard Tail"}],"items_purged_floors":[],"is_endless":false,"potions_floor_spawned":[5,11,13],"killed_by":"Sentry and Sphere","ascension_level":19}