{"path_per_floor":["M","?","M","?","M","R","E","R","T","E","R","?","$","M","R","B",null,"M","?","M"],"character_chosen":"IRONCLAD","items_purchased":["Secret Weapon","Regen Potion"],"gold_per_floor":[117,117,129,204,222,222,278,278,323,349,349,524,196,210,210,305,305,317,317,329,329],"floor_reached":21,"campfire_rested":2,"playtime":1732,"item_purchase_floors":[13,13],"current_hp_per_floor":[65,65,65,54,56,56,19,40,40,19,40,40,40,47,47,20,59,24,48,15,0],"items_purged":["Doubt"],"gold":329,"score":271,"play_id":"85976ea2-bff3-45dc-80b6-ce71c309ad0c","local_time":"20180616081701","is_prod":false,"is_daily":false,"chose_seed":false,"is_ascension_mode":true,"campfire_upgraded":2,"win_rate":0,"timestamp":1529133421,"campfire_choices":[{"data":"Bash","floor":6,"key":"SMITH"},{"floor":8,"key":"REST"},{"floor":11,"key":"REST"},{"data":"Clothesline","floor":15,"key":"SMITH"}],"path_taken":["M","?","M","?","M","R","E","R","T","E","R","?","$","M","R","BOSS","M","?","M","M"],"build_version":"2018-06-14v2","seed_source_timestamp":135950981971708,"purchased_purges":1,"victory":false,"master_deck":["Strike_R","Strike_R","Strike_R","Defend_R","Defend_R","Defend_R","Bash+1","Exhume","Shrug It Off","Clothesline+1","Pommel Strike","Secret Weapon","Reaper","Barricade","Battle Trance+1","Heavy Blade+1","Brutality+1","Inflame+1","Inflame"],"max_hp_per_floor":[72,72,72,72,72,72,72,72,72,72,72,72,72,72,72,72,72,72,72,72,72],"relics":["Burning Blood","Bird Faced Urn","Tiny Chest","Blood Vial","Juzu Bracelet","Astrolabe"],"card_choices":[{"not_picked":["Sword Boomerang","Cleave","Armaments"],"picked":"SKIP","floor":1},{"not_picked":["Entrench","Reckless Charge"],"picked":"Shrug It Off","floor":3},{"not_picked":["Clash","Heavy Blade","True Grit"],"picked":"SKIP","floor":5},{"not_picked":["Armaments","Rupture"],"picked":"Clothesline","floor":7},{"not_picked":["Sever Soul","True Grit"],"picked":"Pommel Strike","floor":10},{"not_picked":["Twin Strike","Pummel"],"picked":"Reaper","floor":14},{"not_picked":["Limit Break","Double Tap"],"picked":"Barricade","floor":16},{"not_picked":["Reckless Charge","Spot Weakness"],"picked":"Inflame+1","floor":18},{"not_picked":["Rampage","Corruption+1"],"picked":"Inflame","floor":20}],"player_experience":443580,"potions_floor_usage":[10,10,16,16],"damage_taken":[{"damage":13,"enemies":"Small Slimes","floor":1,"turns":5},{"damage":6,"enemies":"Cultist","floor":3,"turns":4},{"damage":4,"enemies":"Jaw Worm","floor":5,"turns":5},{"damage":43,"enemies":"3 Sentries","floor":7,"turns":14},{"damage":31,"enemies":"Lagavulin","floor":10,"turns":7},{"damage":1,"enemies":"Looter","floor":14,"turns":4},{"damage":59,"enemies":"The Guardian","floor":16,"turns":16},{"damage":47,"enemies":"Chosen","floor":18,"turns":7},{"damage":45,"enemies":"Shell Parasite","floor":20,"turns":6},{"damage":26,"enemies":"Snake Plant","floor":21,"turns":3}],"relics_obtained":[{"floor":7,"key":"Tiny Chest"},{"floor":9,"key":"Blood Vial"},{"floor":10,"key":"Juzu Bracelet"}],"event_choices":[{"event_name":"Match and Keep!","player_choice":"1 cards matched","floor":2,"damage_taken":0},{"event_name":"World of Goop","player_choice":"Gather Gold","floor":4,"damage_taken":0},{"event_name":"Liars Game","player_choice":"agreed","floor":12,"damage_taken":0},{"event_name":"The Library","player_choice":"Heal","floor":19,"damage_taken":0}],"boss_relics":[{"not_picked":["Runic Cube","Calling Bell"],"picked":"Astrolabe"}],"items_purged_floors":[13],"is_endless":false,"potions_floor_spawned":[3,7,10],"seed_played":"7813462823239672548","killed_by":"Snake Plant","ascension_level":9,"potions_obtained":[{"floor":3,"key":"SpeedPotion"},{"floor":7,"key":"PowerPotion"},{"floor":10,"key":"Strength Potion"}],"is_trial":false}