{"gold_per_floor":[118,118,137,57,75,75,75,75,75,101,101,201,21,39,39,142,142,157,157,33,53,70,70,88,106,132,132,151,184,37,48,48,152,152,172,172,183,183,183,183,212,230,282,282,298,73,104,116,116,116],"floor_reached":51,"playtime":2966,"items_purged":["Strike_R","Strike_R","Bash"],"score":1249,"play_id":"f252031a-9bb1-452e-8f54-35522a4550c8","local_time":"20190917154235","is_ascension_mode":true,"campfire_choices":[{"data":"Body Slam","floor":6.0,"key":"SMITH"},{"data":"Uppercut","floor":8.0,"key":"SMITH"},{"data":"Battle Trance","floor":11.0,"key":"SMITH"},{"data":"Disarm","floor":15.0,"key":"SMITH"},{"data":"Entrench","floor":23.0,"key":"SMITH"},{"data":"Evolve","floor":27.0,"key":"SMITH"},{"data":"Cleave","floor":32.0,"key":"SMITH"},{"data":"Barricade","floor":40.0,"key":"SMITH"},{"data":"Shrug It Off","floor":44,"key":"SMITH"},{"data":"Shrug It Off","floor":49,"key":"SMITH"}],"neow_cost":"NONE","seed_source_timestamp":0,"circlet_count":0,"master_deck":["Strike_R","Defend_R","Defend_R","Defend_R","Defend_R","Disarm+1","Uppercut+1","Body Slam+1","Shrug It Off+1","Evolve+1","Offering","Entrench+1","Shrug It Off","Cleave+1","Barricade+1","Warcry+1","Shrug It Off","True Grit+1","Shrug It Off+1","Shrug It Off+1"],"special_seed":0,"relics":["Burning Blood","Oddly Smooth Stone","Bottled Flame","Ornamental Fan","Mark of Pain","Bronze Scales","Bottled Tornado","Pen Nib","Black Star","Ancient Tea Set","Paper Frog","Bag of Preparation","Bag of Marbles","Red Skull"],"potions_floor_usage":[50,50,50],"damage_taken":[{"damage":6.0,"enemies":"Small Slimes","floor":1.0,"turns":6.0},{"damage":0.0,"enemies":"Cultist","floor":3.0,"turns":4.0},{"damage":4.0,"enemies":"Jaw Worm","floor":5.0,"turns":4.0},{"damage":14.0,"enemies":"3 Sentries","floor":10.0,"turns":8.0},{"damage":6.0,"enemies":"Red Slaver","floor":14.0,"turns":6.0},{"damage":13.0,"enemies":"The Guardian","floor":16.0,"turns":15.0},{"damage":6.0,"enemies":"Shell Parasite","floor":18.0,"turns":4.0},{"damage":12.0,"enemies":"3 Byrds","floor":21.0,"turns":9.0},{"damage":26.0,"enemies":"Sentry and Sphere","floor":22.0,"turns":8.0},{"damage":7.0,"enemies":"Snecko","floor":24.0,"turns":4.0},{"damage":8.0,"enemies":"Centurion and Healer","floor":25.0,"turns":9.0},{"damage":4.0,"enemies":"Sentry and Sphere","floor":28.0,"turns":7.0},{"damage":6.0,"enemies":"Book of Stabbing","floor":29.0,"turns":5.0},{"damage":6.0,"enemies":"3 Cultists","floor":31.0,"turns":4.0},{"damage":27.0,"enemies":"Collector","floor":33.0,"turns":13.0},{"damage":29.0,"enemies":"3 Darklings","floor":35.0,"turns":7.0},{"damage":7.0,"enemies":"Orb Walker","floor":37.0,"turns":4.0},{"damage":0.0,"enemies":"Giant Head","floor":41.0,"turns":7.0},{"damage":6.0,"enemies":"Writhing Mass","floor":42.0,"turns":6.0},{"damage":4,"enemies":"Maw","floor":45,"turns":8},{"damage":0,"enemies":"Nemesis","floor":47,"turns":5},{"damage":0,"enemies":"Sphere and 2 Shapes","floor":48,"turns":6},{"damage":6,"enemies":"Time Eater","floor":50,"turns":7}],"seed_played":"-5077595148519488012","potions_obtained":[{"floor":5.0,"key":"SkillPotion"},{"floor":14.0,"key":"SpeedPotion"},{"floor":16.0,"key":"Weak Potion"},{"floor":28.0,"key":"GamblersBrew"},{"floor":29.0,"key":"GamblersBrew"},{"floor":33.0,"key":"Swift Potion"},{"floor":35.0,"key":"Swift Potion"},{"floor":37.0,"key":"EssenceOfSteel"},{"floor":45,"key":"Weak Potion"}],"is_trial":false,"path_per_floor":["M","?","M","$","M","R","?","R","T","E","R","?","$","M","R","B",null,"M","?","$","M","M","R","M","M","T","R","M","E","$","M","R","B",null,"M","?","M","?","?","R","E","M","T","R","M","$","E","M","R","B",null],"character_chosen":"IRONCLAD","items_purchased":["Uppercut","Shrug It Off","Evolve","Shrug It Off","Pen Nib","Shrug It Off","Dexterity Potion"],"campfire_rested":0,"item_purchase_floors":[4,13,13,20,30,46,46],"current_hp_per_floor":[72,72,78,78,80,80,80,80,80,72,72,72,72,72,72,65,76,76,76,76,70,50,50,49,47,47,47,49,49,49,49,49,28,67,44,44,43,43,43,43,49,49,49,49,51,51,57,63,63,63],"gold":116,"neow_bonus":"RANDOM_COMMON_RELIC","is_prod":false,"is_daily":false,"chose_seed":false,"campfire_upgraded":10,"win_rate":0,"timestamp":1568760155,"path_taken":["M","?","M","$","M","R","?","R","T","E","R","?","$","M","R","BOSS","M","?","?","M","M","R","?","M","T","R","M","E","$","M","R","BOSS","M","?","M","?","?","R","E","?","T","R","?","$","E","M","R","BOSS"],"build_version":"2019-07-17","purchased_purges":3,"victory":true,"max_hp_per_floor":[80,80,80,80,80,80,80,80,80,80,80,80,80,80,80,80,80,80,80,80,80,80,80,80,80,80,80,80,80,80,80,80,80,80,80,80,80,76,76,76,76,76,76,76,76,76,76,76,76,76],"card_choices":[{"not_picked":["Wild Strike","Armaments","Anger"],"picked":"SKIP","floor":1.0},{"not_picked":["Heavy Blade","Wild Strike"],"picked":"Disarm","floor":3.0},{"not_picked":["Heavy Blade","Perfected Strike"],"picked":"Body Slam","floor":5.0},{"not_picked":["Perfected Strike","Sword Boomerang"],"picked":"Battle Trance","floor":10.0},{"not_picked":["Bludgeon","Heavy Blade","Wild Strike"],"picked":"SKIP","floor":14.0},{"not_picked":["Berserk","Reaper"],"picked":"Offering","floor":16.0},{"not_picked":["Havoc","Armaments"],"picked":"Entrench","floor":18.0},{"not_picked":["Iron Wave","Anger","True Grit"],"picked":"SKIP","floor":21.0},{"not_picked":["Exhume","Headbutt","Rage"],"picked":"SKIP","floor":22.0},{"not_picked":["Warcry","Headbutt+1","Flex"],"picked":"SKIP","floor":24.0},{"not_picked":["Blood for Blood","Havoc"],"picked":"Cleave","floor":25.0},{"not_picked":["Cleave","Flex","Sword Boomerang"],"picked":"SKIP","floor":28.0},{"not_picked":["Corruption","Intimidate","Sentinel"],"picked":"SKIP","floor":29.0},{"not_picked":["Bloodletting","Anger","Clothesline"],"picked":"SKIP","floor":31.0},{"not_picked":["Offering","Immolate"],"picked":"Barricade","floor":33.0},{"not_picked":["Rampage+1","Dual Wield+1"],"picked":"Warcry+1","floor":35.0},{"not_picked":["Cleave","Flame Barrier"],"picked":"Shrug It Off","floor":37.0},{"not_picked":["Flex+1","Whirlwind"],"picked":"True Grit+1","floor":41.0},{"not_picked":["Havoc+1","Flex","Armaments+1"],"picked":"SKIP","floor":42.0},{"not_picked":["Spot Weakness+1","Sentinel","Metallicize"],"picked":"SKIP","floor":45},{"not_picked":["Cleave","Sword Boomerang"],"picked":"Shrug It Off+1","floor":47},{"not_picked":["Iron Wave+1","Ghostly Armor+1","Shrug It Off"],"picked":"SKIP","floor":48}],"player_experience":211813,"relics_obtained":[{"floor":9.0,"key":"Bottled Flame"},{"floor":10.0,"key":"Ornamental Fan"},{"floor":26.0,"key":"Bronze Scales"},{"floor":29.0,"key":"Bottled Tornado"},{"floor":41.0,"key":"Ancient Tea Set"},{"floor":41.0,"key":"Paper Frog"},{"floor":43.0,"key":"Bag of Preparation"},{"floor":47,"key":"Bag of Marbles"},{"floor":47,"key":"Red Skull"}],"event_choices":[{"cards_removed":["Strike_R"],"damage_healed":0.0,"max_hp_gain":0.0,"max_hp_loss":0.0,"gold_gain":0.0,"event_name":"Living Wall","player_choice":"Forget","floor":2.0,"gold_loss":0.0,"damage_taken":0.0},{"damage_healed":0.0,"max_hp_gain":0.0,"max_hp_loss":0.0,"gold_gain":0.0,"event_name":"Liars Game","player_choice":"Ignored","floor":7.0,"gold_loss":0.0,"damage_taken":0.0},{"damage_healed":0.0,"max_hp_gain":0.0,"max_hp_loss":0.0,"gold_gain":100.0,"event_name":"Golden Shrine","player_choice":"Pray","floor":12.0,"gold_loss":0.0,"damage_taken":0.0},{"damage_healed":0.0,"max_hp_gain":0.0,"max_hp_loss":0.0,"gold_gain":0.0,"event_name":"The Woman in Blue","player_choice":"Bought 0 Potions","floor":19.0,"gold_loss":0.0,"damage_taken":0.0},{"cards_removed":["Battle Trance"],"damage_healed":0.0,"max_hp_gain":0.0,"max_hp_loss":0.0,"gold_gain":0.0,"event_name":"Falling","player_choice":"Removed Skill","floor":36.0,"gold_loss":0.0,"damage_taken":0.0},{"damage_healed":0.0,"max_hp_gain":0.0,"max_hp_loss":4.0,"gold_gain":0.0,"event_name":"Winding Halls","player_choice":"Max HP","floor":38.0,"gold_loss":0.0,"damage_taken":0.0},{"cards_removed":["Strike_R"],"damage_healed":0.0,"max_hp_gain":0.0,"max_hp_loss":0.0,"gold_gain":0.0,"event_name":"Purifier","player_choice":"Purged","floor":39.0,"gold_loss":0.0,"damage_taken":0.0}],"is_beta":false,"boss_relics":[{"not_picked":["Calling Bell","Busted Crown"],"picked":"Mark of Pain"},{"not_picked":["Fusion Hammer","Tiny House"],"picked":"Black Star"}],"items_purged_floors":[13,20,46],"is_endless":false,"potions_floor_spawned":[5,14,16,25,28,29,31,33,35,37,41,45],"ascension_level":9}