{"gold_per_floor":[360,360,360,387,405,405,436,436,463,463,492,503,503,470,470,573,573,592,481,481,299,318,318,332,332,332,332,332,332,332],"floor_reached":30,"playtime":1295,"items_purged":["Strike_B","Strike_B"],"score":244,"play_id":"72245eb2-396c-4c3d-839c-56585cdc89d5","local_time":"20190326143029","is_ascension_mode":true,"campfire_choices":[{"data":"Zap","floor":6,"key":"SMITH"},{"data":"Dualcast","floor":8,"key":"SMITH"},{"data":"Sunder","floor":10,"key":"SMITH"},{"data":"Turbo","floor":13,"key":"SMITH"},{"data":"Conserve Battery","floor":15,"key":"SMITH"},{"data":"Reprogram","floor":23,"key":"SMITH"},{"data":"Stack","floor":25,"key":"SMITH"}],"neow_cost":"TEN_PERCENT_HP_LOSS","seed_source_timestamp":241841803477800,"circlet_count":0,"master_deck":["Strike_B","Defend_B","Defend_B","Defend_B","Defend_B","Zap+1","Dualcast+1","Sunder+1","Conserve Battery+1","Turbo+1","All For One","Stack+1","Reprogram+1","Bandage Up","Gash"],"relics":["Cracked Core","DataDisk","Bronze Scales","Orichalcum","Omamori","Sozu","Kunai"],"potions_floor_usage":[16],"damage_taken":[{"damage":12,"enemies":"Small Slimes","floor":1,"turns":3},{"damage":2,"enemies":"2 Louse","floor":5,"turns":2},{"damage":26,"enemies":"Lagavulin","floor":7,"turns":6},{"damage":8,"enemies":"Gremlin Nob","floor":11,"turns":3},{"damage":0,"enemies":"Jaw Worm","floor":12,"turns":2},{"damage":23,"enemies":"The Guardian","floor":16,"turns":11},{"damage":0,"enemies":"Spheric Guardian","floor":18,"turns":3},{"damage":9,"enemies":"Chosen","floor":22,"turns":4},{"damage":46,"enemies":"3 Cultists","floor":24,"turns":5},{"damage":18,"enemies":"Centurion and Healer","floor":30,"turns":2}],"seed_played":"4464607351142385117","potions_obtained":[{"floor":1,"key":"Dexterity Potion"},{"floor":5,"key":"SpeedPotion"}],"is_trial":false,"path_per_floor":["M","?","?","T","M","R","E","R","T","R","E","M","R","?","R","B",null,"M","$","?","$","M","R","M","R","T","?","?","?","M"],"character_chosen":"DEFECT","items_purchased":["Reprogram","Bandage Up"],"campfire_rested":0,"item_purchase_floors":[19,21],"current_hp_per_floor":[56,61,61,61,59,59,33,33,33,33,25,25,25,25,25,2,73,73,73,73,73,68,68,26,26,26,26,13,13,0],"gold":332,"neow_bonus":"TWO_FIFTY_GOLD","is_prod":false,"is_daily":false,"chose_seed":false,"campfire_upgraded":7,"win_rate":0,"timestamp":1553635829,"path_taken":["M","?","?","?","M","R","E","R","T","R","E","M","R","?","R","BOSS","M","$","?","$","?","R","M","R","T","?","?","?","M"],"build_version":"2019-01-23","purchased_purges":2,"victory":false,"max_hp_per_floor":[68,73,73,73,73,73,73,73,73,73,73,73,73,73,73,73,73,73,73,73,73,73,73,73,73,73,73,78,78,78],"card_choices":[{"not_picked":["Static Discharge","Skim"],"picked":"Sunder","floor":1},{"not_picked":["Cold Snap","Compile Driver"],"picked":"Conserve Battery","floor":5},{"not_picked":["Streamline","Rebound","Static Discharge"],"picked":"SKIP","floor":7},{"not_picked":["Tempest","Glacier"],"picked":"Turbo","floor":11},{"not_picked":["Ball Lightning","Sweeping Beam","Stack"],"picked":"SKIP","floor":12},{"not_picked":["Fission","Rainbow"],"picked":"All For One","floor":16},{"not_picked":["Hologram","Conserve Battery"],"picked":"Stack","floor":18},{"not_picked":["Turbo+1","Rebound"],"picked":"Gash","floor":22},{"not_picked":["Barrage+1","Hello World","Streamline"],"picked":"SKIP","floor":24}],"player_experience":50945,"relics_obtained":[{"floor":4,"key":"DataDisk"},{"floor":7,"key":"Bronze Scales"},{"floor":9,"key":"Orichalcum"},{"floor":11,"key":"Omamori"},{"floor":26,"key":"Kunai"}],"event_choices":[{"damage_healed":0,"gold_gain":0,"player_choice":"Donut","damage_taken":0,"max_hp_gain":5,"max_hp_loss":0,"event_name":"Big Fish","floor":2,"gold_loss":0},{"damage_healed":0,"gold_gain":0,"player_choice":"Ignored","damage_taken":0,"max_hp_gain":0,"max_hp_loss":0,"event_name":"Liars Game","floor":3,"gold_loss":0},{"damage_healed":0,"gold_gain":0,"player_choice":"Left Gold","damage_taken":0,"max_hp_gain":0,"max_hp_loss":0,"event_name":"World of Goop","floor":14,"gold_loss":33},{"damage_healed":0,"gold_gain":0,"player_choice":"Bought 0 Potions","damage_taken":0,"max_hp_gain":0,"max_hp_loss":0,"event_name":"The Woman in Blue","floor":20,"gold_loss":0},{"damage_healed":0,"gold_gain":0,"player_choice":"Ignored","damage_taken":0,"max_hp_gain":0,"max_hp_loss":0,"event_name":"Vampires","floor":27,"gold_loss":0},{"damage_healed":0,"gold_gain":0,"player_choice":"Shed Blood","damage_taken":18,"max_hp_gain":5,"max_hp_loss":0,"event_name":"Forgotten Altar","floor":28,"gold_loss":0},{"cards_removed":["Strike_B"],"damage_healed":0,"gold_gain":0,"player_choice":"Elegance","damage_taken":0,"max_hp_gain":0,"max_hp_loss":0,"event_name":"Back to Basics","floor":29,"gold_loss":0}],"is_beta":false,"boss_relics":[{"not_picked":["White Beast Statue","Philosopher\u0027s Stone"],"picked":"Sozu"}],"items_purged_floors":[19,21],"is_endless":false,"potions_floor_spawned":[1,5,22],"killed_by":"Centurion and Healer","ascension_level":1}