{"gold_per_floor":[169,169,169,185,198,228,228,58,58,58,70,70,90,122,122,122],"floor_reached":16,"playtime":746,"items_purged":["Strike_G"],"score":193,"play_id":"7c18ec1e-3948-457e-be4a-1b1ca52f711e","local_time":"20190627221839","is_ascension_mode":true,"campfire_choices":[{"data":"Bouncing Flask","floor":7,"key":"SMITH"},{"floor":15,"key":"REST"}],"neow_cost":"NONE","seed_source_timestamp":12235167358754,"circlet_count":0,"master_deck":["AscendersBane","Defend_G+1","Defend_G","Defend_G+1","Defend_G","Defend_G","Strike_G+1","Strike_G","Strike_G","Survivor","Neutralize","Choke","Leg Sweep","Grand Finale","Bouncing Flask+1","Deadly Poison","Well Laid Plans","Bane","PiercingWail","Decay","Dash","Blade Dance"],"relics":["Tiny House","Mummified Hand","Ornamental Fan","War Paint"],"potions_floor_usage":[6,6],"damage_taken":[{"damage":0,"enemies":"Small Slimes","floor":1,"turns":4},{"damage":6,"enemies":"Jaw Worm","floor":4,"turns":6},{"damage":1,"enemies":"Cultist","floor":5,"turns":3},{"damage":15,"enemies":"3 Sentries","floor":6,"turns":6},{"damage":18,"enemies":"Lots of Slimes","floor":11,"turns":5},{"damage":8,"enemies":"Blue Slaver","floor":13,"turns":4},{"damage":9,"enemies":"Gremlin Nob","floor":14,"turns":4},{"damage":35,"enemies":"The Guardian","floor":16,"turns":6}],"seed_played":"-1988834808414731297","potions_obtained":[{"floor":0,"key":"Explosive Potion"},{"floor":1,"key":"Explosive Potion"}],"is_trial":false,"path_per_floor":["M","?","?","M","M","E","R","$","T","$","M","?","M","E","R","B"],"character_chosen":"THE_SILENT","items_purchased":["Well Laid Plans","Bane"],"campfire_rested":1,"item_purchase_floors":[8,8],"current_hp_per_floor":[64,64,69,63,62,47,47,47,47,47,29,29,21,12,34,0],"gold":122,"neow_bonus":"BOSS_RELIC","is_prod":false,"is_daily":false,"chose_seed":false,"campfire_upgraded":1,"win_rate":0,"timestamp":1561670319,"path_taken":["M","?","?","M","M","E","R","$","T","$","M","?","?","E","R","BOSS"],"build_version":"2019-01-23","purchased_purges":1,"victory":false,"max_hp_per_floor":[71,71,76,76,76,76,76,76,76,76,76,76,76,76,76,76],"card_choices":[{"not_picked":["Caltrops","Dagger Throw"],"picked":"Choke","floor":0},{"not_picked":["Reflex","Dodge and Roll"],"picked":"Leg Sweep","floor":1},{"not_picked":["Flying Knee","Outmaneuver"],"picked":"Bouncing Flask","floor":4},{"not_picked":["Prepared","Predator","Finisher"],"picked":"SKIP","floor":5},{"not_picked":["Underhanded Strike","Venomology"],"picked":"Deadly Poison","floor":6},{"not_picked":["Acrobatics","Flechettes"],"picked":"PiercingWail","floor":11},{"not_picked":["Dodge and Roll","Acrobatics"],"picked":"Dash","floor":13},{"not_picked":["Outmaneuver","Reflex"],"picked":"Blade Dance","floor":14}],"player_experience":1109173,"relics_obtained":[{"floor":6,"key":"Mummified Hand"},{"floor":9,"key":"Ornamental Fan"},{"floor":14,"key":"War Paint"}],"event_choices":[{"damage_healed":0,"gold_gain":0,"cards_transformed":["Strike_G"],"player_choice":"Change","damage_taken":0,"max_hp_gain":0,"max_hp_loss":0,"event_name":"Living Wall","floor":2,"gold_loss":0,"cards_obtained":["Grand Finale"]},{"damage_healed":0,"gold_gain":0,"player_choice":"Donut","damage_taken":0,"max_hp_gain":5,"max_hp_loss":0,"event_name":"Big Fish","floor":3,"gold_loss":0},{"damage_healed":0,"gold_gain":0,"player_choice":"Cursed","damage_taken":0,"max_hp_gain":0,"max_hp_loss":0,"event_name":"Wheel of Change","floor":12,"gold_loss":0,"cards_obtained":["Decay"]}],"is_beta":false,"boss_relics":[],"items_purged_floors":[8],"is_endless":false,"potions_floor_spawned":[1,4],"killed_by":"The Guardian","ascension_level":15}