{"gold_per_floor":[115,127,25,25,44,44,78,88,139,50,50,50,50,76,76,76],"floor_reached":16,"playtime":934,"items_purged":["Strike_R"],"score":184,"play_id":"bb4cca6a-7f25-47f1-9c27-ffc3b5701ece","local_time":"20180909090324","is_ascension_mode":true,"campfire_choices":[{"data":"Bash","floor":6,"key":"SMITH"},{"floor":12,"key":"REST"},{"data":"True Grit","floor":15,"key":"SMITH"}],"neow_cost":"","seed_source_timestamp":1893960234474999,"circlet_count":0,"master_deck":["Strike_R","Strike_R","Strike_R","Strike_R","Defend_R","Defend_R","Defend_R","Defend_R","Bash+1","AscendersBane","Wild Strike","Infernal Blade","Shrug It Off","Evolve","True Grit+1","Rage","Immolate"],"relics":["Burning Blood","The Courier","Happy Flower","Centennial Puzzle","Juzu Bracelet","Blood Vial"],"potions_floor_usage":[7,16],"damage_taken":[{"damage":13,"enemies":"Small Slimes","floor":1,"turns":5},{"damage":1,"enemies":"Cultist","floor":2,"turns":3},{"damage":3,"enemies":"2 Louse","floor":5,"turns":3},{"damage":28,"enemies":"Lagavulin","floor":7,"turns":6},{"damage":9,"enemies":"Blue Slaver","floor":8,"turns":4},{"damage":13,"enemies":"3 Sentries","floor":14,"turns":6},{"damage":64,"enemies":"Hexaghost","floor":16,"turns":12}],"seed_played":"-2213598522349179646","potions_obtained":[{"floor":4,"key":"SmokeBomb"},{"floor":4,"key":"Fire Potion"},{"floor":4,"key":"Weak Potion"},{"floor":7,"key":"EssenceOfSteel"}],"is_trial":false,"path_per_floor":["M","M","$","?","M","R","E","M","T","?","T","R","?","E","R"],"character_chosen":"IRONCLAD","items_purchased":["Shrug It Off"],"campfire_rested":1,"item_purchase_floors":[3],"current_hp_per_floor":[61,66,66,66,69,69,47,44,44,44,44,66,66,59,59,0],"gold":76,"neow_bonus":"","is_prod":false,"is_daily":false,"chose_seed":false,"campfire_upgraded":2,"win_rate":0,"timestamp":1536480204,"path_taken":["M","M","$","?","M","R","E","M","T","?","?","R","?","E","R","BOSS"],"build_version":"2018-09-06","purchased_purges":1,"victory":false,"max_hp_per_floor":[75,75,75,75,75,75,75,75,75,75,75,75,75,75,75,75],"card_choices":[{"not_picked":["Perfected Strike","Power Through"],"picked":"Wild Strike","floor":1},{"not_picked":["Clash","Sword Boomerang"],"picked":"Infernal Blade","floor":2},{"not_picked":["Inflame","Entrench"],"picked":"Evolve","floor":5},{"not_picked":["Anger","Havoc"],"picked":"True Grit","floor":7},{"not_picked":["Searing Blow","Warcry"],"picked":"Rage","floor":8},{"not_picked":["Second Wind","Carnage","Havoc"],"picked":"SKIP","floor":14},{"not_picked":["Second Wind","Carnage","Havoc"],"picked":"SKIP","floor":14}],"player_experience":702422,"relics_obtained":[{"floor":7,"key":"The Courier"},{"floor":9,"key":"Happy Flower"},{"floor":11,"key":"Juzu Bracelet"},{"floor":14,"key":"Blood Vial"}],"event_choices":[{"event_name":"The Lab","player_choice":"Got Potions","floor":4,"damage_taken":0},{"event_name":"WeMeetAgain","player_choice":"Gold","floor":10,"damage_taken":0},{"event_name":"Match and Keep!","player_choice":"1 cards matched","floor":13,"damage_taken":0},{"event_name":"Match and Keep!","player_choice":"1 cards matched","floor":13,"damage_taken":0}],"is_beta":false,"boss_relics":[],"items_purged_floors":[3],"is_endless":false,"potions_floor_spawned":[5,7,14],"killed_by":"Hexaghost","ascension_level":14}