{"gold_per_floor":[364,376,7,23,123,123,153,172,172,197,197,213,213,238,238,317,317,330,330,344,344],"floor_reached":21,"playtime":794,"items_purged":["Strike_B"],"score":398,"play_id":"daac9450-95fa-4ef3-9a42-d6cb820198ee","local_time":"20190531113155","is_ascension_mode":true,"campfire_choices":[{"data":"Barrage","floor":6.0,"key":"SMITH"},{"data":"Venomology","floor":11.0,"key":"SMITH"},{"floor":13.0,"key":"REST"},{"floor":15.0,"key":"REST"}],"neow_cost":"TEN_PERCENT_HP_LOSS","seed_source_timestamp":1180636072214328,"circlet_count":0,"master_deck":["AscendersBane","Strike_B","Strike_B","Strike_B","Defend_B","Defend_B","Defend_B","Defend_B","Zap","Dualcast","Cold Snap","Cold Snap","Ball Lightning","Barrage+1","Compile Driver","Disarm","Sweeping Beam","Venomology+1","Spot Weakness","Juggernaut","Reinforced Body","Dramatic Entrance"],"special_seed":0,"relics":["Cracked Core","PrismaticShard","Pen Nib","Mummified Hand","Cables","Kunai","Inserter"],"potions_floor_usage":[20,20,21,21],"damage_taken":[{"damage":2.0,"enemies":"Cultist","floor":1.0,"turns":4.0},{"damage":5.0,"enemies":"Jaw Worm","floor":2.0,"turns":4.0},{"damage":1.0,"enemies":"Small Slimes","floor":4.0,"turns":2.0},{"damage":12.0,"enemies":"3 Sentries","floor":7.0,"turns":6.0},{"damage":9.0,"enemies":"Looter","floor":8.0,"turns":2.0},{"damage":6.0,"enemies":"Gremlin Nob","floor":10.0,"turns":3.0},{"damage":12.0,"enemies":"Red Slaver","floor":12.0,"turns":3.0},{"damage":27.0,"enemies":"Lagavulin","floor":14.0,"turns":4.0},{"damage":4.0,"enemies":"Hexaghost","floor":16.0,"turns":8.0},{"damage":20.0,"enemies":"2 Thieves","floor":18.0,"turns":4.0},{"damage":17,"enemies":"3 Byrds","floor":20,"turns":3},{"damage":24,"enemies":"3 Cultists","floor":21,"turns":4}],"seed_played":"-2626970830880590567","potions_obtained":[{"floor":1.0,"key":"FearPotion"},{"floor":2.0,"key":"AttackPotion"},{"floor":4.0,"key":"SkillPotion"},{"floor":16.0,"key":"SpeedPotion"},{"floor":20,"key":"Energy Potion"}],"is_trial":false,"path_per_floor":["M","M","$","M","?","R","E","M","T","E","R","M","R","E","R","B",null,"M","?","M","M"],"character_chosen":"DEFECT","items_purchased":["Ball Lightning","PrismaticShard","Barrage"],"campfire_rested":2,"item_purchase_floors":[3,3,3],"current_hp_per_floor":[62,57,57,56,56,56,44,35,35,29,29,17,36,9,28,24,54,34,34,17,0],"gold":344,"neow_bonus":"TWO_FIFTY_GOLD","is_prod":false,"is_daily":false,"chose_seed":false,"campfire_upgraded":2,"win_rate":0,"timestamp":1559295115,"path_taken":["M","?","$","M","?","R","E","?","T","E","R","M","R","E","R","BOSS","M","?","M","M"],"build_version":"2019-01-23","purchased_purges":1,"victory":false,"max_hp_per_floor":[64,64,64,64,64,64,64,64,64,64,64,64,64,64,64,64,64,64,64,64,64],"card_choices":[{"not_picked":["White Noise","Turbo"],"picked":"Cold Snap","floor":1.0},{"not_picked":["Capacitor","Tempest"],"picked":"Cold Snap","floor":2.0},{"not_picked":["Iron Wave","Dual Wield"],"picked":"Compile Driver","floor":4.0},{"not_picked":["Cloak And Dagger","Warcry"],"picked":"Disarm","floor":7.0},{"not_picked":["Streamline","Prepared"],"picked":"Sweeping Beam","floor":8.0},{"not_picked":["Headbutt","Coolheaded"],"picked":"Venomology","floor":10.0},{"not_picked":["Dodge and Roll","True Grit"],"picked":"Spot Weakness","floor":12.0},{"not_picked":["Wild Strike","Warcry"],"picked":"Juggernaut","floor":14.0},{"not_picked":["Pommel Strike","Warcry"],"picked":"Reinforced Body","floor":18.0},{"not_picked":["Pummel","Thunderclap"],"picked":"Dramatic Entrance","floor":20}],"player_experience":814707,"relics_obtained":[{"floor":7.0,"key":"Pen Nib"},{"floor":9.0,"key":"Mummified Hand"},{"floor":10.0,"key":"Cables"},{"floor":14.0,"key":"Kunai"}],"event_choices":[{"damage_healed":0.0,"max_hp_gain":0.0,"max_hp_loss":0.0,"gold_gain":100.0,"event_name":"Wheel of Change","player_choice":"Gold","floor":5.0,"gold_loss":0.0,"damage_taken":0.0},{"damage_healed":0.0,"max_hp_gain":0.0,"max_hp_loss":0.0,"gold_gain":0.0,"event_name":"Vampires","player_choice":"Ignored","floor":19.0,"gold_loss":0.0,"damage_taken":0.0}],"is_beta":false,"boss_relics":[{"not_picked":["Ectoplasm","Eternal Feather"],"picked":"Inserter"}],"items_purged_floors":[3],"is_endless":false,"potions_floor_spawned":[1,2,4,16,20],"killed_by":"3 Cultists","ascension_level":20}