{"gold_per_floor":[364,364,122,146,46,81,94,94,141,141,165,185,185,199,199,288,288,308,33,52,52,68,68,68,82,106,119,119,138,54,77,77,77],"floor_reached":33,"playtime":1390,"items_purged":["Injury","Strike_R","Strike_R"],"score":452,"play_id":"1a0b9487-26bd-4935-b58b-109c77c90ff8","local_time":"20190610093600","is_ascension_mode":true,"campfire_choices":[{"floor":10,"key":"REST"},{"data":"Armaments","floor":13,"key":"SMITH"},{"data":"Limit Break","floor":15,"key":"SMITH"},{"data":"Whirlwind","floor":23,"key":"SMITH"},{"floor":28,"key":"REST"},{"floor":32,"key":"REST"}],"neow_cost":"PERCENT_DAMAGE","seed_source_timestamp":276256779145299,"circlet_count":0,"master_deck":["AscendersBane","Strike_R","Strike_R","Strike_R","Defend_R","Defend_R","Defend_R","Defend_R","Bash","Clothesline","Spot Weakness","Madness","Body Slam","Flame Barrier","Body Slam","Whirlwind+1","Armaments+1","Limit Break+1","Feed","Seeing Red","Finesse","Burning Pact","Body Slam","Clash","Heavy Blade","Dual Wield"],"relics":["Burning Blood","Golden Idol","Red Skull","Happy Flower","Runic Pyramid","Nloth\u0027s Gift","Bronze Scales"],"potions_floor_usage":[6,18,20,33,33],"damage_taken":[{"damage":5,"enemies":"Small Slimes","floor":1,"turns":4},{"damage":1,"enemies":"Cultist","floor":4,"turns":4},{"damage":50,"enemies":"3 Sentries","floor":6,"turns":7},{"damage":4,"enemies":"Jaw Worm","floor":7,"turns":3},{"damage":1,"enemies":"Large Slime","floor":11,"turns":6},{"damage":11,"enemies":"Blue Slaver","floor":12,"turns":5},{"damage":3,"enemies":"Looter","floor":14,"turns":4},{"damage":13,"enemies":"Hexaghost","floor":16,"turns":7},{"damage":17,"enemies":"Chosen","floor":18,"turns":5},{"damage":13,"enemies":"Spheric Guardian","floor":20,"turns":3},{"damage":18,"enemies":"Snecko","floor":22,"turns":4},{"damage":18,"enemies":"Snake Plant","floor":25,"turns":3},{"damage":27,"enemies":"3 Cultists","floor":27,"turns":5},{"damage":13,"enemies":"Chosen and Byrds","floor":29,"turns":6},{"damage":18,"enemies":"Snake Plant","floor":31,"turns":3},{"damage":57,"enemies":"Champ","floor":33,"turns":6}],"seed_played":"-4434572390675615809","potions_obtained":[{"floor":1,"key":"Swift Potion"},{"floor":16,"key":"Dexterity Potion"},{"floor":18,"key":"LiquidBronze"},{"floor":20,"key":"Explosive Potion"},{"floor":22,"key":"EssenceOfSteel"}],"is_trial":false,"path_per_floor":["M","?","$","M","$","E","M","?","T","R","M","M","R","M","R","B",null,"M","$","M","$","M","R","?","M","T","M","R","M","$","M","R","B"],"character_chosen":"IRONCLAD","items_purchased":["Spot Weakness","Madness","Energy Potion","Finesse","Dual Wield"],"campfire_rested":3,"item_purchase_floors":[3,3,19,19,30],"current_hp_per_floor":[51,51,51,56,56,12,14,14,14,36,41,36,36,39,39,32,64,56,56,49,49,41,41,41,32,32,14,40,37,37,25,52,0],"gold":77,"neow_bonus":"TWO_FIFTY_GOLD","is_prod":false,"is_daily":false,"chose_seed":false,"campfire_upgraded":3,"win_rate":0,"timestamp":1560152160,"path_taken":["M","?","$","M","$","E","M","?","T","R","?","M","R","M","R","BOSS","M","$","M","?","M","R","?","M","T","M","R","?","$","M","R","BOSS"],"build_version":"2019-01-23","purchased_purges":3,"victory":false,"max_hp_per_floor":[75,75,75,75,75,75,75,75,75,75,75,75,75,75,75,75,75,78,78,78,78,82,82,82,85,85,88,88,92,92,92,92,92],"card_choices":[{"not_picked":["Rupture","Cleave"],"picked":"Clothesline","floor":1},{"not_picked":["Searing Blow","Clash"],"picked":"Body Slam","floor":4},{"not_picked":["Clash","Dual Wield"],"picked":"Flame Barrier","floor":6},{"not_picked":["Cleave","Havoc"],"picked":"Body Slam","floor":7},{"not_picked":["Havoc","Sever Soul"],"picked":"Whirlwind","floor":11},{"not_picked":["Cleave","Whirlwind"],"picked":"Armaments","floor":12},{"not_picked":["Wild Strike","Iron Wave"],"picked":"Limit Break","floor":14},{"not_picked":["Fiend Fire","Dark Embrace"],"picked":"Feed","floor":16},{"not_picked":["Burning Pact","Searing Blow"],"picked":"Seeing Red","floor":18},{"not_picked":["Inflame","Cleave"],"picked":"Burning Pact","floor":20},{"not_picked":["Sword Boomerang+1","True Grit"],"picked":"Body Slam","floor":22},{"not_picked":["Wild Strike","Perfected Strike","Sword Boomerang"],"picked":"SKIP","floor":25},{"not_picked":["Thunderclap","True Grit"],"picked":"Clash","floor":27},{"not_picked":["Metallicize","True Grit"],"picked":"Heavy Blade","floor":29},{"not_picked":["Wild Strike","Perfected Strike","Hemokinesis"],"picked":"SKIP","floor":31}],"player_experience":1268468,"relics_obtained":[{"floor":6,"key":"Red Skull"},{"floor":9,"key":"Happy Flower"},{"floor":26,"key":"Bronze Scales"}],"event_choices":[{"damage_healed":0,"gold_gain":0,"player_choice":"Take Wound","damage_taken":0,"relics_obtained":["Golden Idol"],"max_hp_gain":0,"max_hp_loss":0,"event_name":"Golden Idol","floor":2,"gold_loss":0,"cards_obtained":["Injury"]},{"damage_healed":0,"gold_gain":0,"player_choice":"Trade","damage_taken":0,"relics_obtained":["GremlinMask"],"max_hp_gain":0,"max_hp_loss":0,"event_name":"FaceTrader","floor":8,"gold_loss":0},{"damage_healed":0,"gold_gain":0,"player_choice":"Traded Relic","damage_taken":0,"relics_obtained":["Nloth\u0027s Gift"],"max_hp_gain":0,"max_hp_loss":0,"event_name":"N\u0027loth","floor":24,"relics_lost":["GremlinMask"],"gold_loss":0}],"is_beta":false,"boss_relics":[{"not_picked":["Philosopher\u0027s Stone","Snecko Eye"],"picked":"Runic Pyramid"}],"items_purged_floors":[3,5,19],"is_endless":false,"potions_floor_spawned":[1,16,18,20,22,31],"killed_by":"Champ","ascension_level":16}