{"gold_per_floor":[160,235,385,398,21,21,47,47,47,47],"floor_reached":10,"playtime":669,"items_purged":["Doubt"],"score":128,"play_id":"9f5a5aac-004d-4049-8881-ef7f65e689ec","local_time":"20191007194137","is_ascension_mode":true,"campfire_choices":[{"data":"Loop","floor":6,"key":"SMITH"}],"neow_cost":"NONE","seed_source_timestamp":322260421666000,"circlet_count":0,"master_deck":["AscendersBane","Strike_B","Strike_B","Strike_B","Strike_B","Defend_B","Defend_B","Defend_B","Defend_B","Zap+1","Dualcast","Ball Lightning","Cold Snap","Coolheaded","Chrysalis","Loop+1","Defragment"],"relics":["Tiny House","Letter Opener","Ice Cream"],"potions_floor_usage":[10,10,10],"damage_taken":[{"damage":1,"enemies":"Cultist","floor":1,"turns":3},{"damage":11,"enemies":"Small Slimes","floor":4,"turns":3},{"damage":28,"enemies":"Lagavulin","floor":7,"turns":5},{"damage":25,"enemies":"3 Sentries","floor":10,"turns":2}],"seed_played":"465373750363736152","potions_obtained":[{"floor":0,"key":"EntropicBrew"},{"floor":1,"key":"FearPotion"}],"is_trial":false,"path_per_floor":["M","?","?","M","$","R","E","$","T","E"],"character_chosen":"DEFECT","items_purchased":["Chrysalis","Loop"],"campfire_rested":0,"item_purchase_floors":[5,5],"current_hp_per_floor":[68,57,57,46,46,46,18,18,18,0],"gold":47,"neow_bonus":"BOSS_RELIC","is_prod":false,"is_daily":false,"chose_seed":false,"campfire_upgraded":1,"win_rate":0,"timestamp":1570473697,"path_taken":["M","?","?","M","$","R","E","?","T","E"],"build_version":"2019-07-17","purchased_purges":1,"victory":false,"max_hp_per_floor":[76,76,76,76,76,76,76,76,76,76],"card_choices":[{"not_picked":["Beam Cell","Turbo"],"picked":"Ball Lightning","floor":0},{"not_picked":["Streamline","Hologram"],"picked":"Cold Snap","floor":1},{"not_picked":["Turbo","White Noise"],"picked":"Coolheaded","floor":4},{"not_picked":["Beam Cell","Auto Shields"],"picked":"Defragment","floor":7}],"player_experience":1212899,"relics_obtained":[{"floor":7,"key":"Letter Opener"},{"floor":9,"key":"Ice Cream"}],"event_choices":[{"damage_healed":0,"gold_gain":75,"player_choice":"Gather Gold","damage_taken":11,"max_hp_gain":0,"max_hp_loss":0,"event_name":"World of Goop","floor":2,"gold_loss":0},{"damage_healed":0,"gold_gain":150,"player_choice":"AGREE","damage_taken":0,"max_hp_gain":0,"max_hp_loss":0,"event_name":"Liars Game","floor":3,"gold_loss":0,"cards_obtained":["Doubt"]}],"is_beta":false,"boss_relics":[],"items_purged_floors":[5],"is_endless":false,"potions_floor_spawned":[1],"killed_by":"3 Sentries","ascension_level":20}