{"gold_per_floor":[113,113,38,38,57,86,100,128,128,157,157,172,172,16,16,87,87,103,103,118,128,140,140,171,171,171,171,187,207,207,225,225,225],"floor_reached":33,"playtime":1060,"items_purged":["Strike_B"],"score":602,"play_id":"c992120d-1522-4e48-8500-a5e7aa8b4f8c","local_time":"20190713175637","is_ascension_mode":true,"campfire_choices":[{"data":"Ball Lightning","floor":11,"key":"SMITH"},{"data":"Self Repair","floor":13,"key":"SMITH"},{"floor":15,"key":"REST"},{"data":"Biased Cognition","floor":23,"key":"SMITH"},{"data":"Auto Shields","floor":27,"key":"SMITH"},{"data":"Storm","floor":30,"key":"SMITH"},{"floor":32,"key":"REST"}],"neow_cost":"NONE","seed_source_timestamp":75953315323000,"circlet_count":0,"master_deck":["AscendersBane","Strike_B+1","Defend_B+1","Defend_B","Defend_B","Zap+1","Dualcast","Ball Lightning+1","Rebound","Auto Shields+1","Melter+1","Self Repair+1","Leap","Sweeping Beam+1","Gash+1","Rebound+1","Biased Cognition+1","Storm+1","Cold Snap+1","Doom and Gloom+1","Gash+1","Gash+1","Gash+1","Hologram","Sunder+1"],"relics":["Cracked Core","NeowsBlessing","Molten Egg 2","Du-Vu Doll","Bird Faced Urn","Vajra","Inserter","Blue Candle","Singing Bowl"],"potions_floor_usage":[10,18,21,22,24,29,33,33],"damage_taken":[{"damage":0,"enemies":"Jaw Worm","floor":1,"turns":1},{"damage":0,"enemies":"2 Louse","floor":5,"turns":1},{"damage":0,"enemies":"Lagavulin","floor":6,"turns":1},{"damage":2,"enemies":"Small Slimes","floor":7,"turns":2},{"damage":7,"enemies":"3 Sentries","floor":8,"turns":5},{"damage":29,"enemies":"Gremlin Nob","floor":10,"turns":4},{"damage":3,"enemies":"3 Louse","floor":12,"turns":3},{"damage":22,"enemies":"The Guardian","floor":16,"turns":9},{"damage":11,"enemies":"Shell Parasite","floor":18,"turns":5},{"damage":0,"enemies":"Spheric Guardian","floor":20,"turns":3},{"damage":13,"enemies":"Snecko","floor":21,"turns":5},{"damage":21,"enemies":"Centurion and Healer","floor":22,"turns":5},{"damage":28,"enemies":"Gremlin Leader","floor":24,"turns":7},{"damage":14,"enemies":"Sentry and Sphere","floor":28,"turns":4},{"damage":0,"enemies":"Chosen and Byrds","floor":29,"turns":3},{"damage":32,"enemies":"Shelled Parasite and Fungi","floor":31,"turns":3},{"damage":83,"enemies":"Collector","floor":33,"turns":8}],"seed_played":"-3802037000764226810","potions_obtained":[{"floor":8,"key":"Strength Potion"},{"floor":10,"key":"Fire Potion"},{"floor":16,"key":"SpeedPotion"},{"floor":20,"key":"AttackPotion"},{"floor":22,"key":"Weak Potion"},{"floor":28,"key":"GamblersBrew"},{"floor":29,"key":"Poison Potion"},{"floor":31,"key":"Ancient Potion"}],"is_trial":false,"path_per_floor":["M","?","?","?","M","E","M","E","T","E","R","M","R","$","R","B",null,"M","?","M","M","M","R","E","?","T","R","M","M","R","M","R","B"],"character_chosen":"DEFECT","items_purchased":["Gash+1","Rebound+1"],"campfire_rested":2,"item_purchase_floors":[14,14],"current_hp_per_floor":[64,43,43,43,43,43,41,34,34,14,14,20,20,20,41,31,61,62,62,71,71,64,64,50,50,50,50,50,64,64,48,69,0],"gold":225,"neow_bonus":"THREE_ENEMY_KILL","is_prod":false,"is_daily":false,"chose_seed":false,"campfire_upgraded":5,"win_rate":0,"timestamp":1563033397,"path_taken":["M","?","?","?","?","E","M","E","T","E","R","M","R","$","R","BOSS","M","?","?","?","M","R","E","?","T","R","?","M","R","M","R","BOSS"],"build_version":"2019-07-05","purchased_purges":1,"victory":false,"max_hp_per_floor":[71,71,71,71,71,71,71,71,71,71,71,71,71,71,71,71,71,71,71,71,71,71,71,71,71,71,71,71,71,71,71,71,71],"card_choices":[{"not_picked":["Go for the Eyes","Rebound"],"picked":"Ball Lightning","floor":1},{"not_picked":["Aggregate","Hello World"],"picked":"Rebound","floor":5},{"not_picked":["Cold Snap","Blizzard"],"picked":"Auto Shields","floor":6},{"not_picked":["Streamline+1","BootSequence"],"picked":"Melter+1","floor":7},{"not_picked":["Steam","Rebound+1"],"picked":"Self Repair","floor":8},{"not_picked":["Seek","Rebound+1"],"picked":"Leap","floor":10},{"not_picked":["Compile Driver+1","Self Repair"],"picked":"Sweeping Beam+1","floor":12},{"not_picked":["Fission","Amplify"],"picked":"Biased Cognition","floor":16},{"not_picked":["Turbo","Leap+1"],"picked":"Storm","floor":18},{"not_picked":["Hologram","Double Energy"],"picked":"Cold Snap+1","floor":20},{"not_picked":["Loop","Go for the Eyes+1"],"picked":"Doom and Gloom+1","floor":21},{"not_picked":["Melter+1","Reinforced Body"],"picked":"Gash+1","floor":22},{"not_picked":["Compile Driver+1","Streamline+1"],"picked":"Gash+1","floor":24},{"not_picked":["Streamline+1","Beam Cell+1"],"picked":"Gash+1","floor":28},{"not_picked":["Reboot","Rip and Tear+1"],"picked":"Hologram","floor":29},{"not_picked":["Redo","Rebound+1"],"picked":"Sunder+1","floor":31}],"player_experience":1644829,"relics_obtained":[{"floor":6,"key":"Molten Egg 2"},{"floor":8,"key":"Du-Vu Doll"},{"floor":9,"key":"Bird Faced Urn"},{"floor":10,"key":"Vajra"},{"floor":24,"key":"Blue Candle"},{"floor":26,"key":"Singing Bowl"}],"event_choices":[{"damage_healed":0,"gold_gain":0,"player_choice":"Entered Light","damage_taken":21,"max_hp_gain":0,"max_hp_loss":0,"event_name":"Shining Light","floor":2,"gold_loss":0,"cards_upgraded":["Defend_B","Strike_B"]},{"cards_removed":["Strike_B"],"damage_healed":0,"gold_gain":0,"player_choice":"Card Removal","damage_taken":0,"max_hp_gain":0,"max_hp_loss":0,"event_name":"The Cleric","floor":3,"gold_loss":75},{"cards_removed":["Strike_B"],"damage_healed":0,"gold_gain":0,"player_choice":"Purged","damage_taken":0,"max_hp_gain":0,"max_hp_loss":0,"event_name":"Purifier","floor":4,"gold_loss":0},{"cards_removed":["Defend_B"],"damage_healed":0,"gold_gain":0,"player_choice":"Purged","damage_taken":0,"max_hp_gain":0,"max_hp_loss":0,"event_name":"Purifier","floor":19,"gold_loss":0},{"damage_healed":0,"gold_gain":0,"player_choice":"Forge","damage_taken":0,"max_hp_gain":0,"max_hp_loss":0,"event_name":"Accursed Blacksmith","floor":25,"gold_loss":0,"cards_upgraded":["Zap"]}],"is_beta":false,"boss_relics":[{"not_picked":["Coffee Dripper","Nuclear Battery"],"picked":"Inserter"}],"items_purged_floors":[14],"is_endless":false,"potions_floor_spawned":[8,10,16,20,22,28,29,31],"killed_by":"Collector","ascension_level":17}