{"gold_per_floor":[11,31,49,49,64,98,98,98,98,98,23,37,78,98,98,187,187,208,188,38,38,38,58,15,15,64,64,88,108,108,108],"floor_reached":31,"playtime":1101,"items_purged":["Strike_G"],"score":478,"play_id":"2bca011a-f494-41b7-a122-9a3e70202b33","local_time":"20190823034539","is_ascension_mode":true,"campfire_choices":[{"floor":7,"key":"REST"},{"data":"Neutralize","floor":10,"key":"SMITH"},{"floor":15,"key":"REST"},{"floor":27,"key":"REST"},{"floor":30,"key":"REST"}],"neow_cost":"NO_GOLD","seed_source_timestamp":772450284894700,"circlet_count":0,"master_deck":["AscendersBane","Strike_G+1","Strike_G+1","Defend_G+1","Defend_G+1","Defend_G+1","Defend_G+1","Survivor","Neutralize+1","Poisoned Stab","Caltrops","After Image","Endless Agony","Sucker Punch","Bouncing Flask","Acrobatics","Skewer","Endless Agony","Envenom","Dash","Footwork","Dagger Spray","Flying Knee","Slice","Infinite Blades","Noxious Fumes","Cloak And Dagger+1"],"relics":["Ring of the Snake","The Specimen","Golden Idol","Bronze Scales","Anchor","Pantograph","WristBlade","Boot"],"potions_floor_usage":[14,23],"damage_taken":[{"damage":3,"enemies":"Small Slimes","floor":1,"turns":3},{"damage":0,"enemies":"Cultist","floor":2,"turns":4},{"damage":0,"enemies":"2 Louse","floor":3,"turns":4},{"damage":6,"enemies":"Large Slime","floor":5,"turns":8},{"damage":37,"enemies":"Gremlin Nob","floor":6,"turns":5},{"damage":4,"enemies":"Exordium Wildlife","floor":12,"turns":4},{"damage":13,"enemies":"Lagavulin","floor":13,"turns":6},{"damage":13,"enemies":"3 Louse","floor":14,"turns":3},{"damage":26,"enemies":"Hexaghost","floor":16,"turns":9},{"damage":12,"enemies":"Shell Parasite","floor":18,"turns":5},{"damage":10,"enemies":"Chosen","floor":23,"turns":5},{"damage":24,"enemies":"Snake Plant","floor":28,"turns":4},{"damage":20,"enemies":"Snecko","floor":29,"turns":5},{"damage":21,"enemies":"Centurion and Healer","floor":31,"turns":4}],"seed_played":"7721073385084815060","potions_obtained":[{"floor":5,"key":"Ancient Potion"},{"floor":12,"key":"SteroidPotion"},{"floor":16,"key":"Strength Potion"},{"floor":19,"key":"SneckoOil"}],"is_trial":false,"path_per_floor":["M","M","M","?","M","E","R","?","T","R","$","M","E","M","R","B",null,"M","?","$","?","?","M","$","?","T","R","M","M","R","M"],"character_chosen":"THE_SILENT","items_purchased":["Bouncing Flask","Footwork","Infinite Blades"],"campfire_rested":4,"item_purchase_floors":[11,20,24],"current_hp_per_floor":[56,56,56,56,50,13,31,31,31,31,31,27,14,1,19,18,50,38,38,38,38,38,28,28,28,28,46,22,2,20,0],"gold":108,"neow_bonus":"ONE_RARE_RELIC","is_prod":false,"is_daily":false,"chose_seed":false,"campfire_upgraded":1,"win_rate":0,"timestamp":1566524739,"path_taken":["M","M","M","?","M","E","R","?","T","R","$","?","E","M","R","BOSS","M","?","?","?","?","M","$","?","T","R","M","M","R","M"],"build_version":"2019-07-17","purchased_purges":1,"victory":false,"max_hp_per_floor":[66,66,66,60,60,60,60,60,60,60,60,60,60,60,60,60,60,60,60,60,60,60,60,60,60,60,60,60,60,60,60],"card_choices":[{"not_picked":["Dodge and Roll","Dagger Spray"],"picked":"Poisoned Stab","floor":1},{"not_picked":["Flechettes","Concentrate"],"picked":"Caltrops","floor":2},{"not_picked":["Blade Dance","Poisoned Stab"],"picked":"After Image","floor":3},{"not_picked":["Cloak And Dagger","Slice"],"picked":"Endless Agony","floor":5},{"not_picked":["Acrobatics","Concentrate"],"picked":"Sucker Punch","floor":6},{"not_picked":["All Out Attack","Quick Slash"],"picked":"Acrobatics","floor":12},{"not_picked":["Dash","Finisher"],"picked":"Skewer","floor":13},{"not_picked":["Prepared","Slice"],"picked":"Endless Agony","floor":14},{"not_picked":["Phantasmal Killer","Glass Knife"],"picked":"Envenom","floor":16},{"not_picked":["Cloak And Dagger","Endless Agony"],"picked":"Dash","floor":18},{"not_picked":["Accuracy+1","Concentrate"],"picked":"Slice","floor":23},{"not_picked":["Quick Slash","Backflip"],"picked":"Noxious Fumes","floor":28},{"not_picked":["Infinite Blades","Slice"],"picked":"Cloak And Dagger+1","floor":29}],"player_experience":1951432,"relics_obtained":[{"floor":6,"key":"Bronze Scales"},{"floor":9,"key":"Anchor"},{"floor":13,"key":"Pantograph"},{"floor":26,"key":"Boot"}],"event_choices":[{"damage_healed":0,"gold_gain":0,"player_choice":"Lose Max HP","damage_taken":0,"relics_obtained":["Golden Idol"],"max_hp_gain":0,"max_hp_loss":6,"event_name":"Golden Idol","floor":4,"gold_loss":0},{"cards_removed":["Strike_G"],"damage_healed":0,"gold_gain":0,"player_choice":"Offered Basic","damage_taken":0,"max_hp_gain":0,"max_hp_loss":0,"event_name":"Bonfire Elementals","floor":8,"gold_loss":0},{"damage_healed":0,"gold_gain":0,"player_choice":"Bought 1 Potion","damage_taken":0,"max_hp_gain":0,"max_hp_loss":0,"event_name":"The Woman in Blue","floor":19,"gold_loss":0},{"damage_healed":0,"gold_gain":0,"player_choice":"Simplicity","damage_taken":0,"max_hp_gain":0,"max_hp_loss":0,"event_name":"Back to Basics","floor":21,"gold_loss":0,"cards_upgraded":["Strike_G","Strike_G","Strike_G","Defend_G","Defend_G","Defend_G","Defend_G","Defend_G"]},{"damage_healed":0,"gold_gain":0,"cards_transformed":["Defend_G","Strike_G"],"player_choice":"Became Test Subject","damage_taken":0,"max_hp_gain":0,"max_hp_loss":0,"event_name":"Drug Dealer","floor":22,"gold_loss":0,"cards_obtained":["Dagger Spray","Flying Knee"]},{"damage_healed":0,"gold_gain":0,"player_choice":"Ignored","damage_taken":0,"max_hp_gain":0,"max_hp_loss":0,"event_name":"Vampires","floor":25,"gold_loss":0}],"is_beta":false,"boss_relics":[{"not_picked":["Runic Pyramid","Black Star"],"picked":"WristBlade"}],"items_purged_floors":[20],"is_endless":false,"potions_floor_spawned":[5,12,16,18],"killed_by":"Centurion and Healer","ascension_level":19}