{"gold_per_floor":[20,20,20,35,49,49,63,98,124,140,140,105,105,118,118,216,216,233,233,253,178,72,97,97,125,163,195,221,246,258,185,197,309,321,352,21,21,39,58,58,74,87,87,102,0,0,0,20,20,20],"floor_reached":51,"playtime":1999,"items_purged":["Strike_B"],"score":723,"play_id":"bf649770-d890-4bd5-8391-a90481d60d34","local_time":"20191015010103","is_ascension_mode":true,"campfire_choices":[{"data":"Zap","floor":6,"key":"SMITH"},{"data":"Buffer","floor":11,"key":"SMITH"},{"data":"Fission","floor":13,"key":"SMITH"},{"data":"Static Discharge","floor":15,"key":"SMITH"},{"data":"Biased Cognition","floor":24,"key":"SMITH"},{"data":"Auto Shields","floor":30,"key":"SMITH"},{"floor":32,"key":"REST"},{"data":"Creative AI","floor":40,"key":"SMITH"},{"data":"Madness","floor":46,"key":"SMITH"},{"data":"Defragment","floor":49,"key":"SMITH"}],"neow_cost":"NO_GOLD","seed_source_timestamp":200428597732300,"circlet_count":0,"master_deck":["Strike_B","Defend_B","Defend_B","Zap+1","Dualcast","Buffer+1","Coolheaded","Rebound","Ball Lightning","Auto Shields+1","Leap","Fission+1","Cold Snap","Static Discharge+1","Biased Cognition+1","Melter","Redo","Hologram","Gash","Steam+1","Consume+1","Conserve Battery","Self Repair+1","Compile Driver+1","Creative AI+1","Beam Cell+1","Madness+1","Defragment+1","Hologram","Redo+1","Cold Snap+1","Sweeping Beam","Fusion+1","Double Energy+1"],"relics":["Cracked Core","Anchor","PreservedInsect","Inserter","Omamori","MawBank","Dream Catcher","Mercury Hourglass","Busted Crown","Darkstone Periapt","Red Mask"],"potions_floor_usage":[10,10,16,23,23,33,35,42,50,50],"damage_taken":[{"damage":4,"enemies":"2 Louse","floor":1,"turns":3},{"damage":0,"enemies":"Small Slimes","floor":4,"turns":2},{"damage":1,"enemies":"Jaw Worm","floor":5,"turns":4},{"damage":3,"enemies":"3 Louse","floor":7,"turns":3},{"damage":5,"enemies":"3 Sentries","floor":8,"turns":8},{"damage":7,"enemies":"Gremlin Gang","floor":10,"turns":4},{"damage":11,"enemies":"2 Fungi Beasts","floor":14,"turns":3},{"damage":17,"enemies":"Hexaghost","floor":16,"turns":10},{"damage":1,"enemies":"3 Byrds","floor":18,"turns":3},{"damage":0,"enemies":"Spheric Guardian","floor":20,"turns":3},{"damage":2,"enemies":"Gremlin Leader","floor":23,"turns":4},{"damage":11,"enemies":"Book of Stabbing","floor":25,"turns":4},{"damage":7,"enemies":"Snake Plant","floor":27,"turns":5},{"damage":8,"enemies":"3 Cultists","floor":28,"turns":6},{"damage":7,"enemies":"Centurion and Healer","floor":29,"turns":9},{"damage":28,"enemies":"Collector","floor":33,"turns":11},{"damage":3,"enemies":"3 Darklings","floor":35,"turns":6},{"damage":0,"enemies":"Orb Walker","floor":38,"turns":4},{"damage":10,"enemies":"Maw","floor":39,"turns":7},{"damage":22,"enemies":"4 Shapes","floor":41,"turns":5},{"damage":21,"enemies":"Sphere and 2 Shapes","floor":42,"turns":3},{"damage":0,"enemies":"Transient","floor":44,"turns":5},{"damage":20,"enemies":"Writhing Mass","floor":48,"turns":5},{"damage":29,"enemies":"Time Eater","floor":50,"turns":8}],"seed_played":"-8490313761365077788","potions_obtained":[{"floor":4,"key":"GamblersBrew"},{"floor":5,"key":"SkillPotion"},{"floor":14,"key":"SkillPotion"},{"floor":18,"key":"Energy Potion"},{"floor":20,"key":"Weak Potion"},{"floor":23,"key":"Dexterity Potion"},{"floor":27,"key":"LiquidMemories"},{"floor":39,"key":"CultistPotion"},{"floor":41,"key":"DistilledChaos"},{"floor":48,"key":"DistilledChaos"}],"is_trial":false,"path_per_floor":["M","?","?","M","M","R","M","E","T","M","R","?","R","M","R","B",null,"M","?","M","?","$","E","R","E","T","M","M","M","R","?","R","B",null,"M","$","?","M","M","R","M","M","T","M","?","R","?","M","R","B",null],"character_chosen":"DEFECT","items_purchased":["Gash","Hologram","Madness","Defragment","Hologram","FocusPotion"],"campfire_rested":1,"item_purchase_floors":[22,22,36,36,36,36],"current_hp_per_floor":[71,71,64,64,63,63,60,55,55,48,48,66,66,55,55,38,75,74,74,74,74,74,72,72,61,61,54,46,39,39,39,61,43,75,75,75,75,75,75,75,53,42,42,52,52,52,71,61,61,42],"gold":20,"neow_bonus":"THREE_RARE_CARDS","is_prod":false,"is_daily":false,"chose_seed":false,"campfire_upgraded":9,"win_rate":1,"timestamp":1571094063,"path_taken":["M","?","?","M","M","R","M","E","T","M","R","?","R","?","R","BOSS","M","?","?","?","$","E","R","E","T","M","M","M","R","?","R","BOSS","M","$","?","M","M","R","M","M","T","M","?","R","?","M","R","BOSS"],"build_version":"2019-10-14","purchased_purges":1,"victory":true,"max_hp_per_floor":[75,75,75,75,75,75,75,75,75,75,75,75,75,75,75,75,75,75,75,75,75,75,75,75,75,75,75,75,75,75,75,75,75,75,75,75,75,75,75,75,75,75,75,75,75,75,75,75,75,75],"card_choices":[{"not_picked":["Biased Cognition","Machine Learning"],"picked":"Buffer","floor":0},{"not_picked":["Redo","Stack"],"picked":"Coolheaded","floor":1},{"not_picked":["Steam","Compile Driver"],"picked":"Ball Lightning","floor":4},{"not_picked":["Chill","Scrape"],"picked":"Auto Shields","floor":5},{"not_picked":["Redo","Coolheaded"],"picked":"Leap","floor":7},{"not_picked":["Ball Lightning","All For One"],"picked":"Fission","floor":8},{"not_picked":["Coolheaded","Sweeping Beam"],"picked":"Cold Snap","floor":10},{"not_picked":["Gash","Go for the Eyes"],"picked":"Static Discharge","floor":14},{"not_picked":["Buffer","Amplify"],"picked":"Biased Cognition","floor":16},{"not_picked":["Blizzard","Cold Snap"],"picked":"Melter","floor":18},{"not_picked":["Ball Lightning","Stack"],"picked":"Redo","floor":20},{"not_picked":["BootSequence+1","Cold Snap"],"picked":"Gash","floor":23},{"not_picked":["Lockon+1","Stack+1"],"picked":"Steam+1","floor":25},{"not_picked":["Cold Snap","Loop"],"picked":"Consume+1","floor":27},{"not_picked":["Barrage","Streamline"],"picked":"Conserve Battery","floor":28},{"not_picked":["Blizzard+1","Undo"],"picked":"Self Repair+1","floor":29},{"not_picked":["Genetic Algorithm+1","Heatsinks"],"picked":"Compile Driver+1","floor":32},{"not_picked":["Fission","Machine Learning"],"picked":"Creative AI","floor":33},{"not_picked":[],"picked":"Beam Cell+1","floor":35},{"not_picked":[],"picked":"Redo+1","floor":38},{"not_picked":[],"picked":"Cold Snap+1","floor":39},{"not_picked":[],"picked":"Sweeping Beam","floor":41},{"not_picked":[],"picked":"Fusion+1","floor":42},{"not_picked":["Rebound"],"picked":"SKIP","floor":44},{"not_picked":[],"picked":"Double Energy+1","floor":48}],"player_experience":12204,"relics_obtained":[{"floor":8,"key":"Anchor"},{"floor":9,"key":"PreservedInsect"},{"floor":23,"key":"Omamori"},{"floor":25,"key":"MawBank"},{"floor":26,"key":"Dream Catcher"},{"floor":43,"key":"Darkstone Periapt"}],"event_choices":[{"damage_healed":0,"gold_gain":0,"cards_transformed":["Strike_B"],"player_choice":"Change","damage_taken":0,"max_hp_gain":0,"max_hp_loss":0,"event_name":"Living Wall","floor":2,"gold_loss":0,"cards_obtained":["Rebound"]},{"cards_removed":["Strike_B"],"damage_healed":0,"gold_gain":0,"player_choice":"Card Removal","damage_taken":7,"max_hp_gain":0,"max_hp_loss":0,"event_name":"Golden Wing","floor":3,"gold_loss":0},{"damage_healed":18,"gold_gain":0,"player_choice":"Healed","damage_taken":0,"max_hp_gain":0,"max_hp_loss":0,"event_name":"The Cleric","floor":12,"gold_loss":35},{"cards_removed":["Defend_B"],"damage_healed":0,"gold_gain":0,"player_choice":"Offered Basic","damage_taken":0,"max_hp_gain":0,"max_hp_loss":0,"event_name":"Bonfire Elementals","floor":19,"gold_loss":0},{"cards_removed":["Defend_B"],"damage_healed":0,"gold_gain":0,"player_choice":"Gave Gold","damage_taken":0,"max_hp_gain":0,"max_hp_loss":0,"event_name":"Beggar","floor":21,"gold_loss":75},{"damage_healed":0,"gold_gain":0,"player_choice":"Paid Gold","damage_taken":0,"relics_obtained":["Mercury Hourglass"],"max_hp_gain":0,"max_hp_loss":0,"event_name":"WeMeetAgain","floor":31,"gold_loss":85},{"cards_removed":["Gash"],"damage_healed":0,"gold_gain":0,"player_choice":"Removed Attack","damage_taken":0,"max_hp_gain":0,"max_hp_loss":0,"event_name":"Falling","floor":37,"gold_loss":0},{"damage_healed":0,"gold_gain":0,"player_choice":"Paid","damage_taken":0,"relics_obtained":["Red Mask"],"max_hp_gain":0,"max_hp_loss":0,"event_name":"Tomb of Lord Red Mask","floor":45,"gold_loss":102},{"damage_healed":19,"gold_gain":0,"player_choice":"Writhe","damage_taken":0,"max_hp_gain":0,"max_hp_loss":0,"event_name":"Winding Halls","floor":47,"gold_loss":0,"cards_obtained":["Writhe"]}],"is_beta":true,"boss_relics":[{"not_picked":["SacredBark","Empty Cage"],"picked":"Inserter"},{"not_picked":["SlaversCollar","Philosopher\u0027s Stone"],"picked":"Busted Crown"}],"items_purged_floors":[36],"is_endless":false,"potions_floor_spawned":[4,5,14,18,20,23,27,39,41,48],"ascension_level":1}