{"gold_per_floor":[215,215,215,61,136,136,146,146,146,161,171,206,52,80,80,159,159,178,178,194,97,108,108,137,149,149,149,149,149,176,195,195,195],"floor_reached":33,"playtime":2831,"items_purged":["Strike_G"],"score":513,"play_id":"229e33d8-31ab-40b8-970b-8514f842c436","local_time":"20190708231300","is_ascension_mode":true,"campfire_choices":[{"floor":6,"key":"REST"},{"data":"Dagger Spray","floor":8,"key":"SMITH"},{"data":"Footwork","floor":15,"key":"SMITH"},{"floor":23,"key":"REST"},{"floor":29,"key":"REST"},{"floor":32,"key":"REST"}],"neow_cost":"NONE","seed_source_timestamp":963835533304986,"circlet_count":0,"master_deck":["AscendersBane","Survivor","Neutralize","PiercingWail","Adrenaline","Predator","Dagger Spray+1","Dash","Footwork+1","Poisoned Stab","Dagger Throw","Malaise","Backstab","Dash","Dagger Spray","Flying Knee","Predator","Wraith Form v2","Expertise","Blur","Well Laid Plans","Backflip","Bane+1","Crippling Poison","Decay","Footwork+1"],"relics":["Ring of the Snake","Singing Bowl","Ice Cream","Lantern","Bottled Tornado","Pandora\u0027s Box","Pear","Incense Burner","Kunai"],"potions_floor_usage":[12,30,31],"damage_taken":[{"damage":8,"enemies":"Jaw Worm","floor":1,"turns":5},{"damage":0,"enemies":"Small Slimes","floor":7,"turns":6},{"damage":0,"enemies":"2 Louse","floor":10,"turns":2},{"damage":0,"enemies":"Lots of Slimes","floor":11,"turns":2},{"damage":16,"enemies":"3 Sentries","floor":12,"turns":6},{"damage":1,"enemies":"Gremlin Nob","floor":14,"turns":5},{"damage":34,"enemies":"Hexaghost","floor":16,"turns":13},{"damage":8,"enemies":"2 Thieves","floor":18,"turns":4},{"damage":3,"enemies":"Chosen","floor":20,"turns":7},{"damage":19,"enemies":"Snake Plant","floor":22,"turns":7},{"damage":19,"enemies":"Gremlin Leader","floor":24,"turns":9},{"damage":28,"enemies":"Centurion and Healer","floor":25,"turns":8},{"damage":24,"enemies":"Slavers","floor":30,"turns":7},{"damage":4,"enemies":"Cultist and Chosen","floor":31,"turns":9},{"damage":47,"enemies":"Champ","floor":33,"turns":22}],"seed_played":"-1648166284744091846","potions_obtained":[{"floor":7,"key":"Dexterity Potion"},{"floor":10,"key":"SkillPotion"},{"floor":16,"key":"Dexterity Potion"},{"floor":24,"key":"Energy Potion"},{"floor":25,"key":"FearPotion"},{"floor":30,"key":"Poison Potion"}],"is_trial":false,"path_per_floor":["M","?","?","$","?","R","M","R","T","M","M","E","$","E","R","B",null,"M","$","M","$","M","R","E","M","T","?","?","R","E","M","R","B"],"character_chosen":"THE_SILENT","items_purchased":["Predator","Lantern","Well Laid Plans","Backflip"],"campfire_rested":4,"item_purchase_floors":[4,13,21,21],"current_hp_per_floor":[51,44,44,44,33,52,52,52,52,52,52,36,36,35,35,1,50,44,44,41,41,22,42,35,7,7,7,7,31,9,5,29,0],"gold":195,"neow_bonus":"HUNDRED_GOLD","is_prod":false,"is_daily":false,"chose_seed":false,"campfire_upgraded":2,"win_rate":0,"timestamp":1562623980,"path_taken":["M","?","?","?","?","R","M","R","T","?","M","E","$","E","R","BOSS","M","$","M","$","M","R","E","M","T","?","?","R","E","M","R","BOSS"],"build_version":"2019-07-05","purchased_purges":1,"victory":false,"max_hp_per_floor":[66,66,66,66,66,66,66,66,66,66,66,66,66,66,66,66,66,68,68,68,68,68,68,80,80,80,80,80,80,82,82,82,82],"card_choices":[{"not_picked":["Dodge and Roll","Bane"],"picked":"PiercingWail","floor":1},{"not_picked":["Cloak And Dagger","Reflex"],"picked":"Dagger Spray","floor":7},{"not_picked":["Catalyst","Eviscerate"],"picked":"Dash","floor":10},{"not_picked":["Adrenaline","Finisher"],"picked":"Footwork","floor":11},{"not_picked":["Accuracy","Cloak And Dagger"],"picked":"Poisoned Stab","floor":12},{"not_picked":["Unload","Poisoned Stab"],"picked":"Dagger Throw","floor":14},{"not_picked":["A Thousand Cuts","Corpse Explosion"],"picked":"Malaise","floor":16},{"not_picked":["Underhanded Strike","Noxious Fumes","Bane"],"picked":"Singing Bowl","floor":18},{"not_picked":["Acrobatics","Expertise"],"picked":"Blur","floor":20},{"not_picked":["Slice","Acrobatics+1"],"picked":"Bane+1","floor":22},{"not_picked":["Flying Knee","Riddle With Holes","Outmaneuver"],"picked":"Singing Bowl","floor":24},{"not_picked":["Dagger Spray","Slice"],"picked":"Crippling Poison","floor":25},{"not_picked":["PiercingWail","Escape Plan","Caltrops"],"picked":"Singing Bowl","floor":30},{"not_picked":["Prepared","All Out Attack"],"picked":"Footwork+1","floor":31}],"player_experience":1152702,"relics_obtained":[{"floor":9,"key":"Singing Bowl"},{"floor":12,"key":"Ice Cream"},{"floor":14,"key":"Bottled Tornado"},{"floor":24,"key":"Pear"},{"floor":26,"key":"Incense Burner"},{"floor":30,"key":"Kunai"}],"event_choices":[{"cards_removed":["Strike_G"],"damage_healed":0,"gold_gain":0,"player_choice":"Card Removal","damage_taken":7,"max_hp_gain":0,"max_hp_loss":0,"event_name":"Golden Wing","floor":2,"gold_loss":0},{"damage_healed":0,"gold_gain":0,"cards_transformed":["Strike_G"],"player_choice":"Change","damage_taken":0,"max_hp_gain":0,"max_hp_loss":0,"event_name":"Living Wall","floor":3,"gold_loss":0,"cards_obtained":["Adrenaline"]},{"damage_healed":0,"gold_gain":75,"player_choice":"Gather Gold","damage_taken":11,"max_hp_gain":0,"max_hp_loss":0,"event_name":"World of Goop","floor":5,"gold_loss":0},{"damage_healed":0,"gold_gain":0,"player_choice":"Ignored","damage_taken":0,"max_hp_gain":0,"max_hp_loss":0,"event_name":"Vampires","floor":27,"gold_loss":0},{"damage_healed":0,"gold_gain":0,"player_choice":"Smashed Altar","damage_taken":0,"max_hp_gain":0,"max_hp_loss":0,"event_name":"Forgotten Altar","floor":28,"gold_loss":0,"cards_obtained":["Decay"]}],"is_beta":false,"boss_relics":[{"not_picked":["Eternal Feather","HoveringKite"],"picked":"Pandora\u0027s Box"}],"items_purged_floors":[4],"is_endless":false,"potions_floor_spawned":[7,10,16,20,24,25,30],"killed_by":"Champ","ascension_level":15}