{"gold_per_floor":[110,126,136,101,12,44,44,5,5,25,25,25],"floor_reached":12,"playtime":385,"items_purged":[],"score":156,"play_id":"4ac16d88-121f-4915-841f-fec25295ca5a","local_time":"20190531004056","is_ascension_mode":true,"campfire_choices":[{"floor":7,"key":"DIG"},{"floor":11,"key":"DIG"}],"neow_cost":"PERCENT_DAMAGE","seed_source_timestamp":1142116734180398,"circlet_count":0,"master_deck":["AscendersBane","Strike_B","Strike_B","Strike_B","Strike_B","Defend_B","Defend_B","Defend_B","Defend_B","Zap","Dualcast","Ball Lightning","Chaos","Defragment","Scrape","Ball Lightning","Force Field","Steam"],"special_seed":0,"relics":["Cracked Core","Mango","Shovel","Shuriken","Happy Flower"],"potions_floor_usage":[3],"damage_taken":[{"damage":12.0,"enemies":"Small Slimes","floor":1.0,"turns":4.0},{"damage":0.0,"enemies":"Cultist","floor":2.0,"turns":3.0},{"damage":4,"enemies":"2 Louse","floor":3,"turns":2},{"damage":44,"enemies":"Gremlin Nob","floor":6,"turns":4},{"damage":5,"enemies":"Gremlin Gang","floor":10,"turns":4},{"damage":17,"enemies":"Lots of Slimes","floor":12,"turns":2}],"seed_played":"-4200773936489533330","potions_obtained":[{"floor":1.0,"key":"Block Potion"},{"floor":10,"key":"FearPotion"}],"is_trial":false,"path_per_floor":["M","M","M","?","$","E","R","$","T","M","R","M"],"character_chosen":"DEFECT","items_purchased":["Scrape","Force Field"],"campfire_rested":0,"item_purchase_floors":[5,8],"current_hp_per_floor":[48,48,44,65,65,21,21,21,21,16,16,0],"gold":25,"neow_bonus":"ONE_RARE_RELIC","is_prod":false,"is_daily":false,"chose_seed":false,"campfire_upgraded":0,"win_rate":0,"timestamp":1559256056,"path_taken":["M","M","M","?","$","E","R","$","T","M","R","M"],"build_version":"2019-01-23","purchased_purges":0,"victory":false,"max_hp_per_floor":[85,85,85,85,85,85,85,85,85,85,85,85],"card_choices":[{"not_picked":["Capacitor","Skim"],"picked":"Ball Lightning","floor":1.0},{"not_picked":["Heatsinks","Reprogram"],"picked":"Chaos","floor":2.0},{"not_picked":["Scrape","Compile Driver"],"picked":"Defragment","floor":3},{"not_picked":["Beam Cell","Cold Snap"],"picked":"Ball Lightning","floor":6},{"not_picked":["Sweeping Beam","Consume"],"picked":"Steam","floor":10}],"player_experience":812938,"relics_obtained":[{"floor":6,"key":"Shovel"},{"floor":7,"key":"Shuriken"},{"floor":11,"key":"Happy Flower"}],"event_choices":[{"damage_healed":21,"gold_gain":0,"player_choice":"Healed","damage_taken":0,"max_hp_gain":0,"max_hp_loss":0,"event_name":"The Cleric","floor":4,"gold_loss":35}],"is_beta":false,"boss_relics":[],"items_purged_floors":[],"is_endless":false,"potions_floor_spawned":[1,10],"killed_by":"Lots of Slimes","ascension_level":20}