{"gold_per_floor":[11,25,25,0,0,25,25,55,78,78,96,111,143,163,163,260,260,277,288,137,137,37,37,66,66,89,122,152,152,171,191,191,191],"floor_reached":33,"playtime":4139,"items_purged":["Pain","Strike_B"],"score":424,"play_id":"11fbf55d-7f16-4f4c-bd06-f23a5ff6bdf0","local_time":"20180823221145","is_ascension_mode":true,"campfire_choices":[{"data":"Zap","floor":7,"key":"SMITH"},{"floor":10,"key":"REST"},{"floor":15,"key":"REST"},{"data":"Genetic Algorithm","floor":23,"key":"SMITH"},{"floor":25,"key":"REST"},{"floor":29,"key":"REST"},{"data":"Loop","floor":32,"key":"SMITH"}],"neow_cost":"NO_GOLD","seed_source_timestamp":469208679766537,"circlet_count":0,"master_deck":["Defend_B","Defend_B","Defend_B","Defend_B","Zap+1","Dualcast","Defragment+1","Ball Lightning","Coolheaded","Cold Snap","Streamline","Steam","Rainbow","Loop+1","Echo Form","Hologram+1","Genetic Algorithm+1","Sweeping Beam+1","Conserve Battery","Self Repair","Chill+1","Normality","Go for the Eyes+1","Compile Driver+1"],"relics":["Cracked Core","Omamori","Centennial Puzzle","Anchor","Molten Egg 2","Calling Bell","Strawberry","Ornamental Fan","Thread and Needle","Question Card","Ancient Tea Set","Art of War","Tiny Chest"],"potions_floor_usage":[6,16,18,24],"damage_taken":[{"damage":2,"enemies":"2 Louse","floor":1,"turns":2},{"damage":1,"enemies":"Jaw Worm","floor":2,"turns":4},{"damage":22,"enemies":"Gremlin Nob","floor":6,"turns":4},{"damage":28,"enemies":"3 Sentries","floor":8,"turns":7},{"damage":0,"enemies":"Small Slimes","floor":11,"turns":2},{"damage":0,"enemies":"Red Slaver","floor":12,"turns":3},{"damage":12,"enemies":"Lagavulin","floor":13,"turns":5},{"damage":0,"enemies":"Large Slime","floor":14,"turns":3},{"damage":12,"enemies":"Hexaghost","floor":16,"turns":9},{"damage":3,"enemies":"2 Thieves","floor":18,"turns":3},{"damage":14,"enemies":"Shell Parasite","floor":19,"turns":5},{"damage":14,"enemies":"Gremlin Leader","floor":24,"turns":6},{"damage":59,"enemies":"Book of Stabbing","floor":27,"turns":9},{"damage":4,"enemies":"Snake Plant","floor":30,"turns":5},{"damage":13,"enemies":"Cultist and Chosen","floor":31,"turns":6},{"damage":27,"enemies":"Collector","floor":33,"turns":6}],"seed_played":"-275316897401913499","potions_obtained":[{"floor":1,"key":"FearPotion"},{"floor":8,"key":"Fire Potion"},{"floor":12,"key":"Explosive Potion"},{"floor":14,"key":"Block Potion"},{"floor":18,"key":"PowerPotion"},{"floor":27,"key":"FearPotion"},{"floor":31,"key":"Poison Potion"}],"is_trial":false,"path_per_floor":["M","M","?","$","?","E","R","E","T","R","M","M","E","M","R","B",null,"M","M","$","?","$","R","E","R","T","E","?","R","M","M","R"],"character_chosen":"DEFECT","items_purchased":["Ball Lightning","Sweeping Beam+1","Conserve Battery"],"campfire_rested":4,"item_purchase_floors":[4,20,20],"current_hp_per_floor":[66,65,65,65,65,43,43,15,15,37,37,37,25,25,47,35,72,69,55,55,55,55,55,41,65,65,6,6,30,33,27,27,0],"gold":191,"neow_bonus":"REMOVE_TWO","is_prod":false,"is_daily":false,"chose_seed":false,"campfire_upgraded":3,"win_rate":0,"timestamp":1535058705,"path_taken":["M","M","?","$","?","E","R","E","T","R","M","M","E","M","R","BOSS","M","M","$","?","$","R","E","R","T","E","?","R","?","?","R","BOSS"],"build_version":"2018-08-16","purchased_purges":2,"victory":false,"max_hp_per_floor":[75,75,75,75,75,75,75,75,75,75,75,75,75,75,75,75,82,82,82,82,82,82,82,82,82,82,82,82,82,82,82,82,82],"card_choices":[{"not_picked":["Double Energy","Steam Power","Tempest"],"picked":"SKIP","floor":1},{"not_picked":["Coolheaded","Redo"],"picked":"Defragment","floor":2},{"not_picked":["Sweeping Beam","Aggregate"],"picked":"Coolheaded","floor":6},{"not_picked":["Stack","Turbo"],"picked":"Cold Snap","floor":8},{"not_picked":["Coolheaded","Heatsinks"],"picked":"Streamline","floor":11},{"not_picked":["Barrage","Gash"],"picked":"Steam","floor":12},{"not_picked":["Sweeping Beam","Ball Lightning"],"picked":"Rainbow","floor":13},{"not_picked":["Beam Cell+1","Scrape+1"],"picked":"Loop","floor":14},{"not_picked":["Machine Learning","Fission"],"picked":"Echo Form","floor":16},{"not_picked":["Barrage+1","Reprogram"],"picked":"Hologram+1","floor":18},{"not_picked":["Compile Driver+1","Hologram"],"picked":"Genetic Algorithm","floor":19},{"not_picked":["Recycle+1","Steam"],"picked":"Self Repair","floor":24},{"not_picked":["Darkness","Fusion","Sweeping Beam+1"],"picked":"Chill+1","floor":27},{"not_picked":["Turbo+1","Echo Form","Aggregate"],"picked":"Go for the Eyes+1","floor":30},{"not_picked":["Streamline+1","Gash+1","Rebound+1"],"picked":"Compile Driver+1","floor":31}],"player_experience":598162,"relics_obtained":[{"floor":6,"key":"Omamori"},{"floor":8,"key":"Centennial Puzzle"},{"floor":9,"key":"Anchor"},{"floor":13,"key":"Molten Egg 2"},{"floor":17,"key":"Strawberry"},{"floor":17,"key":"Ornamental Fan"},{"floor":17,"key":"Thread and Needle"},{"floor":24,"key":"Question Card"},{"floor":26,"key":"Ancient Tea Set"},{"floor":27,"key":"Art of War"}],"event_choices":[{"event_name":"Living Wall","player_choice":"Grow","floor":3,"damage_taken":0},{"event_name":"Purifier","player_choice":"One Purge","floor":5,"damage_taken":0},{"event_name":"Drug Dealer","player_choice":"Ignored","floor":21,"damage_taken":0},{"event_name":"Accursed Blacksmith","player_choice":"Rummage","floor":28,"damage_taken":0}],"is_beta":false,"boss_relics":[{"not_picked":["Velvet Choker","Philosopher\u0027s Stone"],"picked":"Calling Bell"}],"items_purged_floors":[20,22],"is_endless":false,"potions_floor_spawned":[1,8,12,14,18,27,31],"killed_by":"Collector","ascension_level":8}