{"path_per_floor":["M","M","M","M","?","E","R","M","T","$","M","$","?","E","R","B",null,"M","$","M","M","M","R","E","M","T","M","?"],"character_chosen":"THE_SILENT","items_purchased":["Bronze Scales","Prepared","Happy Flower"],"gold_per_floor":[112,125,138,152,152,181,181,197,244,68,87,87,87,121,121,225,225,236,93,103,117,127,127,153,172,172,187,112],"floor_reached":29,"campfire_rested":3,"playtime":2581,"current_hp_per_floor":[70,70,70,67,67,49,70,63,63,63,63,63,49,49,72,48,77,60,60,53,53,47,70,23,29,29,8,8],"items_purged":[],"gold":112,"play_id":"352d0861-c7d2-4a46-9c05-d9ff3880b344","is_prod":false,"is_daily":false,"campfire_rituals":0,"campfire_upgraded":0,"is_hardmode":false,"path_taken":["M","M","M","M","?","E","R","M","T","$","M","$","?","E","R","BOSS","M","$","M","M","M","R","E","M","T","M","?","M"],"build_version":"2018-01-11-PROD2","purchased_purges":1,"victory":false,"master_deck":["Defend_G","Defend_G","Defend_G","Defend_G","Strike_G","Strike_G","Strike_G","Strike_G","Survivor","Neutralize","Poisoned Stab","Flying Knee","Blade Dance","Dash","Blur","Prepared","Noxious Fumes","Prepared","Dagger Spray","Quick Slash","Envenom","Poisoned Stab","Flying Knee","Poisoned Stab","Masterful Stab","Blur","Masterful Stab","Quick Slash"],"max_hp_per_floor":[70,70,70,70,70,70,70,70,70,70,70,70,70,77,77,77,77,77,77,77,77,77,77,77,77,77,77,77],"relics":["Ring of the Snake","Vajra","Letter Opener","Prayer Wheel","Bronze Scales","Strawberry","Velvet Choker","Happy Flower","Matryoshka","Paper Crane","Pantograph"],"campfire_meditates":0,"card_choices":[{"not_picked":["Prepared","Quick Slash"],"picked":"Poisoned Stab"},{"not_picked":["Malaise","All Out Attack"],"picked":"Flying Knee"},{"not_picked":["Malaise","Dash"],"picked":"Blade Dance"},{"not_picked":["PiercingWail","Sucker Punch"],"picked":"Dash"},{"not_picked":["Acrobatics","Dagger Spray"],"picked":"Prepared"},{"not_picked":["Masterful Stab","Dagger Spray"],"picked":"Noxious Fumes"},{"not_picked":["Skewer","Dodge and Roll"],"picked":"Dagger Spray"},{"not_picked":["Corpse Explosion","Sucker Punch"],"picked":"Quick Slash"},{"not_picked":["Burst","Phantasmal Killer"],"picked":"Envenom"},{"not_picked":["PiercingWail","Calculated Gamble"],"picked":"Poisoned Stab"},{"not_picked":["Deflect","Dodge and Roll"],"picked":"Flying Knee"},{"not_picked":["Endless Agony","Bane"],"picked":"Poisoned Stab"},{"not_picked":["Dodge and Roll","Prepared"],"picked":"Masterful Stab"},{"not_picked":["Adrenaline","Heel Hook"],"picked":"Blur"},{"not_picked":["Outmaneuver","Sucker Punch"],"picked":"Masterful Stab"},{"not_picked":["Crippling Poison","Deflect"],"picked":"Quick Slash"}],"player_experience":19288,"potions_floor_usage":[14,14,25,25,27],"damage_taken":[{"damage":0,"enemies":"Small Slimes","floor":1,"turns":4},{"damage":0,"enemies":"2 Louse","floor":2,"turns":2},{"damage":0,"enemies":"Jaw Worm","floor":3,"turns":3},{"damage":3,"enemies":"Red Slaver","floor":4,"turns":4},{"damage":18,"enemies":"Lagavulin","floor":6,"turns":10},{"damage":7,"enemies":"Exordium Wildlife","floor":8,"turns":4},{"damage":0,"enemies":"Looter","floor":11,"turns":3},{"damage":7,"enemies":"Gremlin Nob","floor":14,"turns":4},{"damage":24,"enemies":"Slime Boss","floor":16,"turns":10},{"damage":17,"enemies":"Spheric Guardian","floor":18,"turns":3},{"damage":7,"enemies":"2 Thieves","floor":20,"turns":3},{"damage":0,"enemies":"Chosen and Byrds","floor":21,"turns":5},{"damage":6,"enemies":"3 Cultists","floor":22,"turns":4},{"damage":47,"enemies":"Gremlin Leader","floor":24,"turns":6},{"damage":9,"enemies":"Centurion and Healer","floor":25,"turns":6},{"damage":21,"enemies":"Snake Plant","floor":27,"turns":3},{"damage":12,"enemies":"Snecko","floor":29,"turns":3}],"event_choices":[{"event_name":"Living Wall","player_choice":"Change","floor":5,"damage_taken":0},{"event_name":"Shining Light","player_choice":"Entered Light","floor":13,"damage_taken":0},{"event_name":"Beggar","player_choice":"Gave Gold","floor":28,"damage_taken":0}],"boss_relics":[{"not_picked":["Philosopher\u0027s Stone","Tiny House"],"picked":"Velvet Choker"}],"potions_floor_spawned":[2,8,11,18,24],"seed_played":"5353618521973898180","killed_by":"Snecko","is_trial":false}