{"gold_per_floor":[115,135,150,325,343,343,368,368,368,368,398,398,398,413,413,516,516,528,546,242,258,269,269,280,280,303,303,303,330,330,346,346,451,451,470,517,448,448,15,40,40,40,65,65,65,65,165,176,176,176],"floor_reached":51,"playtime":3155,"items_purged":["Doubt"],"score":1150,"play_id":"a0905483-1d12-4756-b931-ff0143827f69","local_time":"20190220190042","is_ascension_mode":true,"campfire_choices":[{"data":"Zap","floor":6,"key":"SMITH"},{"data":"Conserve Battery","floor":10,"key":"SMITH"},{"data":"Double Energy","floor":12,"key":"SMITH"},{"data":"Go for the Eyes","floor":15,"key":"SMITH"},{"data":"Creative AI","floor":23,"key":"SMITH"},{"data":"Buffer","floor":25,"key":"SMITH"},{"data":"Chaos","floor":27,"key":"SMITH"},{"data":"Rainbow","floor":30,"key":"SMITH"},{"floor":32,"key":"REST"},{"data":"Consume","floor":41,"key":"SMITH"},{"data":"Conserve Battery","floor":42,"key":"SMITH"},{"data":"Static Discharge","floor":44,"key":"SMITH"},{"floor":45,"key":"REST"},{"floor":49,"key":"REST"}],"neow_cost":"NONE","seed_source_timestamp":52537647568000,"circlet_count":0,"master_deck":["AscendersBane","Zap+1","Dualcast","Conserve Battery+1","Go for the Eyes+1","Double Energy+1","Coolheaded","Sweeping Beam+1","Static Discharge+1","Conserve Battery+1","Buffer+1","Go for the Eyes","Chill","Barrage","Melter","Consume+1","Auto Shields+1","Gash+1","Creative AI+1","Chaos+1","Reinforced Body","Coolheaded+1","Compile Driver+1","Sweeping Beam+1","Rainbow+1","Beam Cell","All For One+1","Capacitor+1","FTL","Ball Lightning","Aggregate+1","Capacitor+1","Barrage"],"relics":["Cracked Core","Anchor","Meat on the Bone","Pocketwatch","Pandora\u0027s Box","PreservedInsect","Oddly Smooth Stone","Empty Cage","WingedGreaves","Ginger","Vajra","Whetstone","Peace Pipe"],"potions_floor_usage":[7,16,18,21,24,36,36,50,50],"damage_taken":[{"damage":1,"enemies":"Cultist","floor":1,"turns":4},{"damage":5,"enemies":"Jaw Worm","floor":2,"turns":4},{"damage":7,"enemies":"2 Louse","floor":3,"turns":3},{"damage":9,"enemies":"Exordium Wildlife","floor":5,"turns":3},{"damage":14,"enemies":"Lagavulin","floor":7,"turns":9},{"damage":45,"enemies":"3 Sentries","floor":11,"turns":21},{"damage":4,"enemies":"3 Louse","floor":14,"turns":3},{"damage":23,"enemies":"The Guardian","floor":16,"turns":18},{"damage":0,"enemies":"Shell Parasite","floor":18,"turns":7},{"damage":3,"enemies":"3 Byrds","floor":19,"turns":5},{"damage":23,"enemies":"Shelled Parasite and Fungi","floor":21,"turns":8},{"damage":12,"enemies":"Centurion and Healer","floor":22,"turns":7},{"damage":16,"enemies":"Snecko","floor":24,"turns":7},{"damage":10,"enemies":"Gremlin Leader","floor":29,"turns":8},{"damage":9,"enemies":"Cultist and Chosen","floor":31,"turns":6},{"damage":0,"enemies":"Champ","floor":33,"turns":16},{"damage":0,"enemies":"3 Shapes","floor":35,"turns":5},{"damage":73,"enemies":"2 Orb Walkers","floor":36,"turns":6},{"damage":58,"enemies":"Nemesis","floor":40,"turns":7},{"damage":18,"enemies":"Mind Bloom Boss Battle","floor":47,"turns":5},{"damage":8,"enemies":"3 Darklings","floor":48,"turns":6},{"damage":47,"enemies":"Donu and Deca","floor":50,"turns":11}],"seed_played":"-4065733838146636848","potions_obtained":[{"floor":5,"key":"Swift Potion"},{"floor":14,"key":"Dexterity Potion"},{"floor":16,"key":"GamblersBrew"},{"floor":19,"key":"Regen Potion"},{"floor":22,"key":"AttackPotion"},{"floor":29,"key":"Poison Potion"},{"floor":31,"key":"AttackPotion"},{"floor":40,"key":"Strength Potion"}],"is_trial":false,"path_per_floor":["M","M","M","?","M","R","E","?","T","R","E","R","?","M","R","B",null,"M","M","$","M","M","R","M","R","T","R","?","E","R","M","R","B",null,"M","?","$","?","$","E","R","R","T","R","R","?","?","M","R","B",null],"character_chosen":"DEFECT","items_purchased":["Creative AI","Chaos","Reinforced Body","FTL","Ginger","Ball Lightning","FocusPotion"],"campfire_rested":3,"item_purchase_floors":[20,20,20,37,39,39,39],"current_hp_per_floor":[74,69,62,62,53,53,39,66,66,66,33,33,33,41,41,30,69,69,66,66,58,46,46,42,42,42,42,26,28,28,31,57,57,80,80,19,19,76,76,30,30,30,30,30,52,52,46,50,72,37],"gold":176,"neow_bonus":"TEN_PERCENT_HP_BONUS","is_prod":false,"is_daily":false,"chose_seed":false,"campfire_upgraded":11,"win_rate":0,"timestamp":1550685642,"path_taken":["M","M","M","?","M","R","E","?","T","R","E","R","?","M","R","BOSS","M","M","$","M","M","R","M","R","T","R","?","E","R","M","R","BOSS","M","?","$","?","$","E","R","R","T","R","R","?","?","?","R","BOSS"],"build_version":"2019-01-23","purchased_purges":1,"victory":true,"max_hp_per_floor":[82,82,82,82,82,82,82,82,82,82,82,82,82,82,82,82,82,82,82,82,82,82,82,82,82,82,82,87,87,87,87,87,87,87,87,87,87,76,76,76,76,76,76,76,76,76,76,76,76,76],"card_choices":[{"not_picked":["Compile Driver","FTL"],"picked":"Cold Snap","floor":1},{"not_picked":["Gash","Capacitor"],"picked":"Conserve Battery","floor":2},{"not_picked":["Heatsinks","Rip and Tear"],"picked":"Go for the Eyes","floor":3},{"not_picked":["Storm","Leap"],"picked":"Double Energy","floor":5},{"not_picked":["Reinforced Body","Conserve Battery"],"picked":"Coolheaded","floor":7},{"not_picked":["Go for the Eyes","Machine Learning"],"picked":"Sweeping Beam","floor":11},{"not_picked":["Hello World","Genetic Algorithm"],"picked":"Conserve Battery","floor":14},{"not_picked":["Creative AI","Meteor Strike"],"picked":"Buffer","floor":16},{"not_picked":["Redo+1","Rebound"],"picked":"Auto Shields+1","floor":18},{"not_picked":["Steam","Stack"],"picked":"Gash+1","floor":19},{"not_picked":["Double Energy","Barrage"],"picked":"Coolheaded+1","floor":21},{"not_picked":["Steam","Hologram"],"picked":"Compile Driver+1","floor":22},{"not_picked":["Rebound","Darkness+1"],"picked":"Sweeping Beam+1","floor":24},{"not_picked":["Coolheaded+1","Sweeping Beam"],"picked":"Rainbow","floor":29},{"not_picked":["Skim","Turbo"],"picked":"Beam Cell","floor":31},{"not_picked":["Creative AI","Hyperbeam"],"picked":"All For One","floor":33},{"not_picked":["Consume+1","Chill+1","Cold Snap+1"],"picked":"SKIP","floor":35},{"not_picked":["Sweeping Beam","Auto Shields"],"picked":"Capacitor+1","floor":36},{"not_picked":["Conserve Battery","Cold Snap"],"picked":"Aggregate+1","floor":40},{"not_picked":["Barrage","Streamline+1"],"picked":"Capacitor+1","floor":47},{"not_picked":["Cold Snap","Ball Lightning+1"],"picked":"Barrage","floor":48}],"player_experience":808999,"relics_obtained":[{"floor":7,"key":"Anchor"},{"floor":9,"key":"Meat on the Bone"},{"floor":11,"key":"Pocketwatch"},{"floor":26,"key":"PreservedInsect"},{"floor":29,"key":"Oddly Smooth Stone"},{"floor":36,"key":"WingedGreaves"},{"floor":40,"key":"Vajra"},{"floor":43,"key":"Whetstone"},{"floor":47,"key":"Peace Pipe"}],"event_choices":[{"damage_healed":0,"gold_gain":175,"player_choice":"AGREE","damage_taken":0,"max_hp_gain":0,"max_hp_loss":0,"event_name":"Liars Game","floor":4,"gold_loss":0,"cards_obtained":["Doubt"]},{"damage_healed":27,"gold_gain":0,"player_choice":"Banana","damage_taken":0,"max_hp_gain":0,"max_hp_loss":0,"event_name":"Big Fish","floor":8,"gold_loss":0},{"damage_healed":0,"gold_gain":0,"cards_transformed":["Strike_B"],"player_choice":"Change","damage_taken":0,"max_hp_gain":0,"max_hp_loss":0,"event_name":"Living Wall","floor":13,"gold_loss":0,"cards_obtained":["Static Discharge"]},{"damage_healed":0,"gold_gain":0,"player_choice":"Shed Blood","damage_taken":21,"max_hp_gain":5,"max_hp_loss":0,"event_name":"Forgotten Altar","floor":28,"gold_loss":0},{"damage_healed":0,"gold_gain":0,"player_choice":"Fight","damage_taken":0,"max_hp_gain":0,"max_hp_loss":0,"event_name":"Mysterious Sphere","floor":36,"gold_loss":0},{"damage_healed":76,"gold_gain":0,"player_choice":"Heal","damage_taken":0,"max_hp_gain":0,"max_hp_loss":11,"event_name":"The Moai Head","floor":38,"gold_loss":0},{"cards_removed":["Cold Snap"],"damage_healed":0,"gold_gain":0,"player_choice":"Removed Attack","damage_taken":0,"max_hp_gain":0,"max_hp_loss":0,"event_name":"Falling","floor":46,"gold_loss":0},{"damage_healed":0,"gold_gain":0,"player_choice":"Fight","damage_taken":0,"max_hp_gain":0,"max_hp_loss":0,"event_name":"MindBloom","floor":47,"gold_loss":0}],"is_beta":false,"boss_relics":[{"not_picked":["Sozu","Ectoplasm"],"picked":"Pandora\u0027s Box"},{"not_picked":["Tiny House","Calling Bell"],"picked":"Empty Cage"}],"items_purged_floors":[20],"is_endless":false,"potions_floor_spawned":[5,14,16,19,22,29,31,40,47,48],"ascension_level":11}