{"gold_per_floor":[113,2,13,88,14,14,49,49,49,75,75,108,119,139,139,242,242,254,254,354,366,382,382,382,25,25,25,60,60,94,94,94,192,192,206,206,9,109,127,127,127,127,151,151,161,36,47,57,57,57],"floor_reached":50,"playtime":3534,"items_purged":["Regret","Writhe","Choke"],"score":741,"play_id":"9b1b2283-37e0-4655-a0c4-cd993e1e2b74","local_time":"20180907162813","is_ascension_mode":true,"campfire_choices":[{"data":"Skewer","floor":6,"key":"SMITH"},{"floor":8,"key":"REST"},{"floor":15,"key":"REST"},{"data":"Noxious Fumes","floor":23,"key":"SMITH"},{"floor":27,"key":"REST"},{"floor":29,"key":"REST"},{"floor":32,"key":"REST"},{"data":"Neutralize","floor":40,"key":"SMITH"},{"data":"Calculated Gamble","floor":44,"key":"SMITH"},{"data":"Malaise","floor":49,"key":"SMITH"}],"neow_cost":"CURSE","seed_source_timestamp":1745242442100292,"circlet_count":0,"master_deck":["Survivor","Neutralize+1","AscendersBane","Corpse Explosion","Calculated Gamble+1","Dash+1","Skewer+1","Quick Slash","PiercingWail","Envenom","Crippling Poison","Footwork","Distraction","Finisher","Underhanded Strike","Bane","Distraction","Flechettes","Dagger Throw","Sucker Punch","Noxious Fumes+1","Dodge and Roll","Bullet Time","Crippling Poison+1","Malaise+1","Expertise","Footwork"],"relics":["Ring of the Snake","Lantern","Boot","Oddly Smooth Stone","Orichalcum","Pandora\u0027s Box","MutagenicStrength","StoneCalendar","Blue Candle","Tough Bandages","TwistedFunnel","Nunchaku","Juzu Bracelet","Omamori","Cursed Key","Chemical X","Bird Faced Urn","Blood Vial"],"potions_floor_usage":[12,16,16,16,28,30,33,33,47,50,50],"damage_taken":[{"damage":11,"enemies":"Jaw Worm","floor":1,"turns":5},{"damage":0,"enemies":"2 Louse","floor":3,"turns":2},{"damage":20,"enemies":"Gremlin Nob","floor":7,"turns":5},{"damage":22,"enemies":"Lagavulin","floor":10,"turns":6},{"damage":7,"enemies":"Gremlin Nob","floor":12,"turns":5},{"damage":0,"enemies":"Small Slimes","floor":13,"turns":2},{"damage":0,"enemies":"2 Fungi Beasts","floor":14,"turns":2},{"damage":29,"enemies":"Hexaghost","floor":16,"turns":16},{"damage":0,"enemies":"3 Byrds","floor":18,"turns":3},{"damage":12,"enemies":"Colosseum Slavers","floor":20,"turns":4},{"damage":14,"enemies":"Colosseum Nobs","floor":20,"turns":3},{"damage":7,"enemies":"2 Thieves","floor":21,"turns":4},{"damage":4,"enemies":"Centurion and Healer","floor":22,"turns":4},{"damage":32,"enemies":"Book of Stabbing","floor":28,"turns":7},{"damage":14,"enemies":"Slavers","floor":30,"turns":4},{"damage":33,"enemies":"Collector","floor":33,"turns":7},{"damage":0,"enemies":"3 Darklings","floor":35,"turns":2},{"damage":0,"enemies":"Orb Walker","floor":39,"turns":2},{"damage":0,"enemies":"Mind Bloom Boss Battle","floor":41,"turns":7},{"damage":13,"enemies":"Spire Growth","floor":45,"turns":4},{"damage":9,"enemies":"3 Darklings","floor":47,"turns":3},{"damage":1,"enemies":"Transient","floor":48,"turns":5},{"damage":74,"enemies":"Donu and Deca","floor":50,"turns":6}],"seed_played":"-294839218119464425","potions_obtained":[{"floor":1,"key":"SteroidPotion"},{"floor":7,"key":"SteroidPotion"},{"floor":12,"key":"GhostInAJar"},{"floor":18,"key":"Regen Potion"},{"floor":21,"key":"Fire Potion"},{"floor":28,"key":"SneckoOil"},{"floor":30,"key":"Energy Potion"},{"floor":41,"key":"GamblersBrew"},{"floor":45,"key":"SpeedPotion"}],"is_trial":false,"path_per_floor":["M","$","M","?","$","R","E","R","T","E","?","E","M","M","R","B",null,"M","?","?","M","M","R","?","$","T","R","E","R","E","?","R","B",null,"M","?","$","?","M","R","?","?","T","R","M","$","M","M","R"],"character_chosen":"THE_SILENT","items_purchased":["Dash","GhostInAJar","TwistedFunnel","Dexterity Potion","Chemical X"],"campfire_rested":5,"item_purchase_floors":[2,5,25,25,37],"current_hp_per_floor":[52,52,52,41,41,41,21,42,42,20,20,13,13,13,34,5,54,54,54,28,21,17,17,17,17,17,38,21,42,28,28,49,16,57,57,57,57,57,57,57,57,57,57,57,52,52,49,54,54,0],"gold":57,"neow_bonus":"THREE_RARE_CARDS","is_prod":false,"is_daily":false,"chose_seed":false,"campfire_upgraded":5,"win_rate":0,"timestamp":1536334093,"path_taken":["M","$","M","?","$","R","E","R","T","E","?","E","M","M","R","BOSS","M","?","?","?","M","R","?","?","T","R","E","R","E","?","R","BOSS","M","?","$","?","M","R","?","?","T","R","M","$","M","M","R","BOSS"],"build_version":"2018-09-06","purchased_purges":3,"victory":false,"max_hp_per_floor":[70,70,70,70,70,70,70,70,70,70,70,70,70,70,70,70,70,70,70,70,70,70,70,70,70,70,70,70,70,70,70,70,70,70,70,70,70,70,70,70,70,70,70,70,70,70,70,70,70,70],"card_choices":[{"not_picked":["Storm of Steel","Burst"],"picked":"Corpse Explosion","floor":0},{"not_picked":["Quick Slash","Prepared"],"picked":"Calculated Gamble","floor":1},{"not_picked":["Setup","Cloak And Dagger"],"picked":"Skewer","floor":3},{"not_picked":["Dagger Spray","Night Terror"],"picked":"Blur","floor":7},{"not_picked":["Poisoned Stab","Accuracy"],"picked":"Quick Slash","floor":10},{"not_picked":["Endless Agony","Accuracy"],"picked":"PiercingWail","floor":12},{"not_picked":["Prepared","Underhanded Strike","Sucker Punch"],"picked":"SKIP","floor":13},{"not_picked":["Bane","Poisoned Stab","Deadly Poison"],"picked":"SKIP","floor":14},{"not_picked":["Glass Knife","Storm of Steel"],"picked":"Envenom","floor":16},{"not_picked":["Bane","Deadly Poison"],"picked":"Sucker Punch","floor":18},{"not_picked":["All Out Attack","Flechettes"],"picked":"Noxious Fumes","floor":21},{"not_picked":["Quick Slash","Cloak And Dagger"],"picked":"Dodge and Roll","floor":22},{"not_picked":["Eviscerate","Finisher"],"picked":"Bullet Time","floor":28},{"not_picked":["Concentrate","Tactician+1"],"picked":"Crippling Poison+1","floor":30},{"not_picked":["Night Terror","Adrenaline"],"picked":"Malaise","floor":33},{"not_picked":["Underhanded Strike","Blade Dance"],"picked":"Expertise","floor":35},{"not_picked":["Heel Hook+1","Deadly Poison+1","Slice"],"picked":"SKIP","floor":39},{"not_picked":["Dagger Spray+1","Outmaneuver+1"],"picked":"Footwork","floor":41},{"not_picked":["Flying Knee+1","Deflect+1","Outmaneuver"],"picked":"SKIP","floor":45},{"not_picked":["Deadly Poison","Backflip+1","Tactician"],"picked":"SKIP","floor":47},{"not_picked":["Backflip","Reflex","PiercingWail"],"picked":"SKIP","floor":48}],"player_experience":657368,"relics_obtained":[{"floor":7,"key":"Lantern"},{"floor":9,"key":"Boot"},{"floor":10,"key":"Oddly Smooth Stone"},{"floor":12,"key":"Orichalcum"},{"floor":20,"key":"StoneCalendar"},{"floor":20,"key":"Blue Candle"},{"floor":26,"key":"Nunchaku"},{"floor":28,"key":"Juzu Bracelet"},{"floor":30,"key":"Omamori"},{"floor":41,"key":"Bird Faced Urn"},{"floor":43,"key":"Blood Vial"}],"event_choices":[{"event_name":"World of Goop","player_choice":"Gather Gold","floor":4,"damage_taken":0},{"event_name":"Accursed Blacksmith","player_choice":"Forge","floor":11,"damage_taken":0},{"event_name":"Drug Dealer","player_choice":"Inject Mutagens","floor":19,"damage_taken":0},{"event_name":"Colosseum","player_choice":"Fight","floor":20,"damage_taken":0},{"event_name":"Colosseum","player_choice":"Fought Nobs","floor":20,"damage_taken":0},{"event_name":"The Mausoleum","player_choice":"Yes","floor":24,"damage_taken":0},{"event_name":"Vampires","player_choice":"Ignored","floor":31,"damage_taken":0},{"event_name":"Tomb of Lord Red Mask","player_choice":"Ignored","floor":36,"damage_taken":0},{"event_name":"Golden Shrine","player_choice":"Pray","floor":38,"damage_taken":0},{"event_name":"MindBloom","player_choice":"Fight","floor":41,"damage_taken":0},{"event_name":"Falling","player_choice":"Removed Skill","floor":42,"damage_taken":0}],"is_beta":false,"boss_relics":[{"not_picked":["Ectoplasm","Busted Crown"],"picked":"Pandora\u0027s Box"},{"not_picked":["Calling Bell","Philosopher\u0027s Stone"],"picked":"Cursed Key"}],"items_purged_floors":[2,25,46],"is_endless":false,"potions_floor_spawned":[1,7,12,13,18,21,28,30,41,45],"killed_by":"Donu and Deca","ascension_level":10}