{"gold_per_floor":[110,127,202,214,214,246,246,246,246,272,272,336,350,368,368,469,469,469,469,469],"floor_reached":20,"playtime":476,"items_purged":[],"score":222,"play_id":"f396ed0f-3cc2-4eb4-b2c8-0b7eefdbb3bb","local_time":"20190915230222","is_ascension_mode":false,"campfire_choices":[{"data":"Zap","floor":7,"key":"SMITH"},{"data":"Hologram","floor":11,"key":"SMITH"},{"data":"Go for the Eyes","floor":15,"key":"SMITH"}],"neow_cost":"NONE","seed_source_timestamp":14459321664486,"circlet_count":0,"master_deck":["Strike_B","Strike_B","Strike_B+1","Defend_B","Defend_B","Defend_B","Defend_B","Zap+1","Dualcast+1","Go for the Eyes+1","Leap","Conserve Battery","Doom and Gloom","Hologram+1","Leap","Ball Lightning","Conserve Battery","Seek","Steam+1","Writhe"],"relics":["Cracked Core","Bronze Scales","Odd Mushroom","Singing Bowl","Ectoplasm","Boot"],"potions_floor_usage":[6,10,12,16],"damage_taken":[{"damage":1,"enemies":"Cultist","floor":1,"turns":4},{"damage":0,"enemies":"2 Louse","floor":2,"turns":2},{"damage":0,"enemies":"Small Slimes","floor":4,"turns":3},{"damage":10,"enemies":"Lagavulin","floor":6,"turns":9},{"damage":0,"enemies":"The Mushroom Lair","floor":10,"turns":2},{"damage":5,"enemies":"Lagavulin Event","floor":12,"turns":5},{"damage":0,"enemies":"3 Louse","floor":13,"turns":1},{"damage":0,"enemies":"Blue Slaver","floor":14,"turns":2},{"damage":0,"enemies":"The Guardian","floor":16,"turns":9},{"damage":0,"enemies":"3 Byrds","floor":18,"turns":3},{"damage":0,"enemies":"Spheric Guardian","floor":20,"turns":2}],"seed_played":"-6655016227460124680","potions_obtained":[{"floor":1,"key":"EntropicBrew"},{"floor":6,"key":"Explosive Potion"},{"floor":12,"key":"Ancient Potion"},{"floor":14,"key":"Poison Potion"},{"floor":16,"key":"Swift Potion"}],"is_trial":false,"path_per_floor":["M","M","?","M","?","E","R","?","T","?","R","?","M","M","R","B",null,"M","?","M"],"character_chosen":"DEFECT","items_purchased":[],"campfire_rested":0,"item_purchase_floors":[],"current_hp_per_floor":[74,74,63,63,68,58,58,42,42,42,42,37,37,37,37,37,80,80,80,80],"gold":469,"neow_bonus":"REMOVE_CARD","is_prod":false,"is_daily":false,"chose_seed":false,"campfire_upgraded":3,"win_rate":0,"timestamp":1568610142,"path_taken":["M","M","?","M","?","E","R","?","T","?","R","?","M","?","R","BOSS","M","?","M"],"build_version":"2019-09-12","purchased_purges":0,"victory":false,"max_hp_per_floor":[75,75,75,75,80,80,80,80,80,80,80,80,80,80,80,80,80,80,80,80],"card_choices":[{"not_picked":["Skim","Beam Cell"],"picked":"Go for the Eyes","floor":1},{"not_picked":["Go for the Eyes","Streamline"],"picked":"Leap","floor":2},{"not_picked":["Hologram","Leap"],"picked":"Conserve Battery","floor":4},{"not_picked":["Darkness","Stack"],"picked":"Doom and Gloom","floor":6},{"not_picked":["Gash","Steam"],"picked":"Hologram","floor":10},{"not_picked":["Steam","Compile Driver"],"picked":"Leap","floor":12},{"not_picked":["Compile Driver","Rebound"],"picked":"Ball Lightning","floor":13},{"not_picked":["Gash","Auto Shields"],"picked":"Conserve Battery","floor":14},{"not_picked":["Fission","Meteor Strike"],"picked":"Seek","floor":16},{"not_picked":["Storm","Compile Driver"],"picked":"Steam+1","floor":18}],"player_experience":1539561,"relics_obtained":[{"floor":9,"key":"Bronze Scales"},{"floor":10,"key":"Odd Mushroom"},{"floor":12,"key":"Singing Bowl"}],"event_choices":[{"damage_healed":0,"gold_gain":75,"player_choice":"Gather Gold","damage_taken":11,"max_hp_gain":0,"max_hp_loss":0,"event_name":"World of Goop","floor":3,"gold_loss":0},{"damage_healed":0,"gold_gain":0,"player_choice":"Donut","damage_taken":0,"max_hp_gain":5,"max_hp_loss":0,"event_name":"Big Fish","floor":5,"gold_loss":0},{"damage_healed":0,"gold_gain":0,"player_choice":"Entered Light","damage_taken":16,"max_hp_gain":0,"max_hp_loss":0,"event_name":"Shining Light","floor":8,"gold_loss":0,"cards_upgraded":["Strike_B","Dualcast"]},{"damage_healed":0,"gold_gain":0,"player_choice":"Fought Mushrooms","damage_taken":0,"max_hp_gain":0,"max_hp_loss":0,"event_name":"Mushrooms","floor":10,"gold_loss":0},{"damage_healed":0,"gold_gain":0,"player_choice":"Searched \u00271\u0027 times","damage_taken":0,"max_hp_gain":0,"max_hp_loss":0,"event_name":"Dead Adventurer","floor":12,"gold_loss":0},{"damage_healed":0,"gold_gain":0,"player_choice":"Opened","damage_taken":0,"relics_obtained":["Boot"],"max_hp_gain":0,"max_hp_loss":0,"event_name":"The Mausoleum","floor":19,"gold_loss":0,"cards_obtained":["Writhe"]}],"is_beta":true,"boss_relics":[{"not_picked":["Inserter","FrozenCore"],"picked":"Ectoplasm"}],"items_purged_floors":[],"is_endless":false,"potions_floor_spawned":[1,6,12,14,16],"killed_by":"Spheric Guardian","ascension_level":0}