{"gold_per_floor":[111,129,129,145,70,103,159,159,159,159,36,54,4,18,18,18],"floor_reached":16,"playtime":400,"items_purged":["Strike_R"],"score":175,"play_id":"ee55961f-969b-4d31-a967-448c7cbcfefc","local_time":"20190424050223","is_ascension_mode":true,"campfire_choices":[{"data":"Bash","floor":8,"key":"SMITH"},{"data":"Flame Barrier","floor":10,"key":"SMITH"},{"data":"Flex","floor":15,"key":"SMITH"}],"neow_cost":"NONE","seed_source_timestamp":110912113181300,"circlet_count":0,"master_deck":["AscendersBane","Strike_R","Strike_R","Defend_R","Defend_R","Defend_R","Defend_R","Bash+1","Clothesline","Flame Barrier+1","Seeing Red","Rampage","Heavy Blade","Shrug It Off","Flex+1","Anger"],"relics":["Burning Blood","NeowsBlessing","Gremlin Horn","Strawberry","Pear"],"potions_floor_usage":[6,14,16],"damage_taken":[{"damage":0,"enemies":"Cultist","floor":1,"turns":1},{"damage":0,"enemies":"Jaw Worm","floor":2,"turns":1},{"damage":0,"enemies":"Small Slimes","floor":4,"turns":1},{"damage":42,"enemies":"Lagavulin","floor":6,"turns":9},{"damage":26,"enemies":"Gremlin Nob","floor":7,"turns":5},{"damage":2,"enemies":"2 Fungi Beasts","floor":12,"turns":4},{"damage":0,"enemies":"Blue Slaver","floor":14,"turns":2},{"damage":47,"enemies":"The Guardian","floor":16,"turns":6}],"seed_played":"-8766183457590555844","potions_obtained":[{"floor":2,"key":"Energy Potion"},{"floor":7,"key":"Poison Potion"}],"is_trial":false,"path_per_floor":["M","M","?","M","?","E","?","R","T","R","$","M","$","M","R","B"],"character_chosen":"IRONCLAD","items_purchased":["Dexterity Potion","Flex"],"campfire_rested":0,"item_purchase_floors":[11,13],"current_hp_per_floor":[74,75,68,74,74,38,25,25,35,35,35,39,39,45,45,0],"gold":18,"neow_bonus":"THREE_ENEMY_KILL","is_prod":false,"is_daily":false,"chose_seed":false,"campfire_upgraded":3,"win_rate":0,"timestamp":1556074943,"path_taken":["M","?","?","M","?","E","?","R","T","R","$","M","?","M","R","BOSS"],"build_version":"2019-01-23","purchased_purges":1,"victory":false,"max_hp_per_floor":[75,75,75,75,75,75,82,82,92,92,92,92,92,92,92,92],"card_choices":[{"not_picked":["Havoc","Twin Strike"],"picked":"Clothesline","floor":1},{"not_picked":["Clothesline","Battle Trance"],"picked":"Flame Barrier","floor":2},{"not_picked":["Cleave","Wild Strike"],"picked":"Seeing Red","floor":4},{"not_picked":["Sword Boomerang","Iron Wave"],"picked":"Rampage","floor":6},{"not_picked":["Entrench","Reckless Charge"],"picked":"Heavy Blade","floor":7},{"not_picked":["Wild Strike","Fire Breathing"],"picked":"Shrug It Off","floor":12},{"not_picked":["Warcry","Body Slam"],"picked":"Anger","floor":14}],"player_experience":1065541,"relics_obtained":[{"floor":6,"key":"Gremlin Horn"},{"floor":7,"key":"Strawberry"},{"floor":9,"key":"Pear"}],"event_choices":[{"cards_removed":["Strike_R"],"damage_healed":0,"gold_gain":0,"player_choice":"Card Removal","damage_taken":7,"max_hp_gain":0,"max_hp_loss":0,"event_name":"Golden Wing","floor":3,"gold_loss":0},{"cards_removed":["Strike_R"],"damage_healed":0,"gold_gain":0,"player_choice":"Card Removal","damage_taken":0,"max_hp_gain":0,"max_hp_loss":0,"event_name":"The Cleric","floor":5,"gold_loss":75},{"damage_healed":0,"gold_gain":0,"player_choice":"Searched \u00272\u0027 times","damage_taken":0,"max_hp_gain":0,"max_hp_loss":0,"event_name":"Dead Adventurer","floor":7,"gold_loss":0}],"is_beta":false,"boss_relics":[],"items_purged_floors":[11],"is_endless":false,"potions_floor_spawned":[2,7],"killed_by":"The Guardian","ascension_level":15}