{"gold_per_floor":[118,43,43,43,68,68,104,128,128,128,128,149,189,202,202,300,300,323,346,27,27,27,27,62,62,62,100,100,118,118,134,134,134],"floor_reached":33,"playtime":1463,"items_purged":["Storm"],"score":686,"play_id":"6583aa66-734f-4f0e-9077-2405224cb31e","local_time":"20190606004104","is_ascension_mode":true,"campfire_choices":[{"data":"Streamline","floor":6,"key":"SMITH"},{"data":"Zap","floor":10,"key":"SMITH"},{"floor":15,"key":"REST"},{"data":"Go for the Eyes","floor":23,"key":"SMITH"},{"floor":25,"key":"REST"},{"floor":28,"key":"REST"},{"data":"Dualcast","floor":30,"key":"SMITH"},{"floor":32,"key":"REST"}],"neow_cost":"NONE","seed_source_timestamp":106860273373863,"circlet_count":0,"master_deck":["AscendersBane","Zap+1","Dualcast+1","Leap","Streamline+1","Doom and Gloom+1","Darkness+1","Chaos+1","Conserve Battery+1","Fission+1","Multi-Cast+1","Barrage+1","Chill+1","Fission+1","Go for the Eyes+1","Reprogram+1","Recycle+1","Reinforced Body+1","Ball Lightning","Ghostly+1","Ghostly+1","Ghostly+1","Glacier+1","Leap+1","Conserve Battery+1","Cold Snap"],"relics":["Cracked Core","NeowsBlessing","Golden Idol","Toxic Egg 2","Lantern","Happy Flower","Pandora\u0027s Box","Whetstone","Bottled Lightning","Mummified Hand"],"potions_floor_usage":[16],"damage_taken":[{"damage":0,"enemies":"2 Louse","floor":1,"turns":1},{"damage":0,"enemies":"Small Slimes","floor":5,"turns":1},{"damage":0,"enemies":"Gremlin Nob","floor":7,"turns":1},{"damage":7,"enemies":"Jaw Worm","floor":8,"turns":3},{"damage":0,"enemies":"3 Louse","floor":12,"turns":2},{"damage":35,"enemies":"Lagavulin","floor":13,"turns":5},{"damage":3,"enemies":"Lots of Slimes","floor":14,"turns":3},{"damage":23,"enemies":"The Guardian","floor":16,"turns":7},{"damage":0,"enemies":"Chosen","floor":18,"turns":2},{"damage":0,"enemies":"3 Byrds","floor":19,"turns":3},{"damage":22,"enemies":"Book of Stabbing","floor":24,"turns":6},{"damage":0,"enemies":"Gremlin Leader","floor":27,"turns":6},{"damage":0,"enemies":"Snake Plant","floor":29,"turns":2},{"damage":3,"enemies":"3 Cultists","floor":31,"turns":5},{"damage":71,"enemies":"Champ","floor":33,"turns":12}],"seed_played":"-4732735781187164305","potions_obtained":[{"floor":5,"key":"Ancient Potion"},{"floor":13,"key":"Poison Potion"}],"is_trial":false,"path_per_floor":["M","?","?","$","M","R","E","M","T","R","?","M","E","M","R","B",null,"M","M","$","?","?","R","E","R","T","E","R","M","R","M","R","B"],"character_chosen":"DEFECT","items_purchased":["Reinforced Body+1","Ball Lightning","FairyPotion"],"campfire_rested":4,"item_purchase_floors":[20,20,20],"current_hp_per_floor":[64,64,64,64,64,64,64,57,57,57,57,57,22,19,38,15,52,52,52,52,32,32,32,10,19,19,19,28,28,28,25,32,0],"gold":134,"neow_bonus":"THREE_ENEMY_KILL","is_prod":false,"is_daily":false,"chose_seed":false,"campfire_upgraded":4,"win_rate":0,"timestamp":1559774464,"path_taken":["M","?","?","$","M","R","E","M","T","R","?","M","E","M","R","BOSS","M","M","$","?","?","R","E","R","T","E","R","M","R","M","R","BOSS"],"build_version":"2019-01-23","purchased_purges":1,"victory":false,"max_hp_per_floor":[71,71,64,64,64,64,64,64,64,64,64,64,64,64,64,64,64,64,64,64,32,32,32,32,32,32,32,32,32,32,32,32,32],"card_choices":[{"not_picked":["Hologram","Undo"],"picked":"Leap","floor":1},{"not_picked":["Go for the Eyes","Sweeping Beam"],"picked":"Streamline","floor":5},{"not_picked":["Heatsinks","Barrage"],"picked":"Doom and Gloom","floor":7},{"not_picked":["Leap+1","Heatsinks"],"picked":"Darkness+1","floor":8},{"not_picked":["FTL","Turbo+1"],"picked":"Chaos+1","floor":12},{"not_picked":["Fusion+1","Turbo+1"],"picked":"Conserve Battery+1","floor":13},{"not_picked":["Melter","Sweeping Beam"],"picked":"Fission+1","floor":14},{"not_picked":["Buffer","Machine Learning"],"picked":"Multi-Cast+1","floor":16},{"not_picked":["Rip and Tear","Beam Cell","Stack+1"],"picked":"SKIP","floor":18},{"not_picked":["Go for the Eyes","Barrage"],"picked":"Recycle+1","floor":19},{"not_picked":["Barrage","Chill+1"],"picked":"Leap+1","floor":24},{"not_picked":["Chill+1","White Noise+1"],"picked":"Conserve Battery+1","floor":27},{"not_picked":["Sweeping Beam","Stack+1"],"picked":"Cold Snap","floor":29},{"not_picked":["All For One","Reprogram+1","Doom and Gloom"],"picked":"SKIP","floor":31}],"player_experience":824442,"relics_obtained":[{"floor":7,"key":"Toxic Egg 2"},{"floor":9,"key":"Lantern"},{"floor":13,"key":"Happy Flower"},{"floor":24,"key":"Whetstone"},{"floor":26,"key":"Bottled Lightning"},{"floor":27,"key":"Mummified Hand"}],"event_choices":[{"cards_removed":["Defend_B"],"damage_healed":0,"gold_gain":0,"player_choice":"Card Removal","damage_taken":0,"max_hp_gain":0,"max_hp_loss":0,"event_name":"The Cleric","floor":2,"gold_loss":75},{"damage_healed":0,"gold_gain":0,"player_choice":"Lose Max HP","damage_taken":0,"relics_obtained":["Golden Idol"],"max_hp_gain":0,"max_hp_loss":7,"event_name":"Golden Idol","floor":3,"gold_loss":0},{"damage_healed":0,"gold_gain":0,"player_choice":"Ignored","damage_taken":0,"max_hp_gain":0,"max_hp_loss":0,"event_name":"Liars Game","floor":11,"gold_loss":0},{"damage_healed":0,"gold_gain":0,"player_choice":"Became a Ghost","damage_taken":0,"max_hp_gain":0,"max_hp_loss":32,"event_name":"Ghosts","floor":21,"gold_loss":0,"cards_obtained":["Ghostly","Ghostly","Ghostly"]},{"damage_healed":0,"gold_gain":0,"cards_transformed":["Doom and Gloom"],"player_choice":"Transformed","damage_taken":0,"max_hp_gain":0,"max_hp_loss":0,"event_name":"Transmorgrifier","floor":22,"gold_loss":0,"cards_obtained":["Glacier"]}],"is_beta":false,"boss_relics":[{"not_picked":["Philosopher\u0027s Stone","White Beast Statue"],"picked":"Pandora\u0027s Box"}],"items_purged_floors":[20],"is_endless":false,"potions_floor_spawned":[5,13,14,27],"killed_by":"Champ","ascension_level":20}