{"gold_per_floor":[14,14,26,42,42,42,70,70,125,156,215,215,274,286,286,360,360,380,37,37,37,37,68,68,99,99,99,1,1,17,48,48,126,126,138,157,167,167,167],"floor_reached":39,"playtime":1662,"items_purged":["Strike_B"],"score":786,"play_id":"5a4dd4f2-b4cd-45a6-88d1-3dd345a33824","local_time":"20190520043039","is_ascension_mode":true,"campfire_choices":[{"data":"Melter","floor":6,"key":"SMITH"},{"data":"Barrage","floor":8,"key":"SMITH"},{"floor":15,"key":"REST"},{"floor":24,"key":"DIG"},{"floor":27,"key":"REST"},{"floor":32,"key":"REST"}],"neow_cost":"NO_GOLD","seed_source_timestamp":536368210026400,"circlet_count":0,"master_deck":["AscendersBane","Strike_B+1","Strike_B+1","Defend_B+1","Defend_B+1","Defend_B+1","Zap+1","Dualcast","Cold Snap","Melter+1","Sweeping Beam","Barrage+1","Ball Lightning","BootSequence","White Noise","Steam","Echo Form","Magnetism","Sunder","Machine Learning","Rebound","Glacier","Genetic Algorithm+1","Stack+1","Redo+1","Leap+1","Stack+1","Steam Power+1","Conserve Battery+1","Seek+1","Steam+1","Steam+1","Conserve Battery+1","Compile Driver+1","Biased Cognition","White Noise+1"],"relics":["Cracked Core","Turnip","Vajra","Orichalcum","Shovel","Blood Vial","Bronze Scales","Tiny Chest","Inserter","Prayer Wheel","Lantern","Toxic Egg 2","Mummified Hand","Nloth\u0027s Gift","Nuclear Battery","Dodecahedron"],"potions_floor_usage":[7,7,11,13,25,25,33,35,39],"damage_taken":[{"damage":7,"enemies":"Jaw Worm","floor":1,"turns":3},{"damage":0,"enemies":"Cultist","floor":3,"turns":3},{"damage":0,"enemies":"2 Louse","floor":4,"turns":2},{"damage":13,"enemies":"Lagavulin","floor":7,"turns":6},{"damage":4,"enemies":"3 Sentries","floor":10,"turns":5},{"damage":0,"enemies":"3 Sentries","floor":11,"turns":5},{"damage":12,"enemies":"Gremlin Nob","floor":13,"turns":3},{"damage":0,"enemies":"2 Fungi Beasts","floor":14,"turns":2},{"damage":20,"enemies":"The Guardian","floor":16,"turns":9},{"damage":14,"enemies":"2 Thieves","floor":18,"turns":4},{"damage":19,"enemies":"Gremlin Leader","floor":23,"turns":7},{"damage":27,"enemies":"Book of Stabbing","floor":25,"turns":5},{"damage":0,"enemies":"Chosen","floor":30,"turns":4},{"damage":0,"enemies":"Centurion and Healer","floor":31,"turns":7},{"damage":49,"enemies":"Collector","floor":33,"turns":10},{"damage":33,"enemies":"3 Darklings","floor":35,"turns":6},{"damage":0,"enemies":"Orb Walker","floor":36,"turns":3},{"damage":18,"enemies":"3 Darklings","floor":37,"turns":6},{"damage":16,"enemies":"Spire Growth","floor":39,"turns":3}],"seed_played":"-3565883157166128843","potions_obtained":[{"floor":3,"key":"SteroidPotion"},{"floor":4,"key":"EntropicBrew"},{"floor":11,"key":"Strength Potion"},{"floor":16,"key":"Dexterity Potion"},{"floor":18,"key":"Dexterity Potion"},{"floor":23,"key":"EssenceOfSteel"},{"floor":33,"key":"Fire Potion"},{"floor":37,"key":"Ancient Potion"}],"is_trial":false,"path_per_floor":["M","?","M","M","?","R","E","R","T","E","?","?","E","M","R","B",null,"M","$","T","?","?","E","R","E","T","R","$","?","M","M","R","B",null,"M","M","M","T","M"],"character_chosen":"DEFECT","items_purchased":["Magnetism","Sunder","Stack+1","Redo+1"],"campfire_rested":3,"item_purchase_floors":[19,19,28,28],"current_hp_per_floor":[57,57,57,57,36,36,23,23,23,19,21,21,11,13,34,16,57,45,45,45,45,45,28,28,3,3,24,24,24,26,28,49,2,54,23,25,9,9,0],"gold":167,"neow_bonus":"ONE_RARE_RELIC","is_prod":false,"is_daily":false,"chose_seed":false,"campfire_upgraded":2,"win_rate":0,"timestamp":1558319439,"path_taken":["M","?","M","?","?","R","E","R","T","E","?","?","E","M","R","BOSS","M","$","?","?","?","E","R","E","T","R","$","?","M","M","R","BOSS","M","M","M","?","M"],"build_version":"2019-01-23","purchased_purges":1,"victory":false,"max_hp_per_floor":[71,71,71,71,71,71,71,71,71,71,71,71,71,71,71,71,71,71,71,71,71,71,71,71,71,71,71,71,71,71,71,71,71,71,71,71,71,71,71],"card_choices":[{"not_picked":["Sweeping Beam","Rebound"],"picked":"Cold Snap","floor":1},{"not_picked":["Aggregate","Chaos"],"picked":"Melter","floor":3},{"not_picked":["Steam","Reprogram"],"picked":"Sweeping Beam","floor":4},{"not_picked":["Sweeping Beam","Tempest"],"picked":"Barrage","floor":7},{"not_picked":["Beam Cell","BootSequence"],"picked":"Ball Lightning","floor":10},{"not_picked":["Beam Cell","Redo"],"picked":"BootSequence","floor":11},{"not_picked":["Recycle","Compile Driver"],"picked":"White Noise","floor":13},{"not_picked":["Meteor Strike","Steam Power"],"picked":"Steam","floor":14},{"not_picked":["Electrodynamics","Buffer"],"picked":"Echo Form","floor":16},{"not_picked":["Melter","Rebound","Sweeping Beam"],"picked":"SKIP","floor":18},{"not_picked":["Hologram","Turbo"],"picked":"Glacier","floor":23},{"not_picked":["Doom and Gloom","Blizzard"],"picked":"Genetic Algorithm","floor":25},{"not_picked":["Rip and Tear","BootSequence+1"],"picked":"Leap+1","floor":30},{"not_picked":["Cold Snap","Lockon"],"picked":"Stack+1","floor":30},{"not_picked":["Thunder Strike","Chaos+1"],"picked":"Steam Power+1","floor":31},{"not_picked":["Go for the Eyes+1","Hologram+1"],"picked":"Conserve Battery+1","floor":31},{"not_picked":["Electrodynamics","Biased Cognition"],"picked":"Seek+1","floor":33},{"not_picked":["Leap+1","Cold Snap"],"picked":"Steam+1","floor":35},{"not_picked":["Beam Cell","Melter"],"picked":"Steam+1","floor":35},{"not_picked":["Leap+1","Barrage"],"picked":"Conserve Battery+1","floor":36},{"not_picked":["Stack+1","Heatsinks"],"picked":"Compile Driver+1","floor":36},{"not_picked":["FTL","Compile Driver"],"picked":"Biased Cognition","floor":37},{"not_picked":["Reprogram+1","Streamline"],"picked":"White Noise+1","floor":37}],"player_experience":1170880,"relics_obtained":[{"floor":7,"key":"Vajra"},{"floor":9,"key":"Orichalcum"},{"floor":10,"key":"Shovel"},{"floor":13,"key":"Tiny Chest"},{"floor":20,"key":"Potion Belt"},{"floor":23,"key":"Prayer Wheel"},{"floor":24,"key":"Lantern"},{"floor":25,"key":"Toxic Egg 2"},{"floor":26,"key":"Mummified Hand"},{"floor":38,"key":"Dodecahedron"}],"event_choices":[{"damage_healed":0,"gold_gain":0,"player_choice":"Forge","damage_taken":0,"max_hp_gain":0,"max_hp_loss":0,"event_name":"Accursed Blacksmith","floor":2,"gold_loss":0,"cards_upgraded":["Zap"]},{"damage_healed":0,"gold_gain":0,"player_choice":"Entered Light","damage_taken":21,"max_hp_gain":0,"max_hp_loss":0,"event_name":"Shining Light","floor":5,"gold_loss":0,"cards_upgraded":["Defend_B","Strike_B"]},{"damage_healed":0,"gold_gain":0,"player_choice":"Searched \u00273\u0027 times","damage_taken":0,"relics_obtained":["Blood Vial"],"max_hp_gain":0,"max_hp_loss":0,"event_name":"Dead Adventurer","floor":11,"gold_loss":0},{"damage_healed":0,"gold_gain":0,"player_choice":"Gave Potion","damage_taken":0,"relics_obtained":["Bronze Scales"],"max_hp_gain":0,"max_hp_loss":0,"event_name":"WeMeetAgain","floor":12,"gold_loss":0},{"damage_healed":0,"gold_gain":0,"player_choice":"Simplicity","damage_taken":0,"max_hp_gain":0,"max_hp_loss":0,"event_name":"Back to Basics","floor":21,"gold_loss":0,"cards_upgraded":["Strike_B","Strike_B","Defend_B","Defend_B","Defend_B"]},{"damage_healed":0,"gold_gain":0,"cards_transformed":["Strike_B","Defend_B"],"player_choice":"Became Test Subject","damage_taken":0,"max_hp_gain":0,"max_hp_loss":0,"event_name":"Drug Dealer","floor":22,"gold_loss":0,"cards_obtained":["Machine Learning","Rebound"]},{"damage_healed":0,"gold_gain":0,"player_choice":"Traded Relic","damage_taken":0,"relics_obtained":["Nloth\u0027s Gift"],"max_hp_gain":0,"max_hp_loss":0,"event_name":"N\u0027loth","floor":29,"relics_lost":["Potion Belt"],"gold_loss":0}],"is_beta":false,"boss_relics":[{"not_picked":["Velvet Choker","White Beast Statue"],"picked":"Inserter"},{"not_picked":["Lizard Tail","Orrery"],"picked":"Nuclear Battery"}],"items_purged_floors":[19],"is_endless":false,"potions_floor_spawned":[3,4,10,11,16,18,23,33,37],"killed_by":"Spire Growth","ascension_level":15}