{"gold_per_floor":[116,116,41,41,55,55,67,67,67,87,101,6,31,31,31,127,127,137,137,49,66,84,84,101,101,101,136,36,36,67,81,81,183,183,198,73,83,183,183,214,239,239,239,89,89,89,89,115,115,115,115,115,17,51,51],"floor_reached":57,"playtime":3398,"items_purged":["Strike_B","Dualcast+1","Zap+1","Skim+1"],"score":1664,"play_id":"78ec2265-c9eb-4f82-922c-04e5b0dae2b7","local_time":"20191008180316","is_ascension_mode":false,"campfire_choices":[{"data":"Zap","floor":6.0,"key":"SMITH"},{"data":"Dualcast","floor":8.0,"key":"SMITH"},{"data":"Impatience","floor":15.0,"key":"SMITH"},{"data":"Deep Breath","floor":23.0,"key":"SMITH"},{"data":"Gash","floor":25.0,"key":"SMITH"},{"data":"BootSequence","floor":32,"key":"SMITH"},{"floor":43,"key":"RECALL"},{"floor":46,"key":"REST"},{"floor":50,"key":"REST"},{"data":"Good Instincts","floor":53,"key":"SMITH"}],"neow_cost":"NONE","seed_source_timestamp":229348937902053,"circlet_count":0,"master_deck":["BootSequence+1","Gash+1","Impatience+1","Deep Breath+1","Good Instincts+1"],"special_seed":0,"relics":["White Beast Statue","Frozen Egg 2","Juzu Bracelet","Boot","Nuclear Battery","WingedGreaves","Art of War","Strawberry","Pandora\u0027s Box","PreservedInsect","Letter Opener","Pantograph","Shuriken"],"potions_floor_usage":[56,56],"damage_taken":[{"damage":1.0,"enemies":"Jaw Worm","floor":1.0,"turns":4.0},{"damage":5.0,"enemies":"Small Slimes","floor":5.0,"turns":5.0},{"damage":2.0,"enemies":"2 Louse","floor":7.0,"turns":4.0},{"damage":1.0,"enemies":"Large Slime","floor":10.0,"turns":9.0},{"damage":2.0,"enemies":"Blue Slaver","floor":11.0,"turns":5.0},{"damage":34.0,"enemies":"Slime Boss","floor":16.0,"turns":12.0},{"damage":9.0,"enemies":"Shell Parasite","floor":18.0,"turns":7.0},{"damage":0.0,"enemies":"Spheric Guardian","floor":21.0,"turns":1.0},{"damage":0.0,"enemies":"Centurion and Healer","floor":22.0,"turns":2.0},{"damage":0.0,"enemies":"Snake Plant","floor":24.0,"turns":1.0},{"damage":0.0,"enemies":"Gremlin Leader","floor":27.0,"turns":1.0},{"damage":0,"enemies":"Slavers","floor":30,"turns":1},{"damage":0,"enemies":"Snecko","floor":31,"turns":1},{"damage":0,"enemies":"Champ","floor":33,"turns":1},{"damage":0,"enemies":"3 Darklings","floor":36,"turns":1},{"damage":0,"enemies":"3 Shapes","floor":38,"turns":1},{"damage":0,"enemies":"Mind Bloom Boss Battle","floor":39,"turns":1},{"damage":0,"enemies":"Nemesis","floor":41,"turns":1},{"damage":0,"enemies":"Reptomancer","floor":42,"turns":1},{"damage":0,"enemies":"Giant Head","floor":49,"turns":1},{"damage":0,"enemies":"Donu and Deca","floor":51,"turns":1},{"damage":0,"enemies":"Shield and Spear","floor":55,"turns":1},{"damage":16,"enemies":"The Heart","floor":56,"turns":4}],"seed_played":"1049933615846660688","potions_obtained":[{"floor":1.0,"key":"Block Potion"},{"floor":5.0,"key":"Weak Potion"},{"floor":7.0,"key":"PowerPotion"},{"floor":11.0,"key":"Fruit Juice"},{"floor":16.0,"key":"PowerPotion"},{"floor":18.0,"key":"Swift Potion"},{"floor":21.0,"key":"Swift Potion"},{"floor":22.0,"key":"Weak Potion"},{"floor":33,"key":"Block Potion"}],"is_trial":false,"path_per_floor":["M","?","$","?","M","R","M","R","T","M","M","$","T","?","R","B",null,"M","?","$","M","M","R","M","R","T","E","$","?","E","M","R","B",null,"M","$","M","?","?","E","E","R","T","$","R","?","$","E","R","B",null,"R","$","E","B",null],"character_chosen":"DEFECT","items_purchased":["Impatience","Deep Breath","FairyPotion"],"campfire_rested":2,"item_purchase_floors":[12,20,54],"current_hp_per_floor":[74,74,74,71,66,66,64,64,64,63,66,66,66,59,59,25,80,71,71,71,71,71,71,71,71,71,71,71,71,78,78,78,78,87,87,87,87,87,83,83,83,83,83,83,83,73,73,73,83,83,83,83,83,83,67],"gold":51,"neow_bonus":"BOSS_RELIC","is_prod":false,"is_daily":false,"chose_seed":false,"campfire_upgraded":7,"win_rate":0,"timestamp":1570582996,"path_taken":["M","?","$","?","M","R","M","R","T","M","M","$","?","?","R","BOSS","M","?","$","M","M","R","M","R","T","E","$","?","E","M","R","BOSS","M","$","M","?","?","E","E","R","T","$","R","?","?","E","R","BOSS","R","$","E","BOSS"],"build_version":"2019-07-17","purchased_purges":4,"victory":true,"max_hp_per_floor":[75,75,75,75,75,75,75,75,75,75,80,80,80,80,80,80,80,80,80,80,80,80,80,80,80,80,80,80,80,87,87,87,87,87,87,87,87,87,83,83,83,83,83,83,83,83,83,83,83,83,83,83,83,83,83],"card_choices":[{"not_picked":["Beam Cell","Compile Driver","Redo"],"picked":"SKIP","floor":1.0},{"not_picked":["Heatsinks+1","Rebound"],"picked":"BootSequence","floor":5.0},{"not_picked":["Cold Snap","Streamline","Stack"],"picked":"SKIP","floor":7.0},{"not_picked":["Ball Lightning","BootSequence"],"picked":"Gash","floor":10.0},{"not_picked":["Self Repair+1","Stack","Sweeping Beam"],"picked":"SKIP","floor":11.0},{"not_picked":["Self Repair+1","Stack","Sweeping Beam"],"picked":"SKIP","floor":11.0},{"not_picked":["Turbo","Compile Driver+1"],"picked":"Skim+1","floor":18.0},{"not_picked":["Rebound","Heatsinks+1","Double Energy"],"picked":"SKIP","floor":21.0},{"not_picked":["Streamline","Stack","Go for the Eyes"],"picked":"SKIP","floor":22.0},{"not_picked":["FTL","Hologram","Leap"],"picked":"SKIP","floor":24.0},{"not_picked":["Reprogram+1","Hologram+1","Ball Lightning"],"picked":"SKIP","floor":27.0},{"not_picked":["Turbo","Storm+1","Aggregate"],"picked":"SKIP","floor":30},{"not_picked":["Streamline","Hello World+1","Reprogram"],"picked":"SKIP","floor":31},{"not_picked":["Rebound","Genetic Algorithm","Ball Lightning+1"],"picked":"SKIP","floor":36},{"not_picked":["Reinforced Body+1","Streamline","Hologram"],"picked":"SKIP","floor":38},{"not_picked":["Hello World+1","Barrage","Doom and Gloom+1"],"picked":"SKIP","floor":41},{"not_picked":["Glacier","Stack+1","Recycle"],"picked":"SKIP","floor":42},{"not_picked":["Thinking Ahead","Secret Technique"],"picked":"Good Instincts","floor":47},{"not_picked":["Loop+1","Coolheaded+1","Skim+1"],"picked":"SKIP","floor":49},{"not_picked":["Steam+1","Double Energy+1","Multi-Cast"],"picked":"SKIP","floor":55}],"player_experience":366705,"relics_obtained":[{"floor":9.0,"key":"Juzu Bracelet"},{"floor":13.0,"key":"Boot"},{"floor":26.0,"key":"WingedGreaves"},{"floor":27.0,"key":"Art of War"},{"floor":30,"key":"Strawberry"},{"floor":41,"key":"PreservedInsect"},{"floor":42,"key":"Letter Opener"},{"floor":49,"key":"Pantograph"},{"floor":55,"key":"Shuriken"}],"event_choices":[{"cards_removed":["Strike_B"],"damage_healed":0.0,"max_hp_gain":0.0,"max_hp_loss":0.0,"gold_gain":0.0,"event_name":"Living Wall","player_choice":"Forget","floor":2.0,"gold_loss":0.0,"damage_taken":0.0},{"damage_healed":0.0,"max_hp_gain":0.0,"max_hp_loss":0.0,"gold_gain":0.0,"event_name":"Scrap Ooze","player_choice":"Success","floor":4.0,"gold_loss":0.0,"damage_taken":3.0,"relics_obtained":["Frozen Egg 2"]},{"cards_removed":["Strike_B"],"damage_healed":0.0,"max_hp_gain":0.0,"max_hp_loss":0.0,"gold_gain":0.0,"event_name":"Golden Wing","player_choice":"Card Removal","floor":14.0,"gold_loss":0.0,"damage_taken":7.0},{"cards_removed":["Strike_B"],"damage_healed":0.0,"max_hp_gain":0.0,"max_hp_loss":0.0,"gold_gain":0.0,"event_name":"Back to Basics","player_choice":"Elegance","floor":19.0,"gold_loss":0.0,"damage_taken":0.0},{"damage_healed":0.0,"max_hp_gain":0.0,"max_hp_loss":0.0,"gold_gain":0.0,"event_name":"Vampires","player_choice":"Ignored","floor":29.0,"gold_loss":0.0,"damage_taken":0.0},{"damage_healed":0,"gold_gain":0,"player_choice":"Fight","damage_taken":0,"max_hp_gain":0,"max_hp_loss":0,"event_name":"MindBloom","floor":39,"gold_loss":0},{"damage_healed":0,"gold_gain":0,"player_choice":"Max HP","damage_taken":0,"max_hp_gain":0,"max_hp_loss":4,"event_name":"Winding Halls","floor":40,"gold_loss":0},{"damage_healed":0,"gold_gain":0,"player_choice":"Memory 3","damage_taken":10,"max_hp_gain":0,"max_hp_loss":0,"event_name":"SensoryStone","floor":47,"gold_loss":0}],"is_beta":false,"boss_relics":[{"not_picked":["Coffee Dripper","Runic Dome"],"picked":"Nuclear Battery"},{"not_picked":["Cursed Key","Empty Cage"],"picked":"Pandora\u0027s Box"}],"items_purged_floors":[3,28,37,45],"is_endless":false,"potions_floor_spawned":[1,5,7,10,11,16,18,21,22,24,27,30,31,33,36,38,39,41,42,49,55],"ascension_level":0}