{"gold_per_floor":[116,36,36,56,56,56,91,91,91,111,111,125,125,138,138,212,212,227,238,22,22,22,22,36,36,36,36,56,56,67,67,67,144,144,157,82,182,182,196,196,227,227,227,227,227,239,265,282,282,282],"floor_reached":51,"playtime":3333,"items_purged":["Strike_R"],"score":1372,"play_id":"e6e24710-bedb-41a8-bca9-b40089fbf7ba","local_time":"20191005131515","is_ascension_mode":true,"campfire_choices":[{"data":"Inflame","floor":6.0,"key":"SMITH"},{"data":"Bash","floor":8.0,"key":"SMITH"},{"data":"Shrug It Off","floor":11.0,"key":"SMITH"},{"data":"Disarm","floor":13.0,"key":"SMITH"},{"floor":15.0,"key":"REST"},{"data":"Apotheosis","floor":23.0,"key":"SMITH"},{"data":"Entrench","floor":25.0,"key":"SMITH"},{"data":"Barricade","floor":27.0,"key":"SMITH"},{"data":"Shrug It Off","floor":29.0,"key":"SMITH"},{"floor":32.0,"key":"REST"},{"data":"Offering","floor":40,"key":"SMITH"},{"data":"Defend_R","floor":45,"key":"SMITH"},{"floor":49,"key":"REST"}],"neow_cost":"NONE","seed_source_timestamp":73798435153969,"circlet_count":0,"master_deck":["AscendersBane","Defend_R","Defend_R+1","Defend_R","Defend_R+1","Bash+1","Shrug It Off+1","Inflame+1","Cleave","Offering+1","Disarm+1","Shrug It Off+1","Barricade+1","Apotheosis+1","Entrench+1","Offering+1","Body Slam+1","Warcry+1","Shrug It Off+1","True Grit+1"],"special_seed":0,"relics":["Burning Blood","Vajra","Centennial Puzzle","Pear","Lizard Tail","Molten Egg 2","Sozu","StoneCalendar","War Paint","Frozen Egg 2","Turnip","Mummified Hand"],"potions_floor_usage":[33],"damage_taken":[{"damage":0.0,"enemies":"2 Louse","floor":1.0,"turns":4.0},{"damage":8.0,"enemies":"Small Slimes","floor":4.0,"turns":5.0},{"damage":43.0,"enemies":"Lagavulin","floor":7.0,"turns":7.0},{"damage":0.0,"enemies":"Cultist","floor":10.0,"turns":3.0},{"damage":6.0,"enemies":"Blue Slaver","floor":12.0,"turns":4.0},{"damage":8.0,"enemies":"Exordium Wildlife","floor":14.0,"turns":6.0},{"damage":26.0,"enemies":"Slime Boss","floor":16.0,"turns":8.0},{"damage":36.0,"enemies":"Spheric Guardian","floor":18.0,"turns":4.0},{"damage":25.0,"enemies":"Shell Parasite","floor":19.0,"turns":13.0},{"damage":28.0,"enemies":"Sentry and Sphere","floor":24.0,"turns":17.0},{"damage":6.0,"enemies":"Centurion and Healer","floor":28.0,"turns":13.0},{"damage":3.0,"enemies":"Snecko","floor":30.0,"turns":16.0},{"damage":36,"enemies":"Collector","floor":33,"turns":39},{"damage":6,"enemies":"Orb Walker","floor":35,"turns":8},{"damage":5,"enemies":"Mind Bloom Boss Battle","floor":37,"turns":24},{"damage":9,"enemies":"3 Shapes","floor":39,"turns":7},{"damage":0,"enemies":"Giant Head","floor":41,"turns":7},{"damage":0,"enemies":"Maw","floor":46,"turns":7},{"damage":12,"enemies":"Reptomancer","floor":47,"turns":3},{"damage":6,"enemies":"Jaw Worm Horde","floor":48,"turns":6},{"damage":23,"enemies":"Awakened One","floor":50,"turns":6}],"seed_played":"5429986744385953393","potions_obtained":[{"floor":7.0,"key":"Poison Potion"},{"floor":12.0,"key":"AttackPotion"},{"floor":16.0,"key":"GamblersBrew"},{"floor":28.0,"key":"SpeedPotion"},{"floor":33,"key":"SneckoOil"}],"is_trial":false,"path_per_floor":["M","$","?","M","?","R","E","R","T","M","R","M","R","M","R","B",null,"M","M","$","?","$","R","M","R","T","R","M","R","M","$","R","B",null,"M","$","?","?","M","R","E","T","T","?","R","M","E","M","R","B",null],"character_chosen":"IRONCLAD","items_purchased":["Inflame","Apotheosis"],"campfire_rested":3,"item_purchase_floors":[2,20],"current_hp_per_floor":[74,74,67,65,47,47,10,10,20,26,26,26,26,24,49,29,71,41,22,22,22,22,22,44,44,44,44,44,44,47,47,72,42,74,74,74,75,75,72,72,78,78,78,78,78,84,78,78,85,68],"gold":282,"neow_bonus":"REMOVE_CARD","is_prod":false,"is_daily":false,"chose_seed":false,"campfire_upgraded":10,"win_rate":0,"timestamp":1570306515,"path_taken":["M","$","?","M","?","R","E","R","T","M","R","M","R","M","R","BOSS","M","M","$","?","$","R","?","R","T","R","M","R","M","$","R","BOSS","M","$","?","?","M","R","E","?","T","?","R","M","E","M","R","BOSS"],"build_version":"2019-07-17","purchased_purges":1,"victory":true,"max_hp_per_floor":[75,75,75,75,75,75,75,75,85,85,85,85,85,85,85,85,85,85,85,85,85,85,85,85,85,85,85,85,85,85,85,85,85,85,85,85,85,85,85,85,85,85,85,85,85,85,85,85,85,85],"card_choices":[{"not_picked":["True Grit","Warcry"],"picked":"Shrug It Off","floor":1.0},{"not_picked":["Bloodletting","Pommel Strike"],"picked":"Cleave","floor":4.0},{"not_picked":["Corruption","Clash"],"picked":"Offering","floor":7.0},{"not_picked":["Spot Weakness","Thunderclap","Sword Boomerang"],"picked":"SKIP","floor":10.0},{"not_picked":["Iron Wave","Wild Strike"],"picked":"Disarm","floor":12.0},{"not_picked":["Perfected Strike","Clash"],"picked":"Shrug It Off","floor":14.0},{"not_picked":["Juggernaut","Feed"],"picked":"Barricade","floor":16.0},{"not_picked":["Second Wind","Havoc","Flex"],"picked":"SKIP","floor":18.0},{"not_picked":["Armaments","Dual Wield","Inflame+1"],"picked":"SKIP","floor":19.0},{"not_picked":["Warcry","Clothesline+1","Infernal Blade"],"picked":"SKIP","floor":24.0},{"not_picked":["Clash+1","Entrench","Feed+1"],"picked":"SKIP","floor":28.0},{"not_picked":["Fire Breathing","Infernal Blade","Flex+1"],"picked":"SKIP","floor":30.0},{"not_picked":["Fire Breathing","Infernal Blade","Flex+1"],"picked":"SKIP","floor":30.0},{"not_picked":["Double Tap","Dark Embrace"],"picked":"Offering","floor":33},{"not_picked":["Feel No Pain","Entrench","Twin Strike+1"],"picked":"SKIP","floor":35},{"not_picked":["Uppercut+1","Iron Wave+1"],"picked":"Body Slam+1","floor":37},{"not_picked":["True Grit","Blood for Blood+1","Havoc"],"picked":"SKIP","floor":39},{"not_picked":["Feed+1","Metallicize"],"picked":"Warcry+1","floor":41},{"not_picked":["Perfected Strike+1","Flex"],"picked":"Shrug It Off+1","floor":46},{"not_picked":["Bloodletting+1","Limit Break","True Grit"],"picked":"SKIP","floor":47},{"not_picked":["Pommel Strike+1","Fire Breathing+1"],"picked":"True Grit+1","floor":48}],"player_experience":331927,"relics_obtained":[{"floor":7.0,"key":"Centennial Puzzle"},{"floor":9.0,"key":"Pear"},{"floor":26.0,"key":"Molten Egg 2"},{"floor":37,"key":"StoneCalendar"},{"floor":41,"key":"War Paint"},{"floor":42,"key":"Frozen Egg 2"},{"floor":43,"key":"Turnip"},{"floor":47,"key":"Mummified Hand"}],"event_choices":[{"cards_removed":["Strike_R"],"damage_healed":0.0,"max_hp_gain":0.0,"max_hp_loss":0.0,"gold_gain":0.0,"event_name":"Golden Wing","player_choice":"Card Removal","floor":3.0,"gold_loss":0.0,"damage_taken":7.0},{"damage_healed":0.0,"max_hp_gain":0.0,"max_hp_loss":0.0,"gold_gain":0.0,"event_name":"Scrap Ooze","player_choice":"Success","floor":5.0,"gold_loss":0.0,"damage_taken":18.0,"relics_obtained":["Vajra"]},{"damage_healed":0.0,"max_hp_gain":0.0,"max_hp_loss":0.0,"gold_gain":0.0,"cards_transformed":["Strike_R"],"event_name":"Transmorgrifier","player_choice":"Transformed","floor":21.0,"gold_loss":0.0,"damage_taken":0.0,"cards_obtained":["Entrench"]},{"damage_healed":0,"gold_gain":0,"player_choice":"Fight","damage_taken":0,"max_hp_gain":0,"max_hp_loss":0,"event_name":"MindBloom","floor":37,"gold_loss":0},{"cards_removed":["Strike_R"],"damage_healed":0,"gold_gain":0,"player_choice":"Removed Attack","damage_taken":0,"max_hp_gain":0,"max_hp_loss":0,"event_name":"Falling","floor":38,"gold_loss":0},{"damage_healed":0,"gold_gain":0,"player_choice":"0 cards matched","damage_taken":0,"max_hp_gain":0,"max_hp_loss":0,"event_name":"Match and Keep!","floor":44,"gold_loss":0,"cards_obtained":[]}],"is_beta":false,"boss_relics":[{"not_picked":["White Beast Statue","Fusion Hammer"],"picked":"Lizard Tail"},{"not_picked":["Busted Crown","Eternal Feather"],"picked":"Sozu"}],"items_purged_floors":[36],"is_endless":false,"potions_floor_spawned":[7,12,16,28,33,37,47,48],"ascension_level":17}