{"gold_per_floor":[119,119,131,131,208,208,208,208,233,267,267,94,127,146,146,146],"floor_reached":16,"playtime":290,"items_purged":["Injury"],"score":203,"play_id":"cd72ae94-bfdf-47b7-83c0-f0e0a543e0e4","local_time":"20190219001200","is_ascension_mode":true,"campfire_choices":[{"data":"Cold Snap","floor":6,"key":"SMITH"},{"data":"Sweeping Beam","floor":8,"key":"SMITH"},{"data":"Tempest","floor":15,"key":"SMITH"}],"neow_cost":"NONE","seed_source_timestamp":100861121033000,"circlet_count":0,"master_deck":["AscendersBane","Strike_B","Strike_B","Strike_B","Strike_B","Defend_B","Defend_B","Defend_B","Defend_B","Zap+1","Dualcast","Sweeping Beam+1","Cold Snap+1","Sunder+1","Streamline+1","Self Repair","Streamline+1","Tempest+1","Sweeping Beam+1"],"relics":["Cracked Core","NeowsBlessing","Molten Egg 2","Golden Idol","Blood Vial","Omamori","PreservedInsect"],"potions_floor_usage":[13,13],"damage_taken":[{"damage":0,"enemies":"Jaw Worm","floor":1,"turns":1},{"damage":0,"enemies":"Cultist","floor":3,"turns":1},{"damage":0,"enemies":"3 Sentries","floor":10,"turns":1},{"damage":16,"enemies":"Gremlin Nob","floor":13,"turns":2},{"damage":1,"enemies":"2 Louse","floor":14,"turns":2},{"damage":66,"enemies":"Hexaghost","floor":16,"turns":9}],"seed_played":"1637541035954260804","potions_obtained":[{"floor":3,"key":"LiquidBronze"},{"floor":10,"key":"FearPotion"},{"floor":14,"key":"Ancient Potion"}],"is_trial":false,"path_per_floor":["M","?","M","?","T","R","?","R","T","E","?","$","E","M","R","B"],"character_chosen":"DEFECT","items_purchased":["Self Repair","Streamline+1"],"campfire_rested":0,"item_purchase_floors":[12,12],"current_hp_per_floor":[68,68,68,73,73,73,73,73,73,75,75,75,61,62,62,0],"gold":146,"neow_bonus":"THREE_ENEMY_KILL","is_prod":false,"is_daily":false,"chose_seed":false,"campfire_upgraded":3,"win_rate":0,"timestamp":1550531520,"path_taken":["M","?","?","?","?","R","?","R","T","E","?","$","E","M","R","BOSS"],"build_version":"2019-01-23","purchased_purges":1,"victory":false,"max_hp_per_floor":[75,75,75,80,80,80,80,80,80,80,80,80,80,80,80,80],"card_choices":[{"not_picked":["Barrage","Compile Driver"],"picked":"Sweeping Beam","floor":1},{"not_picked":["Rebound","Aggregate"],"picked":"Cold Snap","floor":3},{"not_picked":["Barrage+1","Core Surge+1"],"picked":"Sunder+1","floor":10},{"not_picked":["Turbo","Recycle"],"picked":"Tempest","floor":13},{"not_picked":["Tempest","Cold Snap+1"],"picked":"Sweeping Beam+1","floor":14}],"player_experience":790884,"relics_obtained":[{"floor":5,"key":"Molten Egg 2"},{"floor":9,"key":"Blood Vial"},{"floor":10,"key":"Omamori"},{"floor":13,"key":"PreservedInsect"}],"event_choices":[{"damage_healed":0,"gold_gain":0,"player_choice":"Upgraded","damage_taken":0,"max_hp_gain":0,"max_hp_loss":0,"event_name":"Upgrade Shrine","floor":2,"gold_loss":0,"cards_upgraded":["Zap"]},{"damage_healed":0,"gold_gain":0,"player_choice":"Donut","damage_taken":0,"max_hp_gain":5,"max_hp_loss":0,"event_name":"Big Fish","floor":4,"gold_loss":0},{"damage_healed":0,"gold_gain":0,"player_choice":"Take Wound","damage_taken":0,"relics_obtained":["Golden Idol"],"max_hp_gain":0,"max_hp_loss":0,"event_name":"Golden Idol","floor":7,"gold_loss":0,"cards_obtained":["Injury"]},{"damage_healed":0,"gold_gain":0,"player_choice":"1 cards matched","damage_taken":0,"max_hp_gain":0,"max_hp_loss":0,"event_name":"Match and Keep!","floor":11,"gold_loss":0,"cards_obtained":["Streamline"]}],"is_beta":false,"boss_relics":[],"items_purged_floors":[12],"is_endless":false,"potions_floor_spawned":[3,10,14],"killed_by":"Hexaghost","ascension_level":11}