{"gold_per_floor":[116,116,41,191,211,236,236,256,307,307,323,323,13,13,13,90,90,106,106,123,139,139],"floor_reached":22,"playtime":658,"items_purged":["Strike_G","Strike_G"],"score":376,"play_id":"a984fbb2-dce4-4cbd-a870-4048fede280b","local_time":"20190617092159","is_ascension_mode":true,"campfire_choices":[{"data":"Neutralize","floor":7,"key":"SMITH"},{"data":"Crippling Poison","floor":12,"key":"SMITH"},{"data":"A Thousand Cuts","floor":15,"key":"SMITH"}],"neow_cost":"NONE","seed_source_timestamp":23408271463900,"circlet_count":0,"master_deck":["AscendersBane","Defend_G+1","Defend_G+1","Defend_G+1","Defend_G+1","Defend_G+1","Strike_G+1","Survivor","Neutralize+1","Quick Slash+1","Deflect","Infinite Blades","Finisher","Crippling Poison+1","A Thousand Cuts+1","Flying Knee","Glass Knife","Catalyst","Flechettes"],"relics":["Ring of the Snake","NeowsBlessing","Snake Skull","Strawberry","Empty Cage"],"potions_floor_usage":[16,16,18,22,22],"damage_taken":[{"damage":0,"enemies":"Small Slimes","floor":1,"turns":1},{"damage":0,"enemies":"Jaw Worm","floor":5,"turns":1},{"damage":0,"enemies":"Lagavulin","floor":6,"turns":1},{"damage":0,"enemies":"Cultist","floor":8,"turns":4},{"damage":5,"enemies":"2 Fungi Beasts","floor":11,"turns":4},{"damage":24,"enemies":"Slime Boss","floor":16,"turns":5},{"damage":12,"enemies":"2 Thieves","floor":18,"turns":5},{"damage":17,"enemies":"Shell Parasite","floor":20,"turns":6},{"damage":24,"enemies":"Snake Plant","floor":21,"turns":5},{"damage":32,"enemies":"Cultist and Chosen","floor":22,"turns":6}],"seed_played":"564635471607221253","potions_obtained":[{"floor":8,"key":"FearPotion"},{"floor":11,"key":"LiquidBronze"},{"floor":16,"key":"EssenceOfSteel"},{"floor":20,"key":"Poison Potion"},{"floor":21,"key":"Swift Potion"}],"is_trial":false,"path_per_floor":["M","?","$","?","M","E","R","M","T","?","M","R","$","?","R","B",null,"M","?","M","M","M"],"character_chosen":"THE_SILENT","items_purchased":["A Thousand Cuts","Flying Knee"],"campfire_rested":0,"item_purchase_floors":[13,13],"current_hp_per_floor":[59,64,64,64,64,64,64,64,71,71,66,66,66,43,43,19,63,51,51,34,10,0],"gold":139,"neow_bonus":"THREE_ENEMY_KILL","is_prod":false,"is_daily":false,"chose_seed":false,"campfire_upgraded":3,"win_rate":0,"timestamp":1560756119,"path_taken":["M","?","$","?","M","E","R","M","T","?","?","R","$","?","R","BOSS","M","?","M","M","M"],"build_version":"2019-01-23","purchased_purges":2,"victory":false,"max_hp_per_floor":[66,71,71,71,71,71,71,71,78,78,78,78,78,78,78,78,78,78,78,78,78,78],"card_choices":[{"not_picked":["Underhanded Strike","Bane"],"picked":"Quick Slash","floor":1},{"not_picked":["Underhanded Strike","Masterful Stab"],"picked":"Deflect","floor":5},{"not_picked":["Underhanded Strike","Finisher"],"picked":"Infinite Blades","floor":6},{"not_picked":["Blur","PiercingWail"],"picked":"Finisher","floor":8},{"not_picked":["Dagger Spray","Sucker Punch"],"picked":"Crippling Poison","floor":11},{"not_picked":["Night Terror","Grand Finale"],"picked":"Glass Knife","floor":16},{"not_picked":["Dagger Spray","Quick Slash+1","Eviscerate"],"picked":"SKIP","floor":18},{"not_picked":["Dagger Spray","Sucker Punch+1"],"picked":"Catalyst","floor":20},{"not_picked":["Quick Slash","Deflect"],"picked":"Flechettes","floor":21}],"player_experience":1385785,"relics_obtained":[{"floor":6,"key":"Snake Skull"},{"floor":9,"key":"Strawberry"}],"event_choices":[{"damage_healed":0,"gold_gain":0,"player_choice":"Donut","damage_taken":0,"max_hp_gain":5,"max_hp_loss":0,"event_name":"Big Fish","floor":2,"gold_loss":0},{"damage_healed":0,"gold_gain":150,"player_choice":"AGREE","damage_taken":0,"max_hp_gain":0,"max_hp_loss":0,"event_name":"Liars Game","floor":4,"gold_loss":0,"cards_obtained":["Doubt"]},{"cards_removed":["Doubt"],"damage_healed":0,"gold_gain":0,"player_choice":"Card Removal","damage_taken":0,"max_hp_gain":0,"max_hp_loss":0,"event_name":"Wheel of Change","floor":10,"gold_loss":0},{"damage_healed":0,"gold_gain":0,"player_choice":"Entered Light","damage_taken":23,"max_hp_gain":0,"max_hp_loss":0,"event_name":"Shining Light","floor":14,"gold_loss":0,"cards_upgraded":["Quick Slash","Defend_G"]},{"damage_healed":0,"gold_gain":0,"player_choice":"Simplicity","damage_taken":0,"max_hp_gain":0,"max_hp_loss":0,"event_name":"Back to Basics","floor":19,"gold_loss":0,"cards_upgraded":["Defend_G","Defend_G","Defend_G","Defend_G","Strike_G"]}],"is_beta":false,"boss_relics":[{"not_picked":["Velvet Choker","HoveringKite"],"picked":"Empty Cage"}],"items_purged_floors":[3,13],"is_endless":false,"potions_floor_spawned":[8,11,16,20,21],"killed_by":"Cultist and Chosen","ascension_level":16}