{"gold_per_floor":[111,111,111,111,71,71,99,99,126,141,171,171,96,113,113,215,215,227,152,52,72,83,83,118,118,143,174,174,203,203,78,78,175,175,189,205,55,70,84,84,0,0,0,32,32,62,62,62,62,62],"floor_reached":51,"playtime":1949,"items_purged":["Strike_B","Defend_B","Strike_B+1","Normality"],"score":958,"play_id":"c0fb8541-54cf-4f11-a619-3bb4dc34f767","local_time":"20190812232453","is_ascension_mode":true,"campfire_choices":[{"data":"Defragment","floor":6.0,"key":"SMITH"},{"data":"Defragment","floor":8.0,"key":"SMITH"},{"data":"Zap","floor":12.0,"key":"SMITH"},{"floor":15.0,"key":"REST"},{"data":"Sunder","floor":23.0,"key":"SMITH"},{"data":"Undo","floor":25.0,"key":"SMITH"},{"data":"Ball Lightning","floor":28.0,"key":"SMITH"},{"data":"Defend_B","floor":30.0,"key":"PURGE"},{"data":"Defend_B","floor":32.0,"key":"PURGE"},{"data":"Decay","floor":40,"key":"PURGE"},{"data":"Parasite","floor":42,"key":"PURGE"},{"data":"Dualcast+1","floor":45,"key":"PURGE"},{"data":"Thunder Strike","floor":49,"key":"SMITH"}],"neow_cost":"NONE","seed_source_timestamp":0,"circlet_count":0,"master_deck":["Zap+1","Defragment+1","Ball Lightning+1","Defragment+1","Undo+1","Cold Snap","Conserve Battery","Echo Form","Conserve Battery","Sunder+1","Sunder+1","Glacier","Lockon+1","Thunder Strike+1","Capacitor+1","Skim+1"],"special_seed":0,"relics":["Cracked Core","NeowsBlessing","Potion Belt","Bronze Scales","Dead Branch","Snecko Eye","Oddly Smooth Stone","Lantern","Peace Pipe","Calling Bell","Dream Catcher","Mercury Hourglass","Calipers","Red Mask","Kunai","Ancient Tea Set","Orichalcum"],"potions_floor_usage":[39],"damage_taken":[{"damage":0.0,"enemies":"Jaw Worm","floor":1.0,"turns":1.0},{"damage":0.0,"enemies":"Lagavulin","floor":7.0,"turns":1.0},{"damage":0.0,"enemies":"2 Louse","floor":10.0,"turns":1.0},{"damage":18.0,"enemies":"3 Sentries","floor":11.0,"turns":5.0},{"damage":0.0,"enemies":"Small Slimes","floor":14.0,"turns":2.0},{"damage":5.0,"enemies":"Slime Boss","floor":16.0,"turns":8.0},{"damage":0.0,"enemies":"Shell Parasite","floor":18.0,"turns":4.0},{"damage":12.0,"enemies":"Spheric Guardian","floor":21.0,"turns":4.0},{"damage":0.0,"enemies":"Snecko","floor":22.0,"turns":5.0},{"damage":12.0,"enemies":"Book of Stabbing","floor":24.0,"turns":4.0},{"damage":4.0,"enemies":"Slavers","floor":27.0,"turns":3.0},{"damage":4.0,"enemies":"Book of Stabbing","floor":29.0,"turns":4.0},{"damage":0.0,"enemies":"Automaton","floor":33.0,"turns":8.0},{"damage":5.0,"enemies":"Orb Walker","floor":35.0,"turns":3.0},{"damage":0.0,"enemies":"3 Shapes","floor":36.0,"turns":4.0},{"damage":2.0,"enemies":"Maw","floor":38.0,"turns":6.0},{"damage":10,"enemies":"Jaw Worm Horde","floor":39,"turns":3},{"damage":0,"enemies":"Nemesis","floor":44,"turns":7},{"damage":4,"enemies":"Giant Head","floor":46,"turns":6},{"damage":0,"enemies":"Time Eater","floor":50,"turns":8}],"seed_played":"6883189424322361331","potions_obtained":[{"floor":1.0,"key":"Swift Potion"},{"floor":11.0,"key":"Weak Potion"},{"floor":18.0,"key":"Swift Potion"},{"floor":22.0,"key":"Dexterity Potion"},{"floor":29.0,"key":"Fire Potion"},{"floor":35.0,"key":"Regen Potion"},{"floor":38.0,"key":"Fire Potion"},{"floor":44,"key":"Ancient Potion"}],"is_trial":false,"path_per_floor":["M","?","?","?","$","R","E","R","T","M","E","R","$","M","R","B",null,"M","?","$","M","M","R","E","R","T","E","R","E","R","$","R","B",null,"M","M","$","M","M","R","?","R","T","E","R","E","?","?","R","B",null],"character_chosen":"DEFECT","items_purchased":["Defragment"],"campfire_rested":1,"item_purchase_floors":[5],"current_hp_per_floor":[75,60,53,53,53,53,53,53,53,53,35,35,35,35,57,52,75,75,75,75,63,63,63,51,51,51,47,47,43,43,43,43,43,75,70,70,70,68,58,58,58,58,58,58,58,54,72,72,72,72],"gold":62,"neow_bonus":"THREE_ENEMY_KILL","is_prod":false,"is_daily":false,"chose_seed":false,"campfire_upgraded":7,"win_rate":0,"timestamp":1565645093,"path_taken":["M","?","?","?","$","R","E","R","T","?","E","R","$","M","R","BOSS","M","?","$","M","M","R","E","R","T","E","R","E","R","$","R","BOSS","M","M","$","M","M","R","?","R","T","E","R","E","?","?","R","BOSS"],"build_version":"2019-07-17","purchased_purges":4,"victory":true,"max_hp_per_floor":[75,75,75,75,75,75,75,75,75,75,75,75,75,75,75,75,75,75,75,75,75,75,75,75,75,75,75,75,75,75,75,75,75,75,75,75,75,75,75,75,75,72,72,72,72,72,72,72,72,72],"card_choices":[{"not_picked":["Scrape","Melter"],"picked":"Defragment","floor":1.0},{"not_picked":["Doom and Gloom","Hologram"],"picked":"Undo","floor":7.0},{"not_picked":["Consume","Stack","Beam Cell"],"picked":"SKIP","floor":10.0},{"not_picked":["Hello World","Hologram"],"picked":"Cold Snap","floor":11.0},{"not_picked":["White Noise","Melter"],"picked":"Conserve Battery","floor":14.0},{"not_picked":["Buffer","Amplify"],"picked":"Echo Form","floor":16.0},{"not_picked":["Ball Lightning","Gash"],"picked":"Conserve Battery","floor":18.0},{"not_picked":["Undo","Chaos"],"picked":"Sunder","floor":21.0},{"not_picked":["Rip and Tear+1","Steam Power"],"picked":"Sunder+1","floor":22.0},{"not_picked":["Leap","Hologram"],"picked":"Glacier","floor":24.0},{"not_picked":["Gash","Heatsinks+1"],"picked":"Lockon+1","floor":27.0},{"not_picked":["Aggregate","Gash+1"],"picked":"Thunder Strike","floor":29.0},{"not_picked":["Heatsinks","Fusion","Turbo+1"],"picked":"SKIP","floor":35.0},{"not_picked":["Beam Cell","Chaos"],"picked":"Capacitor+1","floor":36.0},{"not_picked":["Fusion","Barrage"],"picked":"Skim+1","floor":38.0},{"not_picked":["Beam Cell+1","Go for the Eyes+1","Steam"],"picked":"SKIP","floor":39},{"not_picked":["Chaos+1","Rip and Tear","Redo+1"],"picked":"SKIP","floor":44},{"not_picked":["All For One","Storm+1","Rebound+1"],"picked":"SKIP","floor":46}],"player_experience":873338,"relics_obtained":[{"floor":7.0,"key":"Potion Belt"},{"floor":9.0,"key":"Bronze Scales"},{"floor":11.0,"key":"Dead Branch"},{"floor":24.0,"key":"Oddly Smooth Stone"},{"floor":27.0,"key":"Lantern"},{"floor":29.0,"key":"Peace Pipe"},{"floor":34.0,"key":"Dream Catcher"},{"floor":34.0,"key":"Mercury Hourglass"},{"floor":34.0,"key":"Calipers"},{"floor":43,"key":"Kunai"},{"floor":44,"key":"Ancient Tea Set"},{"floor":46,"key":"Orichalcum"}],"event_choices":[{"damage_healed":0.0,"max_hp_gain":0.0,"max_hp_loss":0.0,"gold_gain":0.0,"event_name":"Shining Light","player_choice":"Entered Light","floor":2.0,"gold_loss":0.0,"damage_taken":15.0,"cards_upgraded":["Strike_B","Dualcast"]},{"cards_removed":["Strike_B"],"damage_healed":0.0,"max_hp_gain":0.0,"max_hp_loss":0.0,"gold_gain":0.0,"event_name":"Golden Wing","player_choice":"Card Removal","floor":3.0,"gold_loss":0.0,"damage_taken":7.0},{"damage_healed":0.0,"max_hp_gain":0.0,"max_hp_loss":0.0,"gold_gain":0.0,"cards_transformed":["Defend_B"],"event_name":"Living Wall","player_choice":"Change","floor":4.0,"gold_loss":0.0,"damage_taken":0.0,"cards_obtained":["Ball Lightning"]},{"cards_removed":["Strike_B"],"damage_healed":0.0,"max_hp_gain":0.0,"max_hp_loss":0.0,"gold_gain":0.0,"event_name":"Beggar","player_choice":"Gave Gold","floor":19.0,"gold_loss":75.0,"damage_taken":0.0},{"damage_healed":0,"gold_gain":0,"player_choice":"Paid","damage_taken":0,"relics_obtained":["Red Mask"],"max_hp_gain":0,"max_hp_loss":0,"event_name":"Tomb of Lord Red Mask","floor":41,"gold_loss":84},{"damage_healed":18,"gold_gain":0,"player_choice":"Writhe","damage_taken":0,"max_hp_gain":0,"max_hp_loss":0,"event_name":"Winding Halls","floor":47,"gold_loss":0,"cards_obtained":["Writhe"]},{"cards_removed":["Writhe"],"damage_healed":0,"gold_gain":0,"player_choice":"Purged","damage_taken":0,"max_hp_gain":0,"max_hp_loss":0,"event_name":"Purifier","floor":48,"gold_loss":0}],"is_beta":false,"boss_relics":[{"not_picked":["Nuclear Battery","FrozenCore"],"picked":"Snecko Eye"},{"not_picked":["Black Star","Lizard Tail"],"picked":"Calling Bell"}],"items_purged_floors":[13,20,31,37],"is_endless":false,"potions_floor_spawned":[1,11,18,22,29,35,38,44],"ascension_level":1}