{"gold_per_floor":[17,29,46,60,60,60,95,95,95,95,130,141,141,154,154,228,228,238,25,37,37,87,87,97,109,109,135,149,178,178,21,21,95,95,106,106,48,58,74,74,107,107,107,107,126,126,1,21,21,21,21],"floor_reached":51,"playtime":2980,"items_purged":["Strike_B","Strike_B","Strike_B"],"score":1404,"play_id":"ca823f53-b364-4560-b37d-a81fef501e2d","local_time":"20190629172409","is_ascension_mode":true,"campfire_choices":[{"data":"Zap","floor":6,"key":"SMITH"},{"data":"Streamline","floor":8,"key":"SMITH"},{"data":"Dualcast","floor":10,"key":"SMITH"},{"floor":15,"key":"REST"},{"floor":23,"key":"REST"},{"data":"Buffer","floor":30,"key":"SMITH"},{"data":"Redo","floor":32,"key":"SMITH"},{"floor":40,"key":"DIG"},{"floor":42,"key":"REST"},{"data":"Go for the Eyes","floor":44,"key":"SMITH"},{"floor":49,"key":"REST"}],"neow_cost":"NO_GOLD","seed_source_timestamp":165135422406276,"circlet_count":0,"master_deck":["AscendersBane","Strike_B","Defend_B","Defend_B","Defend_B","Zap+1","Dualcast+1","FTL+1","Leap","Gash","Glacier","Streamline+1","Conserve Battery","Gash","Core Surge+1","Buffer+1","Leap+1","Go for the Eyes+1","Gash","Steam","Coolheaded","Chill","Redo+1","Beam Cell","Chill"],"relics":["Cracked Core","Unceasing Top","Matryoshka","Darkstone Periapt","Ornamental Fan","Letter Opener","Bag of Marbles","Busted Crown","Enchiridion","Meat on the Bone","Dream Catcher","Shovel","Art of War","Inserter","Girya","Whetstone","Lantern"],"potions_floor_usage":[7,11,11,25,33,51,51],"damage_taken":[{"damage":0,"enemies":"2 Louse","floor":1,"turns":1},{"damage":0,"enemies":"Cultist","floor":2,"turns":2},{"damage":0,"enemies":"Jaw Worm","floor":3,"turns":4},{"damage":13,"enemies":"Large Slime","floor":4,"turns":7},{"damage":10,"enemies":"Lagavulin","floor":7,"turns":9},{"damage":4,"enemies":"Gremlin Nob","floor":11,"turns":3},{"damage":0,"enemies":"Exordium Wildlife","floor":12,"turns":2},{"damage":4,"enemies":"Gremlin Gang","floor":14,"turns":4},{"damage":20,"enemies":"The Guardian","floor":16,"turns":12},{"damage":19,"enemies":"Shell Parasite","floor":18,"turns":4},{"damage":0,"enemies":"Spheric Guardian","floor":20,"turns":4},{"damage":0,"enemies":"Centurion and Healer","floor":24,"turns":7},{"damage":2,"enemies":"Snake Plant","floor":25,"turns":5},{"damage":27,"enemies":"Slavers","floor":27,"turns":3},{"damage":2,"enemies":"Snecko","floor":28,"turns":6},{"damage":0,"enemies":"Gremlin Leader","floor":29,"turns":8},{"damage":21,"enemies":"Champ","floor":33,"turns":14},{"damage":16,"enemies":"3 Darklings","floor":35,"turns":6},{"damage":0,"enemies":"3 Shapes","floor":38,"turns":3},{"damage":8,"enemies":"Writhing Mass","floor":39,"turns":7},{"damage":31,"enemies":"Nemesis","floor":41,"turns":7},{"damage":25,"enemies":"Jaw Worm Horde","floor":45,"turns":4},{"damage":0,"enemies":"Spire Growth","floor":48,"turns":5},{"damage":18,"enemies":"Awakened One","floor":50,"turns":18},{"damage":42,"enemies":"Time Eater","floor":51,"turns":6}],"seed_played":"-2521774642749014553","potions_obtained":[{"floor":1,"key":"SkillPotion"},{"floor":2,"key":"Explosive Potion"},{"floor":7,"key":"SteroidPotion"},{"floor":14,"key":"Swift Potion"},{"floor":16,"key":"Ancient Potion"},{"floor":20,"key":"Block Potion"},{"floor":24,"key":"SpeedPotion"},{"floor":27,"key":"Dexterity Potion"},{"floor":35,"key":"Ancient Potion"}],"is_trial":false,"path_per_floor":["M","M","M","M","?","R","E","R","T","R","E","M","?","M","R","B",null,"M","$","M","?","?","R","M","M","T","E","M","E","R","$","R","B",null,"M","?","$","M","M","R","E","R","T","R","M","?","$","M","R","B","B"],"character_chosen":"DEFECT","items_purchased":["Go for the Eyes","Gash","Steam","Redo","Beam Cell"],"campfire_rested":4,"item_purchase_floors":[19,19,19,31,37],"current_hp_per_floor":[64,64,64,51,51,51,41,41,41,41,37,37,37,33,54,34,62,43,43,43,22,22,43,43,41,41,26,36,36,36,36,36,27,60,44,44,44,44,36,36,17,38,38,38,25,25,25,37,58,40,0],"gold":21,"neow_bonus":"ONE_RARE_RELIC","is_prod":false,"is_daily":false,"chose_seed":false,"campfire_upgraded":6,"win_rate":0,"timestamp":1561825449,"path_taken":["M","M","M","M","?","R","E","R","T","R","E","?","?","M","R","BOSS","M","$","M","?","?","R","M","M","T","E","?","E","R","?","R","BOSS","M","?","$","M","M","R","E","R","T","R","M","?","$","M","R","BOSS","BOSS"],"build_version":"2019-01-23","purchased_purges":3,"victory":false,"max_hp_per_floor":[71,71,71,71,71,71,71,71,71,71,71,71,71,71,71,71,71,71,71,71,71,71,71,71,71,71,71,71,71,71,71,71,71,71,71,71,71,71,71,71,71,71,71,71,71,71,71,71,71,71,71],"card_choices":[{"not_picked":["Hologram","Rip and Tear"],"picked":"FTL","floor":1},{"not_picked":["Turbo","Chaos"],"picked":"Leap","floor":2},{"not_picked":["Scrape","Force Field"],"picked":"Gash","floor":3},{"not_picked":["Steam","BootSequence"],"picked":"Glacier","floor":4},{"not_picked":["Coolheaded","Rip and Tear"],"picked":"Streamline","floor":7},{"not_picked":["Chaos","Self Repair"],"picked":"Conserve Battery","floor":11},{"not_picked":["Barrage","Stack"],"picked":"Gash","floor":12},{"not_picked":["Turbo","Coolheaded"],"picked":"Core Surge","floor":14},{"not_picked":["Multi-Cast","Reboot"],"picked":"Buffer","floor":16},{"not_picked":[],"picked":"Leap+1","floor":18},{"not_picked":[],"picked":"Coolheaded","floor":20},{"not_picked":["Leap"],"picked":"SKIP","floor":24},{"not_picked":["Stack"],"picked":"SKIP","floor":25},{"not_picked":["Storm"],"picked":"SKIP","floor":27},{"not_picked":[],"picked":"Chill","floor":28},{"not_picked":["Ball Lightning"],"picked":"SKIP","floor":29},{"not_picked":["Rip and Tear"],"picked":"SKIP","floor":35},{"not_picked":["Sunder"],"picked":"SKIP","floor":38},{"not_picked":["Ball Lightning+1"],"picked":"SKIP","floor":39},{"not_picked":["Turbo+1"],"picked":"SKIP","floor":41},{"not_picked":["Rebound"],"picked":"SKIP","floor":45},{"not_picked":["Turbo"],"picked":"SKIP","floor":48},{"not_picked":[],"picked":"Chill","floor":49}],"player_experience":1116916,"relics_obtained":[{"floor":5,"key":"Matryoshka"},{"floor":7,"key":"Darkstone Periapt"},{"floor":9,"key":"Ornamental Fan"},{"floor":9,"key":"Letter Opener"},{"floor":11,"key":"Bag of Marbles"},{"floor":21,"key":"Enchiridion"},{"floor":26,"key":"Meat on the Bone"},{"floor":26,"key":"Dream Catcher"},{"floor":27,"key":"Shovel"},{"floor":29,"key":"Art of War"},{"floor":40,"key":"Girya"},{"floor":41,"key":"Whetstone"},{"floor":43,"key":"Lantern"}],"event_choices":[{"damage_healed":0,"gold_gain":0,"player_choice":"Relic","damage_taken":0,"max_hp_gain":0,"max_hp_loss":0,"event_name":"Wheel of Change","floor":5,"gold_loss":0},{"damage_healed":0,"gold_gain":0,"player_choice":"Ignored","damage_taken":0,"max_hp_gain":0,"max_hp_loss":0,"event_name":"Shining Light","floor":13,"gold_loss":0},{"damage_healed":0,"gold_gain":0,"player_choice":"Obtained Book","damage_taken":21,"max_hp_gain":0,"max_hp_loss":0,"event_name":"Cursed Tome","floor":21,"gold_loss":0},{"damage_healed":0,"gold_gain":50,"player_choice":"Pray","damage_taken":0,"max_hp_gain":0,"max_hp_loss":0,"event_name":"Golden Shrine","floor":22,"gold_loss":0},{"cards_removed":["Defend_B"],"damage_healed":0,"gold_gain":0,"player_choice":"Removed Skill","damage_taken":0,"max_hp_gain":0,"max_hp_loss":0,"event_name":"Falling","floor":36,"gold_loss":0},{"damage_healed":0,"gold_gain":0,"player_choice":"Ignored","damage_taken":0,"max_hp_gain":0,"max_hp_loss":0,"event_name":"Tomb of Lord Red Mask","floor":46,"gold_loss":0}],"is_beta":false,"boss_relics":[{"not_picked":["Sozu","Philosopher\u0027s Stone"],"picked":"Busted Crown"},{"not_picked":["Coffee Dripper","Pandora\u0027s Box"],"picked":"Inserter"}],"items_purged_floors":[19,31,47],"is_endless":false,"potions_floor_spawned":[1,2,7,14,16,20,24,27,35,38,41,45],"killed_by":"Time Eater","ascension_level":20}