{"gold_per_floor":[112,126,50,50,63,63,74,87,111,111,111,111,124,142,142,268,268,286,306,231,246,246,246,146,146,146,146,146,161,186,196,196,298,298,308,318,328,328,353,353,133,145,171,188,213,227,7,7,7,7],"floor_reached":51,"playtime":853,"items_purged":["Strike_R","Strike_R","Defend_R+1","Defend_R+1"],"score":716,"play_id":"c870b2b7-6c11-4a72-9b0e-d53cebcb5708","local_time":"20190924014851","is_ascension_mode":false,"campfire_choices":[{"data":"Inflame","floor":6.0,"key":"SMITH"},{"data":"Flex","floor":10.0,"key":"SMITH"},{"data":"Heavy Blade","floor":12.0,"key":"SMITH"},{"data":"Shockwave","floor":15.0,"key":"SMITH"},{"data":"Demon Form","floor":23.0,"key":"SMITH"},{"data":"Bash","floor":25.0,"key":"SMITH"},{"data":"Battle Trance","floor":27.0,"key":"SMITH"},{"floor":32.0,"key":"REST"},{"floor":40.0,"key":"REST"},{"floor":49,"key":"REST"}],"neow_cost":"NONE","seed_source_timestamp":10540412457259,"circlet_count":0,"master_deck":["Strike_R+1","Strike_R+1","Defend_R+1","Defend_R+1","Bash+1","Inflame+1","Heavy Blade+1","Flex+1","Shockwave+1","Demon Form+1","Battle Trance+1","Inflame"],"special_seed":0,"relics":["Burning Blood","NeowsBlessing","Akabeko","Bloody Idol","Busted Crown","The Courier","War Paint","Fusion Hammer","Boot","Brimstone","Toy Ornithopter","Anchor"],"potions_floor_usage":[42,50,50,50],"damage_taken":[{"damage":0.0,"enemies":"2 Louse","floor":1.0,"turns":1.0},{"damage":0.0,"enemies":"Cultist","floor":2.0,"turns":1.0},{"damage":0.0,"enemies":"Jaw Worm","floor":5.0,"turns":1.0},{"damage":23.0,"enemies":"3 Louse","floor":7.0,"turns":4.0},{"damage":10.0,"enemies":"Looter","floor":8.0,"turns":3.0},{"damage":7.0,"enemies":"Exordium Thugs","floor":13.0,"turns":3.0},{"damage":0.0,"enemies":"Exordium Wildlife","floor":14.0,"turns":3.0},{"damage":46.0,"enemies":"The Guardian","floor":16.0,"turns":9.0},{"damage":6.0,"enemies":"Chosen","floor":18.0,"turns":3.0},{"damage":0.0,"enemies":"Spheric Guardian","floor":19.0,"turns":3.0},{"damage":15.0,"enemies":"Centurion and Healer","floor":21.0,"turns":5.0},{"damage":10.0,"enemies":"Cultist and Chosen","floor":29.0,"turns":3.0},{"damage":17.0,"enemies":"Slavers","floor":30.0,"turns":6.0},{"damage":44.0,"enemies":"Shelled Parasite and Fungi","floor":31.0,"turns":4.0},{"damage":27.0,"enemies":"Collector","floor":33.0,"turns":6.0},{"damage":15.0,"enemies":"3 Darklings","floor":35.0,"turns":3.0},{"damage":15.0,"enemies":"Orb Walker","floor":36.0,"turns":2.0},{"damage":36.0,"enemies":"3 Darklings","floor":37.0,"turns":5.0},{"damage":0,"enemies":"Sphere and 2 Shapes","floor":42,"turns":3},{"damage":8,"enemies":"Writhing Mass","floor":44,"turns":2},{"damage":14,"enemies":"Giant Head","floor":45,"turns":5},{"damage":13,"enemies":"Jaw Worm Horde","floor":46,"turns":3},{"damage":63,"enemies":"Time Eater","floor":50,"turns":6}],"seed_played":"1023355673195235420","potions_obtained":[{"floor":7.0,"key":"BloodPotion"},{"floor":8.0,"key":"GamblersBrew"},{"floor":13.0,"key":"Weak Potion"},{"floor":18.0,"key":"BloodPotion"},{"floor":21.0,"key":"Regen Potion"},{"floor":29.0,"key":"Swift Potion"},{"floor":42,"key":"Fruit Juice"},{"floor":45,"key":"SteroidPotion"}],"is_trial":false,"path_per_floor":["M","M","$","?","M","R","M","M","T","R","?","R","M","M","R","B",null,"M","M","$","M","?","R","$","R","T","R","?","M","E","M","R","B",null,"M","M","M","?","T","R","$","M","T","M","E","M","$","?","R","B",null],"character_chosen":"IRONCLAD","items_purchased":["Inflame","Brimstone","Inflame","Energy Potion"],"campfire_rested":3,"item_purchase_floors":[3,41,47,47],"current_hp_per_floor":[80,80,80,80,80,80,63,59,59,59,59,59,58,64,64,24,74,74,74,74,65,65,65,65,65,65,65,65,74,68,49,71,55,74,70,66,41,41,46,68,68,79,79,79,76,74,74,74,75,37],"gold":7,"neow_bonus":"THREE_ENEMY_KILL","is_prod":false,"is_daily":false,"chose_seed":false,"campfire_upgraded":7,"win_rate":0,"timestamp":1569311331,"path_taken":["M","M","$","?","?","R","M","M","T","R","?","R","M","M","R","BOSS","M","M","$","M","?","R","$","R","T","R","?","M","E","M","R","BOSS","M","M","M","?","?","R","?","M","T","?","E","M","$","?","R","BOSS"],"build_version":"2019-09-23","purchased_purges":4,"victory":true,"max_hp_per_floor":[80,80,80,80,80,80,80,80,80,80,74,74,74,74,74,74,74,74,74,74,74,74,74,74,74,74,74,74,74,74,74,74,74,74,74,74,74,74,74,74,74,79,79,79,79,79,79,75,75,75],"card_choices":[{"not_picked":["Havoc","Sentinel","Body Slam"],"picked":"SKIP","floor":1.0},{"not_picked":["Pommel Strike","Carnage","Iron Wave"],"picked":"SKIP","floor":2.0},{"not_picked":["Power Through","Flex"],"picked":"Heavy Blade","floor":5.0},{"not_picked":["Bloodletting","Warcry"],"picked":"Flex","floor":7.0},{"not_picked":["Wild Strike","Warcry","Hemokinesis"],"picked":"SKIP","floor":8.0},{"not_picked":["Carnage","Clash","Reaper"],"picked":"SKIP","floor":13.0},{"not_picked":["Combust","Sever Soul"],"picked":"Shockwave","floor":14.0},{"not_picked":["Offering","Dark Embrace"],"picked":"Demon Form","floor":16.0},{"not_picked":[],"picked":"Battle Trance","floor":18.0},{"not_picked":["Uppercut"],"picked":"SKIP","floor":19.0},{"not_picked":["Havoc+1"],"picked":"SKIP","floor":21.0},{"not_picked":["Pommel Strike"],"picked":"SKIP","floor":29.0},{"not_picked":["Fire Breathing"],"picked":"SKIP","floor":30.0},{"not_picked":["Headbutt+1"],"picked":"SKIP","floor":31.0},{"not_picked":["Dual Wield"],"picked":"SKIP","floor":35.0},{"not_picked":["Clothesline+1"],"picked":"SKIP","floor":36.0},{"not_picked":["Corruption+1"],"picked":"SKIP","floor":37.0},{"not_picked":["Headbutt+1"],"picked":"SKIP","floor":42},{"not_picked":["Cleave"],"picked":"SKIP","floor":44},{"not_picked":["Juggernaut"],"picked":"SKIP","floor":45},{"not_picked":["Perfected Strike+1"],"picked":"SKIP","floor":46}],"player_experience":1585037,"relics_obtained":[{"floor":9.0,"key":"Akabeko"},{"floor":26.0,"key":"The Courier"},{"floor":30.0,"key":"War Paint"},{"floor":39.0,"key":"Boot"},{"floor":43,"key":"Toy Ornithopter"},{"floor":45,"key":"Anchor"}],"event_choices":[{"damage_healed":0.0,"max_hp_gain":0.0,"max_hp_loss":0.0,"gold_gain":0.0,"event_name":"Match and Keep!","player_choice":"0 cards matched","floor":4.0,"gold_loss":0.0,"damage_taken":0.0,"cards_obtained":[]},{"damage_healed":0.0,"max_hp_gain":0.0,"max_hp_loss":6.0,"gold_gain":0.0,"event_name":"Golden Idol","player_choice":"Lose Max HP","floor":11.0,"gold_loss":0.0,"damage_taken":0.0,"relics_obtained":["Golden Idol"]},{"damage_healed":0.0,"max_hp_gain":0.0,"max_hp_loss":0.0,"gold_gain":0.0,"event_name":"Forgotten Altar","player_choice":"Gave Idol","floor":22.0,"relics_lost":["Golden Idol"],"gold_loss":0.0,"damage_taken":0.0,"relics_obtained":["Bloody Idol"]},{"damage_healed":0.0,"max_hp_gain":0.0,"max_hp_loss":0.0,"gold_gain":0.0,"event_name":"Back to Basics","player_choice":"Simplicity","floor":28.0,"gold_loss":0.0,"damage_taken":0.0,"cards_upgraded":["Strike_R","Strike_R","Strike_R","Defend_R","Defend_R","Defend_R","Defend_R"]},{"cards_removed":["Strike_R"],"damage_healed":0.0,"max_hp_gain":0.0,"max_hp_loss":0.0,"gold_gain":0.0,"event_name":"Falling","player_choice":"Removed Attack","floor":38.0,"gold_loss":0.0,"damage_taken":0.0},{"damage_healed":0,"gold_gain":0,"player_choice":"Max HP","damage_taken":0,"max_hp_gain":0,"max_hp_loss":4,"event_name":"Winding Halls","floor":48,"gold_loss":0}],"is_beta":true,"boss_relics":[{"not_picked":["Cursed Key","Mark of Pain"],"picked":"Busted Crown"},{"not_picked":["Philosopher\u0027s Stone","Astrolabe"],"picked":"Fusion Hammer"}],"items_purged_floors":[20,24,41,47],"is_endless":false,"potions_floor_spawned":[7,8,13,14,18,21,29,42,45],"ascension_level":0}