{"gold_per_floor":[111,111,111,125,50,77,88,88,88,106,132,132,147,178,178,252,252,226,56,69,69],"floor_reached":21,"playtime":920,"items_purged":["Strike_R"],"score":392,"play_id":"44bfafd0-3075-4784-aac7-a8503a794eb3","local_time":"20190516043441","is_ascension_mode":true,"campfire_choices":[{"data":"Bash","floor":8,"key":"SMITH"},{"data":"Dark Embrace","floor":12,"key":"SMITH"},{"data":"Sever Soul","floor":15,"key":"SMITH"}],"neow_cost":"NONE","seed_source_timestamp":191769001517000,"circlet_count":0,"master_deck":["AscendersBane","Strike_R","Strike_R+1","Strike_R+1","Defend_R","Defend_R","Defend_R","Defend_R","Bash+1","Clothesline","Sever Soul+1","Corruption","Ghostly Armor","Power Through","Dark Embrace+1","Wild Strike","Evolve+1","Barricade+1","True Grit+1","Magnetism+1","Armaments"],"relics":["Burning Blood","NeowsBlessing","Unceasing Top","Dead Branch","Strawberry","Frozen Egg 2","Eternal Feather"],"potions_floor_usage":[13,14,14],"damage_taken":[{"damage":0,"enemies":"Small Slimes","floor":1,"turns":1},{"damage":0,"enemies":"2 Louse","floor":4,"turns":1},{"damage":0,"enemies":"3 Sentries","floor":6,"turns":2},{"damage":4,"enemies":"Cultist","floor":7,"turns":3},{"damage":4,"enemies":"Red Slaver","floor":10,"turns":4},{"damage":20,"enemies":"Gremlin Nob","floor":11,"turns":4},{"damage":2,"enemies":"2 Fungi Beasts","floor":13,"turns":4},{"damage":36,"enemies":"Lagavulin","floor":14,"turns":5},{"damage":23,"enemies":"Hexaghost","floor":16,"turns":10},{"damage":41,"enemies":"2 Thieves","floor":18,"turns":5},{"damage":16,"enemies":"Spheric Guardian","floor":20,"turns":5},{"damage":30,"enemies":"3 Cultists","floor":21,"turns":3}],"seed_played":"-4132807392063509558","potions_obtained":[{"floor":7,"key":"BloodPotion"},{"floor":10,"key":"Swift Potion"},{"floor":13,"key":"Energy Potion"},{"floor":20,"key":"GamblersBrew"}],"is_trial":false,"path_per_floor":["M","?","?","M","$","E","M","R","T","M","E","R","M","E","R","B",null,"M","$","M","M"],"character_chosen":"IRONCLAD","items_purchased":["Magnetism+1"],"campfire_rested":0,"item_purchase_floors":[19],"current_hp_per_floor":[74,51,51,57,57,63,65,65,65,67,60,60,64,42,42,25,68,33,33,23,0],"gold":69,"neow_bonus":"THREE_ENEMY_KILL","is_prod":false,"is_daily":false,"chose_seed":false,"campfire_upgraded":3,"win_rate":0,"timestamp":1557974081,"path_taken":["M","?","?","?","?","E","M","R","T","M","E","R","M","E","R","BOSS","M","$","M","M"],"build_version":"2019-01-23","purchased_purges":1,"victory":false,"max_hp_per_floor":[75,75,75,75,75,75,75,75,75,75,82,82,82,82,82,82,82,82,82,82,82],"card_choices":[{"not_picked":["Headbutt","Heavy Blade"],"picked":"Clothesline","floor":1},{"not_picked":["Rage","Thunderclap"],"picked":"Sever Soul","floor":4},{"not_picked":["Reckless Charge","Armaments"],"picked":"Corruption","floor":6},{"not_picked":["Twin Strike","Thunderclap"],"picked":"Ghostly Armor","floor":7},{"not_picked":["Cleave","Reckless Charge"],"picked":"Power Through","floor":10},{"not_picked":["True Grit","Iron Wave"],"picked":"Dark Embrace","floor":11},{"not_picked":["Cleave","Rampage"],"picked":"Wild Strike","floor":13},{"not_picked":["Anger","Second Wind"],"picked":"Evolve","floor":14},{"not_picked":["Limit Break","Offering"],"picked":"Barricade+1","floor":16},{"not_picked":["Rampage","Heavy Blade"],"picked":"True Grit+1","floor":18},{"not_picked":["Blood for Blood","Shrug It Off"],"picked":"Armaments","floor":20}],"player_experience":1112331,"relics_obtained":[{"floor":6,"key":"Unceasing Top"},{"floor":9,"key":"Dead Branch"},{"floor":11,"key":"Strawberry"},{"floor":14,"key":"Frozen Egg 2"}],"event_choices":[{"damage_healed":0,"gold_gain":0,"player_choice":"Entered Light","damage_taken":23,"max_hp_gain":0,"max_hp_loss":0,"event_name":"Shining Light","floor":2,"gold_loss":0,"cards_upgraded":["Strike_R","Strike_R"]},{"cards_removed":["Strike_R"],"damage_healed":0,"gold_gain":0,"player_choice":"Offered Basic","damage_taken":0,"max_hp_gain":0,"max_hp_loss":0,"event_name":"Bonfire Elementals","floor":3,"gold_loss":0}],"is_beta":false,"boss_relics":[{"not_picked":["Snecko Eye","Philosopher\u0027s Stone"],"picked":"Eternal Feather"}],"items_purged_floors":[5],"is_endless":false,"potions_floor_spawned":[7,10,11,13,20],"killed_by":"3 Cultists","ascension_level":15}