{"gold_per_floor":[19,19,29,43,118,118,268,268,350,350,147,157,157,192,192,192],"floor_reached":16,"playtime":455,"items_purged":["Doubt"],"score":186,"play_id":"da130f50-7ba1-4e0f-91b5-5470937ff298","local_time":"20190807002513","is_ascension_mode":true,"campfire_choices":[{"data":"Bash","floor":6,"key":"SMITH"},{"data":"Flame Barrier","floor":8,"key":"SMITH"},{"data":"Headbutt","floor":10,"key":"SMITH"},{"data":"Feel No Pain","floor":15,"key":"SMITH"}],"neow_cost":"NO_GOLD","seed_source_timestamp":372616522406900,"circlet_count":0,"master_deck":["AscendersBane","Strike_R","Strike_R","Defend_R","Defend_R","Defend_R","Defend_R","Bash+1","Headbutt","Hemokinesis","Headbutt+1","Flame Barrier+1","Metallicize","Dual Wield","Shockwave","Injury","Feel No Pain+1"],"relics":["Burning Blood","Kunai","Golden Idol","Toxic Egg 2"],"potions_floor_usage":[14],"damage_taken":[{"damage":9,"enemies":"Jaw Worm","floor":1,"turns":6},{"damage":5,"enemies":"2 Louse","floor":3,"turns":3},{"damage":7,"enemies":"Small Slimes","floor":4,"turns":3},{"damage":3,"enemies":"2 Fungi Beasts","floor":12,"turns":2},{"damage":65,"enemies":"3 Sentries","floor":14,"turns":13},{"damage":13,"enemies":"Hexaghost","floor":16,"turns":9}],"seed_played":"4586094989761945781","potions_obtained":[{"floor":4,"key":"Ancient Potion"},{"floor":12,"key":"Regen Potion"}],"is_trial":false,"path_per_floor":["M","?","M","M","?","R","?","R","T","R","$","M","?","E","R","B"],"character_chosen":"IRONCLAD","items_purchased":["Metallicize","Dual Wield"],"campfire_rested":0,"item_purchase_floors":[11,11],"current_hp_per_floor":[65,65,66,65,54,54,54,54,54,54,54,57,57,13,13,0],"gold":192,"neow_bonus":"REMOVE_TWO","is_prod":false,"is_daily":false,"chose_seed":false,"campfire_upgraded":4,"win_rate":0,"timestamp":1565130313,"path_taken":["M","?","M","M","?","R","?","R","T","R","$","M","?","E","R","BOSS"],"build_version":"2019-07-17","purchased_purges":1,"victory":false,"max_hp_per_floor":[75,75,75,75,75,75,75,75,75,75,75,75,75,75,75,75],"card_choices":[{"not_picked":["Sentinel","Dual Wield"],"picked":"Headbutt","floor":1},{"not_picked":["Wild Strike","Cleave"],"picked":"Headbutt","floor":3},{"not_picked":["Anger","Second Wind"],"picked":"Flame Barrier","floor":4},{"not_picked":["Iron Wave","Flex"],"picked":"Shockwave","floor":12},{"not_picked":["Burning Pact","Fiend Fire"],"picked":"Feel No Pain","floor":14}],"player_experience":1796064,"relics_obtained":[{"floor":9,"key":"Kunai"},{"floor":14,"key":"Toxic Egg 2"}],"event_choices":[{"damage_healed":0,"gold_gain":0,"cards_transformed":["Strike_R"],"player_choice":"Change","damage_taken":0,"max_hp_gain":0,"max_hp_loss":0,"event_name":"Living Wall","floor":2,"gold_loss":0,"cards_obtained":["Hemokinesis"]},{"damage_healed":0,"gold_gain":75,"player_choice":"Gather Gold","damage_taken":11,"max_hp_gain":0,"max_hp_loss":0,"event_name":"World of Goop","floor":5,"gold_loss":0},{"damage_healed":0,"gold_gain":150,"player_choice":"AGREE","damage_taken":0,"max_hp_gain":0,"max_hp_loss":0,"event_name":"Liars Game","floor":7,"gold_loss":0,"cards_obtained":["Doubt"]},{"damage_healed":0,"gold_gain":0,"player_choice":"Take Wound","damage_taken":0,"relics_obtained":["Golden Idol"],"max_hp_gain":0,"max_hp_loss":0,"event_name":"Golden Idol","floor":13,"gold_loss":0,"cards_obtained":["Injury"]}],"is_beta":false,"boss_relics":[],"items_purged_floors":[11],"is_endless":false,"potions_floor_spawned":[4,12],"killed_by":"Hexaghost","ascension_level":18}