{"gold_per_floor":[113,93,113,113,113,113,113,141,165,165,177,177,177,202,202,281,281,293,313,313],"floor_reached":20,"playtime":451,"items_purged":[],"score":379,"play_id":"63d4cd1c-55c7-43e2-9b1f-568c9d6b004a","local_time":"20190718210309","is_ascension_mode":true,"campfire_choices":[{"data":"Bash","floor":6,"key":"SMITH"},{"data":"Spot Weakness","floor":10,"key":"SMITH"},{"data":"Feel No Pain","floor":12,"key":"SMITH"},{"data":"Heavy Blade","floor":15,"key":"SMITH"}],"neow_cost":"NONE","seed_source_timestamp":519767275209500,"circlet_count":0,"master_deck":["AscendersBane","Strike_R","Strike_R","Strike_R","Strike_R+1","Strike_R","Defend_R","Defend_R","Defend_R+1","Defend_R","Bash+1","Feel No Pain+1","Spot Weakness+1","Heavy Blade+1","Iron Wave","Heavy Blade","Dark Embrace","Anger","Armaments"],"relics":["Burning Blood","NeowsBlessing","Pantograph","Bag of Marbles","Red Skull","Blue Candle","Mark of Pain"],"potions_floor_usage":[2,14,16,18,20],"damage_taken":[{"damage":0,"enemies":"2 Louse","floor":1,"turns":1},{"damage":0,"enemies":"Cultist","floor":3,"turns":1},{"damage":0,"enemies":"3 Sentries","floor":8,"turns":2},{"damage":14,"enemies":"Jaw Worm","floor":11,"turns":4},{"damage":8,"enemies":"Gremlin Nob","floor":14,"turns":4},{"damage":34,"enemies":"The Guardian","floor":16,"turns":13},{"damage":40,"enemies":"Shell Parasite","floor":18,"turns":4},{"damage":0,"enemies":"Chosen","floor":19,"turns":3},{"damage":45,"enemies":"3 Cultists","floor":20,"turns":4}],"seed_played":"2664766316644335659","potions_obtained":[{"floor":1,"key":"Fire Potion"},{"floor":2,"key":"Fruit Juice"},{"floor":8,"key":"Block Potion"},{"floor":14,"key":"Block Potion"},{"floor":19,"key":"Fire Potion"}],"is_trial":false,"path_per_floor":["M","?","M","?","$","R","$","E","T","R","M","R","?","E","R","B",null,"M","M","M"],"character_chosen":"IRONCLAD","items_purchased":[],"campfire_rested":0,"item_purchase_floors":[],"current_hp_per_floor":[74,79,80,75,75,75,75,80,80,80,72,72,48,46,46,43,71,37,43,0],"gold":313,"neow_bonus":"THREE_ENEMY_KILL","is_prod":false,"is_daily":false,"chose_seed":false,"campfire_upgraded":4,"win_rate":0,"timestamp":1563476589,"path_taken":["M","?","?","?","?","R","$","E","T","R","M","R","?","E","R","BOSS","M","M","M"],"build_version":"2019-07-17","purchased_purges":0,"victory":false,"max_hp_per_floor":[75,80,80,80,80,80,80,80,80,80,80,80,80,80,80,80,80,80,80,80],"card_choices":[{"not_picked":["Clothesline","Body Slam"],"picked":"Feel No Pain","floor":1},{"not_picked":["Pommel Strike","Feel No Pain"],"picked":"Spot Weakness","floor":3},{"not_picked":["Blood for Blood","Sentinel"],"picked":"Heavy Blade","floor":8},{"not_picked":["Flex","Sword Boomerang"],"picked":"Iron Wave","floor":11},{"not_picked":["Inflame","Second Wind"],"picked":"Heavy Blade","floor":14},{"not_picked":["Fiend Fire","Demon Form"],"picked":"Dark Embrace","floor":16},{"not_picked":["True Grit+1","Flex+1"],"picked":"Anger","floor":18},{"not_picked":["Hemokinesis","Havoc"],"picked":"Armaments","floor":19}],"player_experience":1675372,"relics_obtained":[{"floor":8,"key":"Bag of Marbles"},{"floor":9,"key":"Red Skull"},{"floor":14,"key":"Blue Candle"}],"event_choices":[{"damage_healed":0,"gold_gain":0,"player_choice":"Bought 1 Potion","damage_taken":0,"max_hp_gain":0,"max_hp_loss":0,"event_name":"The Woman in Blue","floor":2,"gold_loss":0},{"damage_healed":0,"gold_gain":0,"player_choice":"Success","damage_taken":5,"relics_obtained":["Pantograph"],"max_hp_gain":0,"max_hp_loss":0,"event_name":"Scrap Ooze","floor":4,"gold_loss":0},{"damage_healed":0,"gold_gain":0,"player_choice":"Entered Light","damage_taken":24,"max_hp_gain":0,"max_hp_loss":0,"event_name":"Shining Light","floor":13,"gold_loss":0,"cards_upgraded":["Strike_R","Defend_R"]}],"is_beta":false,"boss_relics":[{"not_picked":["Runic Pyramid","Coffee Dripper"],"picked":"Mark of Pain"}],"items_purged_floors":[],"is_endless":false,"potions_floor_spawned":[1,8,14,19],"killed_by":"3 Cultists","ascension_level":17}