{"gold_per_floor":[109,127,127,143,16,16,45,45,45,45,64,64,79,79,79,152,152,170,183,62,0,0,0,16,51,127,138,138,138,150,168,168,168],"floor_reached":33,"playtime":1309,"items_purged":["Strike_G","Strike_G"],"score":441,"play_id":"c018227b-650a-47dd-8985-e97047f7cdc8","local_time":"20190303190307","is_ascension_mode":true,"campfire_choices":[{"data":"Neutralize","floor":6,"key":"SMITH"},{"data":"Crippling Poison","floor":10,"key":"SMITH"},{"floor":15,"key":"REST"},{"floor":23,"key":"REST"},{"floor":28,"key":"REST"},{"floor":32,"key":"REST"}],"neow_cost":"NONE","seed_source_timestamp":169089748011600,"circlet_count":0,"master_deck":["AscendersBane","Defend_G","Defend_G","Defend_G","Defend_G","Strike_G","Survivor","Neutralize+1","Flying Knee","Dagger Spray","Crippling Poison+1","Blur","Skewer+1","Footwork","A Thousand Cuts+1","Dash","Bane","Flying Knee","PiercingWail","Choke","Footwork","Escape Plan","Bullet Time","Dagger Throw","Bouncing Flask","Blur+1","Catalyst"],"relics":["Ring of the Snake","PreservedInsect","The Courier","Dream Catcher","Happy Flower","Black Star","Omamori","Blue Candle","Bottled Flame"],"potions_floor_usage":[7,16,19,27,31],"damage_taken":[{"damage":2,"enemies":"2 Louse","floor":1,"turns":4},{"damage":5,"enemies":"Jaw Worm","floor":2,"turns":5},{"damage":4,"enemies":"Small Slimes","floor":4,"turns":4},{"damage":15,"enemies":"Gremlin Nob","floor":7,"turns":4},{"damage":0,"enemies":"3 Louse","floor":11,"turns":1},{"damage":0,"enemies":"Looter","floor":13,"turns":5},{"damage":4,"enemies":"The Guardian","floor":16,"turns":11},{"damage":10,"enemies":"Shell Parasite","floor":18,"turns":13},{"damage":18,"enemies":"Spheric Guardian","floor":19,"turns":5},{"damage":17,"enemies":"Shelled Parasite and Fungi","floor":24,"turns":8},{"damage":21,"enemies":"Gremlin Leader","floor":25,"turns":5},{"damage":7,"enemies":"Snecko","floor":27,"turns":5},{"damage":6,"enemies":"Snake Plant","floor":30,"turns":4},{"damage":23,"enemies":"Shelled Parasite and Fungi","floor":31,"turns":6},{"damage":68,"enemies":"Champ","floor":33,"turns":13}],"seed_played":"5089836411075763766","potions_obtained":[{"floor":2,"key":"Swift Potion"},{"floor":7,"key":"FairyPotion"},{"floor":18,"key":"SkillPotion"},{"floor":19,"key":"Weak Potion"},{"floor":25,"key":"EssenceOfSteel"},{"floor":30,"key":"Fire Potion"}],"is_trial":false,"path_per_floor":["M","M","?","M","$","R","E","?","T","R","M","?","M","?","R","B",null,"M","M","$","?","?","R","M","E","T","M","R","?","M","M","R","B"],"character_chosen":"THE_SILENT","items_purchased":["PowerPotion","Flying Knee"],"campfire_rested":4,"item_purchase_floors":[5,20],"current_hp_per_floor":[61,56,61,57,57,57,42,17,17,17,17,10,10,10,32,28,63,53,35,35,35,35,57,40,19,19,12,34,34,28,5,27,0],"gold":168,"neow_bonus":"RANDOM_COMMON_RELIC","is_prod":false,"is_daily":false,"chose_seed":false,"campfire_upgraded":2,"win_rate":0,"timestamp":1551636187,"path_taken":["M","M","?","M","$","R","E","?","T","R","M","?","M","?","R","BOSS","M","M","$","?","?","R","?","E","T","M","R","?","M","M","R","BOSS"],"build_version":"2019-01-23","purchased_purges":2,"victory":false,"max_hp_per_floor":[70,70,75,75,75,75,75,75,75,75,75,75,75,75,75,75,75,75,75,75,75,75,75,75,75,75,75,75,75,75,75,75,75],"card_choices":[{"not_picked":["Underhanded Strike","Prepared"],"picked":"Flying Knee","floor":1},{"not_picked":["Heel Hook","Noxious Fumes"],"picked":"Dagger Spray","floor":2},{"not_picked":["Flying Knee","Cloak And Dagger"],"picked":"Crippling Poison","floor":4},{"not_picked":["PiercingWail","Bane"],"picked":"Blur","floor":7},{"not_picked":["Sucker Punch","Backstab"],"picked":"Skewer","floor":11},{"not_picked":["Bane","Slice"],"picked":"Footwork","floor":13},{"not_picked":["After Image","Tools of the Trade"],"picked":"A Thousand Cuts","floor":16},{"not_picked":["Predator","Backflip"],"picked":"Dash","floor":18},{"not_picked":["Deadly Poison","Concentrate"],"picked":"Bane","floor":19},{"not_picked":["Underhanded Strike","Slice"],"picked":"PiercingWail","floor":23},{"not_picked":["Dash","Flying Knee"],"picked":"Choke","floor":24},{"not_picked":["Blade Dance","Masterful Stab"],"picked":"Footwork","floor":25},{"not_picked":["Backflip","Calculated Gamble"],"picked":"Escape Plan","floor":27},{"not_picked":["Prepared","Flechettes"],"picked":"Bouncing Flask","floor":30},{"not_picked":["Dagger Spray","Dodge and Roll"],"picked":"Blur+1","floor":31},{"not_picked":["Deadly Poison","Dagger Throw"],"picked":"Catalyst","floor":32}],"player_experience":924926,"relics_obtained":[{"floor":7,"key":"The Courier"},{"floor":9,"key":"Happy Flower"},{"floor":25,"key":"Omamori"},{"floor":25,"key":"Blue Candle"},{"floor":26,"key":"Bottled Flame"}],"event_choices":[{"damage_healed":0,"gold_gain":0,"player_choice":"Donut","damage_taken":0,"max_hp_gain":5,"max_hp_loss":0,"event_name":"Big Fish","floor":3,"gold_loss":0},{"damage_healed":0,"gold_gain":0,"player_choice":"Success","damage_taken":25,"relics_obtained":["Dream Catcher"],"max_hp_gain":0,"max_hp_loss":0,"event_name":"Scrap Ooze","floor":8,"gold_loss":0},{"cards_removed":["Strike_G"],"damage_healed":0,"gold_gain":0,"player_choice":"Card Removal","damage_taken":7,"max_hp_gain":0,"max_hp_loss":0,"event_name":"Golden Wing","floor":12,"gold_loss":0},{"damage_healed":0,"gold_gain":0,"player_choice":"Grow","damage_taken":0,"max_hp_gain":0,"max_hp_loss":0,"event_name":"Living Wall","floor":14,"gold_loss":0,"cards_upgraded":["Skewer"]},{"damage_healed":0,"gold_gain":0,"player_choice":"Paid Fearfully","damage_taken":0,"max_hp_gain":0,"max_hp_loss":0,"event_name":"Masked Bandits","floor":21,"gold_loss":62},{"damage_healed":0,"gold_gain":0,"player_choice":"Upgraded","damage_taken":0,"max_hp_gain":0,"max_hp_loss":0,"event_name":"Upgrade Shrine","floor":22,"gold_loss":0,"cards_upgraded":["A Thousand Cuts"]},{"damage_healed":0,"gold_gain":0,"cards_transformed":["Strike_G","Defend_G"],"player_choice":"Became Test Subject","damage_taken":0,"max_hp_gain":0,"max_hp_loss":0,"event_name":"Drug Dealer","floor":29,"gold_loss":0,"cards_obtained":["Bullet Time","Dagger Throw"]}],"is_beta":false,"boss_relics":[{"not_picked":["HoveringKite","Velvet Choker"],"picked":"Black Star"}],"items_purged_floors":[5,20],"is_endless":false,"potions_floor_spawned":[2,7,13,18,19,25,30],"killed_by":"Champ","ascension_level":13}