{"gold_per_floor":[112,127,40,40,66,66,100,100,100,100,40,40,40,53,53,53],"floor_reached":16,"playtime":654,"items_purged":[],"score":173,"play_id":"f5f19a9c-a94f-4bb3-aa1f-86ce43b51861","local_time":"20191003002221","is_ascension_mode":true,"campfire_choices":[{"data":"Footwork","floor":6.0,"key":"SMITH"},{"data":"Sucker Punch","floor":8,"key":"SMITH"},{"data":"Sucker Punch","floor":13,"key":"SMITH"},{"data":"Malaise","floor":15,"key":"SMITH"}],"neow_cost":"NONE","seed_source_timestamp":103742782866117,"circlet_count":0,"master_deck":["AscendersBane","Strike_G","Strike_G","Strike_G","Defend_G","Defend_G","Defend_G","Defend_G","Defend_G","Survivor","Neutralize","Sucker Punch+1","Footwork+1","Sucker Punch+1","Malaise+1"],"special_seed":0,"relics":["Ring of the Snake","FossilizedHelix","Bag of Marbles","Frozen Egg 2","Letter Opener"],"potions_floor_usage":[7,16,16],"damage_taken":[{"damage":1.0,"enemies":"Small Slimes","floor":1.0,"turns":5.0},{"damage":1.0,"enemies":"Jaw Worm","floor":2.0,"turns":8.0},{"damage":27,"enemies":"Lagavulin","floor":7,"turns":11},{"damage":0,"enemies":"2 Louse","floor":14,"turns":3},{"damage":40,"enemies":"Hexaghost","floor":16,"turns":21}],"seed_played":"7852087413624266155","potions_obtained":[{"floor":2.0,"key":"FearPotion"},{"floor":7,"key":"SkillPotion"},{"floor":14,"key":"GhostInAJar"}],"is_trial":false,"path_per_floor":["M","M","$","?","T","R","E","R","T","?","?","?","R","M","R","B"],"character_chosen":"THE_SILENT","items_purchased":["Footwork"],"campfire_rested":0,"item_purchase_floors":[3],"current_hp_per_floor":[58,57,57,52,52,52,25,25,25,18,18,40,40,40,40,0],"gold":53,"neow_bonus":"REMOVE_CARD","is_prod":false,"is_daily":false,"chose_seed":false,"campfire_upgraded":4,"win_rate":0,"timestamp":1570087341,"path_taken":["M","M","$","?","?","R","E","R","T","?","?","?","R","M","R","BOSS"],"build_version":"2019-07-17","purchased_purges":0,"victory":false,"max_hp_per_floor":[66,66,66,66,66,66,66,66,66,66,66,66,66,66,66,66],"card_choices":[{"not_picked":["Acrobatics","Deadly Poison","All Out Attack"],"picked":"SKIP","floor":1.0},{"not_picked":["Deadly Poison","Quick Slash"],"picked":"Sucker Punch","floor":2.0},{"not_picked":["Prepared","Catalyst"],"picked":"Sucker Punch","floor":7},{"not_picked":["Outmaneuver","Infinite Blades+1"],"picked":"Malaise","floor":14}],"player_experience":303689,"relics_obtained":[{"floor":5.0,"key":"Bag of Marbles"},{"floor":7,"key":"Frozen Egg 2"},{"floor":9,"key":"Letter Opener"}],"event_choices":[{"damage_healed":0.0,"max_hp_gain":0.0,"max_hp_loss":0.0,"gold_gain":0.0,"event_name":"Scrap Ooze","player_choice":"Success","floor":4.0,"gold_loss":0.0,"damage_taken":5.0,"relics_obtained":["FossilizedHelix"]},{"cards_removed":["Strike_G"],"damage_healed":0,"gold_gain":0,"player_choice":"Card Removal","damage_taken":7,"max_hp_gain":0,"max_hp_loss":0,"event_name":"Golden Wing","floor":10,"gold_loss":0},{"damage_healed":0,"gold_gain":0,"player_choice":"Left Gold","damage_taken":0,"max_hp_gain":0,"max_hp_loss":0,"event_name":"World of Goop","floor":11,"gold_loss":60},{"damage_healed":22,"gold_gain":0,"player_choice":"Banana","damage_taken":0,"max_hp_gain":0,"max_hp_loss":0,"event_name":"Big Fish","floor":12,"gold_loss":0}],"is_beta":false,"boss_relics":[],"items_purged_floors":[],"is_endless":false,"potions_floor_spawned":[2,7,14],"killed_by":"Hexaghost","ascension_level":16}