{"gold_per_floor":[111,111,7,19,19,54,54,85,111,136,171,171,171,200,200,303,303,321,321,176,176,188,223,249,580,607,607,30,58,86,119,119,223,223,234,334,334,346,346,346,346,346,346,346,88,119,119],"floor_reached":47,"playtime":1295,"items_purged":["Seek+1"],"score":1851,"play_id":"516c842b-5c5a-4838-b776-007ba48e9f86","local_time":"20190808154644","daily_mods":["SealedDeck","Blue Cards","Heirloom","Time Dilation","Flight","Elite Swarm","Lethality"],"is_ascension_mode":true,"campfire_choices":[{"data":"Gash","floor":7.0,"key":"SMITH"},{"data":"Envenom","floor":12.0,"key":"SMITH"},{"floor":15.0,"key":"RECALL"},{"data":"Adrenaline","floor":27,"key":"SMITH"},{"data":"A Thousand Cuts","floor":32,"key":"SMITH"},{"data":"Envenom","floor":40,"key":"SMITH"}],"neow_cost":"","seed_source_timestamp":0,"circlet_count":0,"master_deck":["Gash+1","Adrenaline+1","Envenom+1","A Thousand Cuts+1","BootSequence+1","Envenom+1","Night Terror+1","BootSequence+1"],"special_seed":0,"relics":["Unceasing Top","Turnip","Bag of Marbles","Kunai","Regal Pillow","Bag of Preparation","Happy Flower","Toxic Egg 2","Philosopher\u0027s Stone","Pantograph","Boot","Old Coin","Oddly Smooth Stone","MealTicket","Tingsha","Pear","Bronze Scales","Dodecahedron","Coffee Dripper","Ice Cream","Potion Belt","Mercury Hourglass"],"potions_floor_usage":[47,47,47],"damage_taken":[{"damage":0.0,"enemies":"Jaw Worm","floor":1.0,"turns":1.0},{"damage":0.0,"enemies":"Cultist","floor":4.0,"turns":1.0},{"damage":0.0,"enemies":"3 Sentries","floor":6.0,"turns":1.0},{"damage":0.0,"enemies":"Gremlin Nob","floor":8.0,"turns":1.0},{"damage":0.0,"enemies":"Lagavulin","floor":10.0,"turns":1.0},{"damage":0.0,"enemies":"3 Sentries","floor":11.0,"turns":1.0},{"damage":0.0,"enemies":"Gremlin Nob","floor":14.0,"turns":1.0},{"damage":0.0,"enemies":"Slime Boss","floor":16.0,"turns":1.0},{"damage":0,"enemies":"Chosen","floor":18,"turns":1},{"damage":0,"enemies":"Spheric Guardian","floor":22,"turns":1},{"damage":0,"enemies":"Gremlin Leader","floor":23,"turns":1},{"damage":0,"enemies":"Slavers","floor":24,"turns":1},{"damage":0,"enemies":"Gremlin Leader","floor":25,"turns":1},{"damage":0,"enemies":"Book of Stabbing","floor":29,"turns":1},{"damage":0,"enemies":"Gremlin Leader","floor":30,"turns":1},{"damage":0,"enemies":"Book of Stabbing","floor":31,"turns":1},{"damage":0,"enemies":"Champ","floor":33,"turns":1},{"damage":0,"enemies":"3 Shapes","floor":35,"turns":1},{"damage":0,"enemies":"Mind Bloom Boss Battle","floor":36,"turns":3},{"damage":0,"enemies":"Orb Walker","floor":38,"turns":1},{"damage":0,"enemies":"Donu and Deca","floor":42,"turns":1},{"damage":0,"enemies":"Shield and Spear","floor":46,"turns":1},{"damage":98,"enemies":"The Heart","floor":47,"turns":2}],"seed_played":"-7892490499551972951","potions_obtained":[{"floor":4.0,"key":"AttackPotion"},{"floor":8.0,"key":"Regen Potion"},{"floor":14.0,"key":"Dexterity Potion"},{"floor":16.0,"key":"EssenceOfSteel"},{"floor":18,"key":"EssenceOfSteel"},{"floor":25,"key":"GhostInAJar"},{"floor":36,"key":"FairyPotion"}],"is_trial":true,"path_per_floor":["M","$","?","M","?","E","R","E","T","E","E","R","?","E","R","B",null,"M","$","$","?","M","E","E","E","T","R","$","E","E","E","R","B",null,"M","?","?","M","?","R","?","B",null,"R","$","E","B"],"character_chosen":"THE_SILENT","items_purchased":["A Thousand Cuts","BootSequence+1","MealTicket","Tingsha","Potion Belt","SteroidPotion","AttackPotion"],"campfire_rested":0,"item_purchase_floors":[20,20,28,28,45,45,45],"current_hp_per_floor":[63,63,63,63,68,68,68,68,68,68,68,68,68,68,68,68,73,73,73,73,57,57,57,57,57,57,57,57,67,67,67,67,85,85,85,85,85,85,85,85,85,85,85,85,85,85,0],"gold":119,"neow_bonus":"","is_prod":false,"is_daily":false,"chose_seed":false,"campfire_upgraded":5,"win_rate":0,"timestamp":1565304404,"path_taken":["M","$","?","?","?","E","R","E","T","E","E","R","?","E","R","BOSS","M","$","$","?","M","E","E","E","T","R","$","E","E","E","R","BOSS","M","?","?","?","?","R","?","BOSS","R","$","E","BOSS"],"build_version":"2019-07-17","purchased_purges":1,"victory":false,"max_hp_per_floor":[70,70,70,70,75,75,75,75,75,75,75,75,75,75,75,75,75,75,75,75,75,75,75,75,75,75,75,75,85,85,85,85,85,85,85,85,85,85,85,85,85,85,85,85,85,85,85],"card_choices":[{"not_picked":["Sucker Punch","Backflip","Dagger Spray"],"picked":"SKIP","floor":1.0},{"not_picked":["Dagger Throw","Masterful Stab","Rebound"],"picked":"SKIP","floor":4.0},{"not_picked":["Biased Cognition","Reboot","Venomology"],"picked":"SKIP","floor":6.0},{"not_picked":["Biased Cognition","Reboot","Venomology"],"picked":"SKIP","floor":6.0},{"not_picked":["Echo Form","Core Surge","Wraith Form v2"],"picked":"SKIP","floor":8.0},{"not_picked":["Storm of Steel","Corpse Explosion"],"picked":"Adrenaline","floor":10.0},{"not_picked":["Glass Knife","Malaise"],"picked":"Envenom","floor":11.0},{"not_picked":["Echo Form","Grand Finale","All For One"],"picked":"SKIP","floor":14.0},{"not_picked":["Night Terror+1","Glass Knife"],"picked":"Seek+1","floor":16.0},{"not_picked":["Redo+1","Sweeping Beam+1","Leg Sweep+1"],"picked":"SKIP","floor":18},{"not_picked":["Flechettes","Conserve Battery+1","Turbo+1"],"picked":"SKIP","floor":22},{"not_picked":["Machine Learning","Wraith Form v2","Reboot+1"],"picked":"SKIP","floor":23},{"not_picked":["Meteor Strike","Multi-Cast+1","Die Die Die"],"picked":"SKIP","floor":24},{"not_picked":["Meteor Strike","Hyperbeam"],"picked":"Envenom","floor":25},{"not_picked":["Thunder Strike","A Thousand Cuts","Multi-Cast+1"],"picked":"SKIP","floor":29},{"not_picked":["Corpse Explosion+1","Storm of Steel+1","Rainbow+1"],"picked":"SKIP","floor":30},{"not_picked":["All For One","Biased Cognition","Corpse Explosion+1"],"picked":"SKIP","floor":31},{"not_picked":["Die Die Die","Grand Finale"],"picked":"Night Terror+1","floor":33},{"not_picked":["Streamline+1","Well Laid Plans+1","Redo+1"],"picked":"SKIP","floor":35},{"not_picked":["Caltrops","Underhanded Strike+1","Ball Lightning+1"],"picked":"SKIP","floor":38},{"not_picked":["Meteor Strike","Wraith Form v2","Unload"],"picked":"SKIP","floor":46}],"player_experience":167193,"relics_obtained":[{"floor":6.0,"key":"Kunai"},{"floor":8.0,"key":"Regal Pillow"},{"floor":10.0,"key":"Bag of Preparation"},{"floor":11.0,"key":"Happy Flower"},{"floor":14.0,"key":"Toxic Egg 2"},{"floor":23,"key":"Pantograph"},{"floor":24,"key":"Boot"},{"floor":25,"key":"Old Coin"},{"floor":26,"key":"Oddly Smooth Stone"},{"floor":29,"key":"Pear"},{"floor":30,"key":"Bronze Scales"},{"floor":31,"key":"Dodecahedron"},{"floor":36,"key":"Ice Cream"},{"floor":46,"key":"Mercury Hourglass"}],"event_choices":[{"damage_healed":0.0,"max_hp_gain":0.0,"max_hp_loss":0.0,"gold_gain":0.0,"event_name":"WeMeetAgain","player_choice":"Paid Gold","floor":3.0,"gold_loss":104.0,"damage_taken":0.0,"relics_obtained":["Bag of Marbles"]},{"damage_healed":0.0,"max_hp_gain":5.0,"max_hp_loss":0.0,"gold_gain":0.0,"event_name":"Big Fish","player_choice":"Donut","floor":5.0,"gold_loss":0.0,"damage_taken":0.0},{"damage_healed":0.0,"max_hp_gain":0.0,"max_hp_loss":0.0,"gold_gain":0.0,"event_name":"Purifier","player_choice":"Ignored","floor":13.0,"gold_loss":0.0,"damage_taken":0.0},{"damage_healed":0,"gold_gain":0,"player_choice":"Obtained Book","damage_taken":16,"max_hp_gain":0,"max_hp_loss":0,"event_name":"Cursed Tome","floor":21,"gold_loss":0},{"damage_healed":0,"gold_gain":0,"player_choice":"Fight","damage_taken":0,"max_hp_gain":0,"max_hp_loss":0,"event_name":"MindBloom","floor":36,"gold_loss":0},{"damage_healed":0,"gold_gain":0,"player_choice":"Copied","damage_taken":0,"max_hp_gain":0,"max_hp_loss":0,"event_name":"Duplicator","floor":37,"gold_loss":0,"cards_obtained":["BootSequence"]},{"damage_healed":0,"gold_gain":0,"player_choice":"Ignored","damage_taken":0,"max_hp_gain":0,"max_hp_loss":0,"event_name":"Tomb of Lord Red Mask","floor":39,"gold_loss":0},{"damage_healed":0,"gold_gain":0,"player_choice":"Took Portal","damage_taken":0,"max_hp_gain":0,"max_hp_loss":0,"event_name":"SecretPortal","floor":41,"gold_loss":0}],"is_beta":false,"boss_relics":[{"not_picked":["Fusion Hammer","Tiny House"],"picked":"Philosopher\u0027s Stone"},{"not_picked":["Astrolabe","Eternal Feather"],"picked":"Coffee Dripper"}],"items_purged_floors":[28],"is_endless":false,"potions_floor_spawned":[4,8,14,16,18,24,25,29,36,46],"killed_by":"The Heart","ascension_level":9}