{"gold_per_floor":[115,133,58,58,75,75,102,119,149,176,176,194,194,207,207,279,279,291,31,31,51,51,51,51],"floor_reached":24,"playtime":995,"items_purged":["Strike_B"],"score":372,"play_id":"c82b6419-04da-414e-bed6-80cefbc3e0fe","local_time":"20190530214854","is_ascension_mode":true,"campfire_choices":[{"data":"Streamline","floor":6,"key":"SMITH"},{"floor":11,"key":"REST"},{"data":"Chaos","floor":13,"key":"SMITH"},{"floor":15,"key":"REST"},{"data":"Fission","floor":23,"key":"SMITH"}],"neow_cost":"NONE","seed_source_timestamp":80342168832272,"circlet_count":0,"master_deck":["AscendersBane","Strike_B","Defend_B","Defend_B","Defend_B","Defend_B","Zap+1","Dualcast","Chaos+1","Streamline+1","Coolheaded","Cold Snap","Leap","Blizzard","Glacier","Fission+1","Coolheaded","Loop","Darkness","Thunder Strike","Chaos"],"relics":["Cracked Core","Pen Nib","Tiny Chest","Bronze Scales","Eternal Feather","ClockworkSouvenir"],"potions_floor_usage":[],"damage_taken":[{"damage":3,"enemies":"Small Slimes","floor":1,"turns":4},{"damage":2,"enemies":"Jaw Worm","floor":2,"turns":3},{"damage":1,"enemies":"Cultist","floor":5,"turns":4},{"damage":32,"enemies":"Lagavulin","floor":7,"turns":8},{"damage":19,"enemies":"3 Louse","floor":8,"turns":3},{"damage":1,"enemies":"Blue Slaver","floor":12,"turns":3},{"damage":4,"enemies":"2 Fungi Beasts","floor":14,"turns":3},{"damage":24,"enemies":"The Guardian","floor":16,"turns":11},{"damage":16,"enemies":"2 Thieves","floor":18,"turns":5},{"damage":16,"enemies":"Chosen","floor":21,"turns":4},{"damage":39,"enemies":"3 Cultists","floor":24,"turns":5}],"seed_played":"-4978546739454350243","potions_obtained":[{"floor":7,"key":"SteroidPotion"},{"floor":16,"key":"Explosive Potion"}],"is_trial":false,"path_per_floor":["M","M","$","?","M","R","E","M","T","T","R","M","R","M","R","B",null,"M","$","?","M","?","R","M"],"character_chosen":"DEFECT","items_purchased":["Loop","ClockworkSouvenir"],"campfire_rested":2,"item_purchase_floors":[19,19],"current_hp_per_floor":[61,59,59,59,58,58,26,7,7,7,28,27,27,23,44,20,58,42,42,42,26,26,38,0],"gold":51,"neow_bonus":"UPGRADE_CARD","is_prod":false,"is_daily":false,"chose_seed":false,"campfire_upgraded":3,"win_rate":0,"timestamp":1559249334,"path_taken":["M","M","$","?","M","R","E","M","T","?","R","?","R","M","R","BOSS","M","$","?","M","?","R","M"],"build_version":"2019-01-23","purchased_purges":1,"victory":false,"max_hp_per_floor":[71,71,71,71,71,71,71,71,71,71,71,71,71,71,71,71,71,71,71,71,71,71,71,71],"card_choices":[{"not_picked":["Rebound","Lockon"],"picked":"Chaos","floor":1},{"not_picked":["Chaos","Leap"],"picked":"Streamline","floor":2},{"not_picked":["Leap","Heatsinks"],"picked":"Coolheaded","floor":5},{"not_picked":["Hello World","BootSequence"],"picked":"Cold Snap","floor":7},{"not_picked":["Compile Driver","Turbo"],"picked":"Leap","floor":8},{"not_picked":["Tempest","Stack"],"picked":"Blizzard","floor":12},{"not_picked":["Melter","Loop"],"picked":"Glacier","floor":14},{"not_picked":["Reboot","Biased Cognition"],"picked":"Fission","floor":16},{"not_picked":["Reinforced Body","Lockon"],"picked":"Coolheaded","floor":18},{"not_picked":["Go for the Eyes","Compile Driver"],"picked":"Darkness","floor":21}],"player_experience":1064158,"relics_obtained":[{"floor":7,"key":"Pen Nib"},{"floor":9,"key":"Tiny Chest"},{"floor":10,"key":"Bronze Scales"}],"event_choices":[{"damage_healed":0,"gold_gain":0,"player_choice":"Ignored","damage_taken":0,"max_hp_gain":0,"max_hp_loss":0,"event_name":"Liars Game","floor":4,"gold_loss":0},{"damage_healed":0,"gold_gain":0,"player_choice":"Ignored","damage_taken":0,"max_hp_gain":0,"max_hp_loss":0,"event_name":"Cursed Tome","floor":20,"gold_loss":0},{"damage_healed":0,"gold_gain":0,"cards_transformed":["Strike_B","Strike_B"],"player_choice":"Became Test Subject","damage_taken":0,"max_hp_gain":0,"max_hp_loss":0,"event_name":"Drug Dealer","floor":22,"gold_loss":0,"cards_obtained":["Thunder Strike","Chaos"]}],"is_beta":false,"boss_relics":[{"not_picked":["Sozu","Empty Cage"],"picked":"Eternal Feather"}],"items_purged_floors":[3],"is_endless":false,"potions_floor_spawned":[7,16,18],"killed_by":"3 Cultists","ascension_level":18}