{"gold_per_floor":[118,118,136,156,175,201,201,227,227,246,256,276,290,316,316,416,416,434,434,44,64,78,78,3,31,31,31,45,45],"floor_reached":29,"playtime":1096,"items_purged":["Strike_R"],"score":535,"play_id":"560de656-ce01-4621-8322-dca65d9d64fa","local_time":"20190923171759","is_ascension_mode":true,"campfire_choices":[{"floor":7,"key":"REST"},{"floor":15,"key":"REST"},{"floor":23,"key":"REST"}],"neow_cost":"NONE","seed_source_timestamp":1065777390926492,"circlet_count":0,"master_deck":["AscendersBane","Strike_R","Strike_R","Strike_R","Strike_R","Defend_R","Defend_R","Defend_R","Defend_R","Bash","Double Tap","Uppercut+1","Infernal Blade","Rampage","Anger","Headbutt","Havoc","Whirlwind","Exhume","Carnage","Inflame","Shockwave","Inflame+1","Immolate"],"relics":["Burning Blood","Ginger","White Beast Statue","Singing Bowl","Boot","Fusion Hammer","Centennial Puzzle","Bird Faced Urn","CaptainsWheel","Red Skull","Strawberry"],"potions_floor_usage":[12,16,21,21,25,25,29],"damage_taken":[{"damage":6,"enemies":"Cultist","floor":1,"turns":3},{"damage":6,"enemies":"2 Louse","floor":3,"turns":4},{"damage":18,"enemies":"Small Slimes","floor":4,"turns":3},{"damage":7,"enemies":"2 Fungi Beasts","floor":5,"turns":4},{"damage":35,"enemies":"3 Sentries","floor":6,"turns":8},{"damage":16,"enemies":"Gremlin Nob","floor":8,"turns":3},{"damage":8,"enemies":"Looter","floor":10,"turns":2},{"damage":8,"enemies":"Large Slime","floor":11,"turns":3},{"damage":0,"enemies":"Red Slaver","floor":12,"turns":2},{"damage":12,"enemies":"Looter","floor":13,"turns":3},{"damage":25,"enemies":"3 Sentries","floor":14,"turns":6},{"damage":0,"enemies":"Slime Boss","floor":16,"turns":5},{"damage":54,"enemies":"2 Thieves","floor":18,"turns":4},{"damage":29,"enemies":"Shell Parasite","floor":21,"turns":5},{"damage":18,"enemies":"Snecko","floor":22,"turns":3},{"damage":43,"enemies":"Book of Stabbing","floor":25,"turns":4},{"damage":14,"enemies":"Centurion and Healer","floor":28,"turns":3},{"damage":18,"enemies":"Snake Plant","floor":29,"turns":2}],"seed_played":"-6601595279433872323","potions_obtained":[{"floor":1,"key":"Dexterity Potion"},{"floor":6,"key":"Block Potion"},{"floor":12,"key":"Weak Potion"},{"floor":14,"key":"Strength Potion"},{"floor":16,"key":"SteroidPotion"},{"floor":21,"key":"BloodPotion"},{"floor":22,"key":"Weak Potion"},{"floor":25,"key":"SteroidPotion"},{"floor":28,"key":"Dexterity Potion"}],"is_trial":false,"path_per_floor":["M","?","M","M","M","E","R","E","T","M","M","M","M","E","R","B",null,"M","T","$","M","M","R","$","E","T","?","M","M"],"character_chosen":"IRONCLAD","items_purchased":["Inflame","Bird Faced Urn"],"campfire_rested":3,"item_purchase_floors":[20,20],"current_hp_per_floor":[72,72,72,60,59,30,54,44,44,42,42,48,44,25,50,58,79,33,33,33,29,21,48,48,13,13,20,14,0],"gold":45,"neow_bonus":"ONE_RANDOM_RARE_CARD","is_prod":false,"is_daily":false,"chose_seed":false,"campfire_upgraded":0,"win_rate":0,"timestamp":1569273479,"path_taken":["M","?","M","?","M","E","R","E","T","?","M","M","M","E","R","BOSS","M","?","$","M","M","R","$","E","T","?","?","M"],"build_version":"2019-09-23","purchased_purges":1,"victory":false,"max_hp_per_floor":[80,80,80,80,80,80,80,80,80,80,82,82,84,84,84,86,86,88,88,88,88,90,90,90,90,90,97,97,97],"card_choices":[{"not_picked":["Iron Wave","Sword Boomerang"],"picked":"Uppercut","floor":1},{"not_picked":["Wild Strike","Cleave"],"picked":"Infernal Blade","floor":3},{"not_picked":["Body Slam","Thunderclap"],"picked":"Rampage","floor":4},{"not_picked":["Heavy Blade","Dropkick"],"picked":"Anger","floor":5},{"not_picked":["Hemokinesis","Iron Wave"],"picked":"Headbutt","floor":6},{"not_picked":["Anger","Wild Strike"],"picked":"Havoc","floor":8},{"not_picked":["Feed","Havoc"],"picked":"Whirlwind","floor":10},{"not_picked":["Headbutt","True Grit","Twin Strike"],"picked":"Singing Bowl","floor":11},{"not_picked":["Combust","Burning Pact"],"picked":"Exhume","floor":12},{"not_picked":["Sentinel","True Grit","Warcry"],"picked":"Singing Bowl","floor":13},{"not_picked":["Havoc","Cleave"],"picked":"Carnage","floor":14},{"not_picked":["Berserk","Double Tap","Barricade"],"picked":"Singing Bowl","floor":16},{"not_picked":["Heavy Blade","Evolve","Pummel"],"picked":"Singing Bowl","floor":18},{"not_picked":["Armaments","Body Slam+1"],"picked":"Shockwave","floor":21},{"not_picked":["Warcry","Iron Wave","Pommel Strike"],"picked":"Singing Bowl","floor":22},{"not_picked":["Disarm","Body Slam"],"picked":"Inflame+1","floor":25},{"not_picked":["Sentinel","Second Wind"],"picked":"Immolate","floor":28}],"player_experience":424289,"relics_obtained":[{"floor":6,"key":"Ginger"},{"floor":8,"key":"White Beast Statue"},{"floor":9,"key":"Singing Bowl"},{"floor":14,"key":"Boot"},{"floor":19,"key":"Centennial Puzzle"},{"floor":25,"key":"CaptainsWheel"},{"floor":26,"key":"Red Skull"}],"event_choices":[{"damage_healed":0,"gold_gain":0,"player_choice":"Upgraded","damage_taken":0,"max_hp_gain":0,"max_hp_loss":0,"event_name":"Upgrade Shrine","floor":2,"gold_loss":0,"cards_upgraded":["Uppercut"]},{"damage_healed":0,"gold_gain":0,"player_choice":"Gave Potion","damage_taken":0,"relics_obtained":["Strawberry"],"max_hp_gain":0,"max_hp_loss":0,"event_name":"WeMeetAgain","floor":27,"gold_loss":0}],"is_beta":true,"boss_relics":[{"not_picked":["Black Star","Calling Bell"],"picked":"Fusion Hammer"}],"items_purged_floors":[24],"is_endless":false,"potions_floor_spawned":[1,6,8,10,11,12,13,14,16,18,21,22,25,28],"killed_by":"Snake Plant","ascension_level":12}