{"gold_per_floor":[113,126,126,141,156,156,156,81,81,81,115,126,26,39,39,144,194,205,224,224,224,237,237,270,286,360,360,360,360,436,163,163,263,263,279,43,61,61,76,76,86,86,86,101,101,117,117],"floor_reached":47,"playtime":3607,"items_purged":["Strike_B","Defend_B","Defend_B","Defend_B"],"score":447,"play_id":"aa38202e-7a16-4c97-b9f4-b42feb9fe76b","local_time":"20190601224738","is_ascension_mode":false,"campfire_choices":[{"data":"Streamline","floor":6,"key":"SMITH"},{"data":"Strike_B","floor":15,"key":"PURGE"},{"data":"Defend_B","floor":23,"key":"PURGE"},{"floor":27,"key":"REST"},{"floor":29,"key":"REST"},{"floor":32,"key":"REST"},{"data":"Strike_B","floor":40,"key":"PURGE"},{"floor":42,"key":"REST"}],"neow_cost":"NONE","seed_source_timestamp":708177886235505,"circlet_count":0,"master_deck":["Zap+1","Dualcast+1","Leap+1","Leap","Melter","Streamline+1","Static Discharge","Core Surge","Conserve Battery","Rebound","White Noise+1","Amplify","Streamline+1","Mind Blast","Steam+1","Parasite","Rebound+1"],"relics":["Cracked Core","Ice Cream","Peace Pipe","Tiny House","Centennial Puzzle","Ornamental Fan","Blue Candle","Bag of Preparation","Cursed Key","Pear"],"potions_floor_usage":[11,16,19,19,24,33,44,47],"damage_taken":[{"damage":1,"enemies":"Cultist","floor":1,"turns":3},{"damage":2,"enemies":"Small Slimes","floor":2,"turns":3},{"damage":0,"enemies":"2 Louse","floor":4,"turns":2},{"damage":0,"enemies":"Lots of Slimes","floor":5,"turns":4},{"damage":12,"enemies":"Lagavulin","floor":11,"turns":4},{"damage":5,"enemies":"Looter","floor":12,"turns":2},{"damage":0,"enemies":"Exordium Wildlife","floor":14,"turns":2},{"damage":7,"enemies":"The Guardian","floor":16,"turns":9},{"damage":0,"enemies":"Spheric Guardian","floor":18,"turns":3},{"damage":2,"enemies":"3 Byrds","floor":19,"turns":5},{"damage":22,"enemies":"Snake Plant","floor":22,"turns":6},{"damage":25,"enemies":"Slavers","floor":24,"turns":6},{"damage":15,"enemies":"Shelled Parasite and Fungi","floor":25,"turns":5},{"damage":17,"enemies":"Champ","floor":33,"turns":10},{"damage":4,"enemies":"3 Darklings","floor":35,"turns":4},{"damage":6,"enemies":"Orb Walker","floor":37,"turns":3},{"damage":38,"enemies":"Maw","floor":39,"turns":6},{"damage":9,"enemies":"Transient","floor":41,"turns":5},{"damage":18,"enemies":"3 Darklings","floor":44,"turns":8},{"damage":39,"enemies":"Maw","floor":46,"turns":8},{"damage":40,"enemies":"Transient","floor":47,"turns":5}],"seed_played":"-8728771502932960635","potions_obtained":[{"floor":5,"key":"FocusPotion"},{"floor":12,"key":"SkillPotion"},{"floor":16,"key":"SpeedPotion"},{"floor":17,"key":"AttackPotion"},{"floor":18,"key":"Strength Potion"},{"floor":25,"key":"PowerPotion"},{"floor":41,"key":"EssenceOfSteel"},{"floor":44,"key":"FearPotion"},{"floor":46,"key":"PowerPotion"}],"is_trial":false,"path_per_floor":["M","M","?","M","M","R","?","$","T","$","E","M","$","M","R","B",null,"M","M","?","?","M","R","E","M","T","R","?","R","T","$","R","B",null,"M","$","M","$","M","R","M","R","T","M","?","M","M"],"character_chosen":"DEFECT","items_purchased":["Bag of Preparation","Mind Blast"],"campfire_rested":4,"item_purchase_floors":[31,36],"current_hp_per_floor":[74,72,72,72,72,72,72,72,72,72,60,55,55,55,55,48,80,80,78,78,78,56,56,31,16,16,40,40,64,64,64,80,63,80,76,76,70,70,32,32,23,47,57,39,79,40,0],"gold":117,"neow_bonus":"UPGRADE_CARD","is_prod":false,"is_daily":false,"chose_seed":false,"campfire_upgraded":1,"win_rate":0.0,"timestamp":1559443658,"path_taken":["M","?","?","M","M","R","?","$","T","$","E","M","$","?","R","BOSS","M","M","?","?","?","R","E","M","T","R","?","R","?","$","R","BOSS","M","$","M","$","M","R","M","R","T","M","?","M","M"],"build_version":"2019-01-23","purchased_purges":4,"victory":false,"max_hp_per_floor":[75,75,75,75,75,75,75,75,75,75,75,75,75,75,75,75,80,80,80,80,80,80,80,80,80,80,80,80,80,80,80,80,80,80,80,80,80,80,80,80,80,80,90,90,79,79,79],"card_choices":[{"not_picked":["Coolheaded","Gash"],"picked":"Leap","floor":1},{"not_picked":["Chill","Compile Driver"],"picked":"Leap","floor":2},{"not_picked":["Stack","Gash"],"picked":"Melter","floor":4},{"not_picked":["Cold Snap","Capacitor"],"picked":"Streamline","floor":5},{"not_picked":["Amplify","Hello World"],"picked":"Static Discharge","floor":11},{"not_picked":["Loop","Gash","Redo"],"picked":"SKIP","floor":12},{"not_picked":["Loop","Gash","Redo"],"picked":"SKIP","floor":12},{"not_picked":["Loop","Gash","Redo"],"picked":"SKIP","floor":12},{"not_picked":["Capacitor","Coolheaded","Go for the Eyes"],"picked":"SKIP","floor":14},{"not_picked":["Machine Learning","Reboot"],"picked":"Core Surge","floor":16},{"not_picked":["Capacitor","Consume"],"picked":"Conserve Battery","floor":17},{"not_picked":["Beam Cell","Stack","Rebound+1"],"picked":"SKIP","floor":18},{"not_picked":["Stack","Reinforced Body","Storm"],"picked":"SKIP","floor":19},{"not_picked":["Glacier","Recycle","Blizzard+1"],"picked":"SKIP","floor":22},{"not_picked":["Steam","Ball Lightning"],"picked":"White Noise+1","floor":24},{"not_picked":["Hologram","Melter","Rainbow"],"picked":"SKIP","floor":25},{"not_picked":["Fission","Multi-Cast"],"picked":"Amplify","floor":33},{"not_picked":["Turbo+1","Compile Driver+1"],"picked":"Streamline+1","floor":35},{"not_picked":["Double Energy+1","Beam Cell","Barrage+1"],"picked":"SKIP","floor":37},{"not_picked":["Compile Driver+1","Leap+1","Conserve Battery"],"picked":"SKIP","floor":39},{"not_picked":["Stack+1","Sweeping Beam+1"],"picked":"Steam+1","floor":41},{"not_picked":["Steam+1","Hello World"],"picked":"Rebound+1","floor":44},{"not_picked":["Glacier","Loop","Barrage"],"picked":"SKIP","floor":46}],"player_experience":85666,"relics_obtained":[{"floor":9,"key":"Ice Cream"},{"floor":11,"key":"Peace Pipe"},{"floor":24,"key":"Centennial Puzzle"},{"floor":26,"key":"Ornamental Fan"},{"floor":30,"key":"Blue Candle"},{"floor":43,"key":"Pear"}],"event_choices":[{"cards_removed":["Strike_B"],"damage_healed":0,"gold_gain":0,"player_choice":"Forget","damage_taken":0,"max_hp_gain":0,"max_hp_loss":0,"event_name":"Living Wall","floor":3,"gold_loss":0},{"damage_healed":0,"gold_gain":0,"player_choice":"Upgraded","damage_taken":0,"max_hp_gain":0,"max_hp_loss":0,"event_name":"Upgrade Shrine","floor":7,"gold_loss":0,"cards_upgraded":["Zap"]},{"damage_healed":0,"gold_gain":0,"player_choice":"Read","damage_taken":0,"max_hp_gain":0,"max_hp_loss":0,"event_name":"The Library","floor":20,"gold_loss":0,"cards_obtained":["Rebound"]},{"damage_healed":0,"gold_gain":0,"player_choice":"0 cards matched","damage_taken":0,"max_hp_gain":0,"max_hp_loss":0,"event_name":"Match and Keep!","floor":21,"gold_loss":0,"cards_obtained":[]},{"damage_healed":0,"gold_gain":0,"player_choice":"Ignored","damage_taken":0,"max_hp_gain":0,"max_hp_loss":0,"event_name":"Ghosts","floor":28,"gold_loss":0},{"damage_healed":79,"gold_gain":0,"player_choice":"Heal","damage_taken":0,"max_hp_gain":0,"max_hp_loss":11,"event_name":"The Moai Head","floor":45,"gold_loss":0}],"is_beta":false,"boss_relics":[{"not_picked":["Runic Pyramid","Astrolabe"],"picked":"Tiny House"},{"not_picked":["FrozenCore","Calling Bell"],"picked":"Cursed Key"}],"items_purged_floors":[8,13,31,36],"is_endless":false,"potions_floor_spawned":[5,12,16,18,25,41,44,46],"killed_by":"Transient","ascension_level":0}