{"gold_per_floor":[118,118,141,141,166,166,185,220,220,220,233,248,273,287,287,383,383,397,417,21,21],"floor_reached":21,"playtime":1046,"items_purged":["Injury"],"score":305,"play_id":"ca4a7063-6ed9-4860-99c6-8d8a3e34ba7f","local_time":"20190306124438","is_ascension_mode":true,"campfire_choices":[{"data":"True Grit","floor":6.0,"key":"SMITH"},{"floor":10.0,"key":"REST"},{"floor":15.0,"key":"REST"}],"neow_cost":"TEN_PERCENT_HP_LOSS","seed_source_timestamp":27679211972400,"circlet_count":0,"master_deck":["AscendersBane","Defend_R","Defend_R","Defend_R","Defend_R","Bash","Sword Boomerang","Blood for Blood","Disarm","Armaments+1","True Grit+1","Sword Boomerang","Headbutt","Headbutt","Flex","Shockwave","Spot Weakness","Exhume","Heavy Blade+1","Power Through+1","Dropkick+1","Second Wind+1","Twin Strike+1","True Grit"],"special_seed":0,"relics":["Burning Blood","Golden Idol","Matryoshka","Art of War","Ginger","Astrolabe","Torii"],"potions_floor_usage":[16,16,18],"damage_taken":[{"damage":8.0,"enemies":"Jaw Worm","floor":1.0,"turns":4.0},{"damage":11.0,"enemies":"Small Slimes","floor":3.0,"turns":5.0},{"damage":6.0,"enemies":"Cultist","floor":5.0,"turns":4.0},{"damage":7.0,"enemies":"Looter","floor":7.0,"turns":4.0},{"damage":62.0,"enemies":"3 Sentries","floor":8.0,"turns":11.0},{"damage":1.0,"enemies":"2 Fungi Beasts","floor":11.0,"turns":4.0},{"damage":6.0,"enemies":"Exordium Thugs","floor":12.0,"turns":6.0},{"damage":2.0,"enemies":"Exordium Wildlife","floor":13.0,"turns":4.0},{"damage":16.0,"enemies":"3 Louse","floor":14.0,"turns":3.0},{"damage":26,"enemies":"Slime Boss","floor":16,"turns":10},{"damage":3,"enemies":"Chosen","floor":18,"turns":6},{"damage":14,"enemies":"Shell Parasite","floor":19,"turns":8},{"damage":57,"enemies":"3 Cultists","floor":21,"turns":6}],"seed_played":"8963416912343147890","potions_obtained":[{"floor":1.0,"key":"Strength Potion"},{"floor":5.0,"key":"Weak Potion"},{"floor":8.0,"key":"Swift Potion"},{"floor":13.0,"key":"LiquidBronze"},{"floor":14.0,"key":"Swift Potion"},{"floor":16,"key":"Swift Potion"},{"floor":18,"key":"Dexterity Potion"}],"is_trial":false,"path_per_floor":["M","?","M","?","M","R","M","E","T","R","M","M","M","M","R","B",null,"M","M","$","M"],"character_chosen":"IRONCLAD","items_purchased":["Torii","True Grit"],"campfire_rested":2,"item_purchase_floors":[20,20],"current_hp_per_floor":[70,70,65,65,65,65,64,8,8,29,34,34,38,28,49,29,61,64,56,56,0],"gold":21,"neow_bonus":"TRANSFORM_TWO_CARDS","is_prod":false,"is_daily":false,"chose_seed":false,"campfire_upgraded":1,"win_rate":0,"timestamp":1551872678,"path_taken":["M","?","M","?","M","R","M","E","T","R","M","M","M","M","R","BOSS","M","M","$","M"],"build_version":"2019-01-23","purchased_purges":1,"victory":false,"max_hp_per_floor":[72,72,72,72,72,72,72,72,72,72,72,72,72,72,72,72,72,72,72,72,72],"card_choices":[{"not_picked":["Intimidate","Thunderclap"],"picked":"Disarm","floor":1.0},{"not_picked":["Sword Boomerang","Searing Blow"],"picked":"Armaments","floor":3.0},{"not_picked":["Combust","Power Through"],"picked":"True Grit","floor":5.0},{"not_picked":["Clothesline","Twin Strike"],"picked":"Sword Boomerang","floor":7.0},{"not_picked":["Sword Boomerang","Clash"],"picked":"Headbutt","floor":8.0},{"not_picked":["Pommel Strike","Impervious"],"picked":"Headbutt","floor":11.0},{"not_picked":["Pommel Strike","Blood for Blood"],"picked":"Flex","floor":12.0},{"not_picked":["Flex","Heavy Blade"],"picked":"Shockwave","floor":13.0},{"not_picked":["Anger","Iron Wave"],"picked":"Spot Weakness","floor":14.0},{"not_picked":["Fiend Fire","Bludgeon"],"picked":"Exhume","floor":16},{"not_picked":["Searing Blow","Evolve"],"picked":"Second Wind+1","floor":18},{"not_picked":["Uppercut","Rage"],"picked":"Twin Strike+1","floor":19}],"player_experience":943100,"relics_obtained":[{"floor":8.0,"key":"Matryoshka"},{"floor":9.0,"key":"Art of War"},{"floor":9.0,"key":"Ginger"}],"event_choices":[{"damage_healed":0.0,"max_hp_gain":0.0,"max_hp_loss":0.0,"gold_gain":0.0,"event_name":"Golden Idol","player_choice":"Take Wound","floor":2.0,"gold_loss":0.0,"damage_taken":0.0,"relics_obtained":["Golden Idol"],"cards_obtained":["Injury"]},{"damage_healed":0.0,"max_hp_gain":0.0,"max_hp_loss":0.0,"gold_gain":0.0,"event_name":"Living Wall","player_choice":"Grow","floor":4.0,"gold_loss":0.0,"damage_taken":0.0,"cards_upgraded":["Armaments"]}],"is_beta":false,"boss_relics":[{"not_picked":["Empty Cage","Black Blood"],"picked":"Astrolabe"}],"items_purged_floors":[20],"is_endless":false,"potions_floor_spawned":[1,5,8,13,14,16,18],"killed_by":"3 Cultists","ascension_level":13}