{"gold_per_floor":[114,114,127,127,127,127,152,166,166,166,200,215,215,238,238,315,315,335,352,369,55,55],"floor_reached":22,"playtime":761,"items_purged":["Strike_B"],"score":416,"play_id":"0c128cf8-8e1b-4fb6-b523-b4c53f469433","local_time":"20190918203906","is_ascension_mode":true,"campfire_choices":[{"data":"Gash","floor":6,"key":"SMITH"},{"data":"Chaos","floor":10,"key":"SMITH"},{"data":"Rainbow","floor":13,"key":"SMITH"},{"data":"Leap","floor":15,"key":"SMITH"}],"neow_cost":"NONE","seed_source_timestamp":1858074474900,"circlet_count":0,"master_deck":["AscendersBane","Strike_B","Strike_B","Strike_B","Defend_B","Defend_B","Defend_B","Defend_B","Zap+1","Dualcast","Gash+1","Cold Snap","Chaos+1","Leap+1","Rainbow+1","Gash","Echo Form","Consume+1","Rip and Tear+1","Darkness+1","Bandage Up","Gash","Defragment"],"relics":["Cracked Core","NeowsBlessing","Incense Burner","Pen Nib","Emotion Chip","Boot","Regal Pillow","Cursed Key"],"potions_floor_usage":[11,19],"damage_taken":[{"damage":0,"enemies":"Jaw Worm","floor":1,"turns":1},{"damage":0,"enemies":"2 Louse","floor":3,"turns":1},{"damage":0,"enemies":"3 Sentries","floor":7,"turns":1},{"damage":1,"enemies":"Cultist","floor":8,"turns":3},{"damage":12,"enemies":"Lagavulin","floor":11,"turns":6},{"damage":0,"enemies":"Exordium Wildlife","floor":12,"turns":2},{"damage":9,"enemies":"The Guardian","floor":16,"turns":12},{"damage":14,"enemies":"Shell Parasite","floor":18,"turns":6},{"damage":1,"enemies":"Chosen","floor":19,"turns":6},{"damage":34,"enemies":"Shelled Parasite and Fungi","floor":20,"turns":6},{"damage":30,"enemies":"Centurion and Healer","floor":22,"turns":6}],"seed_played":"-8410351602815873268","potions_obtained":[{"floor":1,"key":"SneckoOil"},{"floor":3,"key":"SteroidPotion"},{"floor":7,"key":"SpeedPotion"},{"floor":8,"key":"EssenceOfSteel"},{"floor":18,"key":"Block Potion"}],"is_trial":false,"path_per_floor":["M","?","M","?","?","R","E","M","T","R","E","M","R","T","R","B",null,"M","M","M","$","M"],"character_chosen":"DEFECT","items_purchased":["Bandage Up","Gash","Defragment"],"campfire_rested":0,"item_purchase_floors":[21,21,21],"current_hp_per_floor":[64,59,59,64,64,64,64,63,63,63,51,51,51,51,51,42,68,54,53,19,19,0],"gold":55,"neow_bonus":"THREE_ENEMY_KILL","is_prod":false,"is_daily":false,"chose_seed":false,"campfire_upgraded":4,"win_rate":0,"timestamp":1568831946,"path_taken":["M","?","M","?","?","R","E","M","T","R","E","?","R","?","R","BOSS","M","M","M","$","M"],"build_version":"2019-07-17","purchased_purges":1,"victory":false,"max_hp_per_floor":[71,71,71,76,76,76,76,76,76,76,76,76,76,76,76,76,76,76,76,76,76,76],"card_choices":[{"not_picked":["Conserve Battery","Stack"],"picked":"Gash","floor":1},{"not_picked":["Chill","Streamline"],"picked":"Cold Snap","floor":3},{"not_picked":["Fusion","Turbo"],"picked":"Chaos","floor":7},{"not_picked":["Hello World","Turbo"],"picked":"Leap","floor":8},{"not_picked":["Steam Power","Stack"],"picked":"Rainbow","floor":11},{"not_picked":["Steam","Cold Snap"],"picked":"Gash","floor":12},{"not_picked":["Thunder Strike","Amplify"],"picked":"Echo Form","floor":16},{"not_picked":["Auto Shields","Coolheaded"],"picked":"Consume+1","floor":18},{"not_picked":["Turbo+1","Recycle"],"picked":"Rip and Tear+1","floor":19},{"not_picked":["Turbo","Rebound+1"],"picked":"Darkness+1","floor":20}],"player_experience":1987671,"relics_obtained":[{"floor":7,"key":"Pen Nib"},{"floor":9,"key":"Emotion Chip"},{"floor":11,"key":"Boot"},{"floor":14,"key":"Regal Pillow"}],"event_choices":[{"damage_healed":0,"gold_gain":0,"player_choice":"Success","damage_taken":5,"relics_obtained":["Incense Burner"],"max_hp_gain":0,"max_hp_loss":0,"event_name":"Scrap Ooze","floor":2,"gold_loss":0},{"damage_healed":0,"gold_gain":0,"player_choice":"Donut","damage_taken":0,"max_hp_gain":5,"max_hp_loss":0,"event_name":"Big Fish","floor":4,"gold_loss":0},{"damage_healed":0,"gold_gain":0,"player_choice":"Upgraded","damage_taken":0,"max_hp_gain":0,"max_hp_loss":0,"event_name":"Upgrade Shrine","floor":5,"gold_loss":0,"cards_upgraded":["Zap"]}],"is_beta":false,"boss_relics":[{"not_picked":["Snecko Eye","Orrery"],"picked":"Cursed Key"}],"items_purged_floors":[21],"is_endless":false,"potions_floor_spawned":[1,3,7,8,18],"killed_by":"Centurion and Healer","ascension_level":18}