{"path_per_floor":["M","M","M","M","M","E","M","R","T","E","$","R","M","$","R","B",null,"M","?","?","M","$","R","E","R","T","?","E","M","$","M","R","B",null,"M","M","M","?","?","R","E","?","T","M","M","M","R","?","R","B"],"character_chosen":"THE_SILENT","items_purchased":["Lantern","Flying Knee","Dexterity Potion","Explosive Potion","Fire Potion"],"gold_per_floor":[116,127,146,159,177,205,222,222,222,256,29,29,39,39,39,136,136,136,136,136,106,56,56,56,56,56,56,56,56,6,6,6,6,6,6,6,6,6,6,6,6,6,6,6,6,6,6,0,0,0],"floor_reached":51,"campfire_rested":0,"playtime":5823,"current_hp_per_floor":[70,70,72,70,69,57,45,45,45,22,22,22,22,22,22,21,76,76,76,76,76,76,76,65,65,65,56,58,60,60,60,60,28,85,87,80,66,56,15,15,8,81,81,65,65,67,67,67,67,19],"items_purged":[],"gold":0,"play_id":"94e9a1c4-0d58-49e9-94ab-4a387b4cce09","is_prod":false,"is_daily":false,"campfire_rituals":0,"campfire_upgraded":9,"is_hardmode":false,"path_taken":["M","M","M","M","M","E","M","R","T","E","$","R","M","$","R","BOSS","M","?","?","M","$","R","E","R","T","?","E","M","?","M","R","BOSS","M","M","M","?","?","R","E","?","T","?","M","M","R","?","R","BOSS"],"build_version":"2018-01-18-PROD4","purchased_purges":1,"victory":true,"master_deck":["Defend_G","Defend_G","Defend_G","Defend_G","Defend_G","Strike_G","Strike_G","Strike_G","Strike_G","Strike_G","Survivor","Neutralize","Well Laid Plans","Dagger Throw","Cloak And Dagger","Terror","Predator","Flying Knee","Dagger Throw","Envenom","Dagger Throw","Writhe","Acrobatics","Prepared","Escape Plan","Venomology","Blade Dance","Madness","Madness","Distraction","PiercingWail","Calculated Gamble"],"max_hp_per_floor":[70,70,72,72,74,74,76,76,76,76,76,76,76,76,76,76,76,76,76,76,76,76,76,76,76,76,81,83,85,85,85,85,85,85,87,89,89,89,89,89,91,81,81,81,81,83,83,83,83,83],"relics":["Ring of the Snake","Singing Bowl","Happy Flower","Tingsha","Bag of Marbles","Lantern","Ectoplasm","Blue Candle","Tough Bandages","Oddly Smooth Stone","Kunai","Black Star","Thread and Needle","The Courier","Bottled Lightning","Matryoshka","Red Mask"],"campfire_meditates":0,"card_choices":[{"not_picked":["Dagger Spray","Bane"],"picked":"Well Laid Plans"},{"not_picked":["PiercingWail","Dagger Spray"],"picked":"Dagger Throw"},{"not_picked":["Dagger Spray","Distraction"],"picked":"Cloak And Dagger"},{"not_picked":["Noxious Fumes","Blur"],"picked":"Terror"},{"not_picked":["Wraith Form","Accuracy"],"picked":"Predator"},{"not_picked":["Predator","Bane"],"picked":"Dagger Throw"},{"not_picked":["Corpse Explosion","After Image"],"picked":"Envenom"},{"not_picked":["Acrobatics","Flying Knee"],"picked":"Dagger Throw"},{"not_picked":["Footwork","Reflex"],"picked":"Acrobatics"},{"not_picked":["Deflect","Dagger Throw"],"picked":"Prepared"},{"not_picked":["Backstab","Sucker Punch"],"picked":"Escape Plan"},{"not_picked":["Die Die Die","Bullet Time"],"picked":"Venomology"},{"not_picked":["Masterful Stab","Backflip"],"picked":"Blade Dance"},{"not_picked":["Dodge and Roll","Backflip"],"picked":"Distraction"},{"not_picked":["Deadly Poison","Bane"],"picked":"PiercingWail"},{"not_picked":["Underhanded Strike","Acrobatics"],"picked":"Calculated Gamble"}],"player_experience":106550,"potions_floor_usage":[4,6,16,16,28,29,31,37,39,39,39,41,41,44,50,50,50],"damage_taken":[{"damage":0,"enemies":"Jaw Worm","floor":1,"turns":4},{"damage":0,"enemies":"Blue Slaver","floor":2,"turns":6},{"damage":0,"enemies":"Small Slimes","floor":3,"turns":3},{"damage":2,"enemies":"3 Louse","floor":4,"turns":3},{"damage":3,"enemies":"Large Slime","floor":5,"turns":9},{"damage":12,"enemies":"Gremlin Nob","floor":6,"turns":5},{"damage":14,"enemies":"Exordium Thugs","floor":7,"turns":5},{"damage":23,"enemies":"Lagavulin","floor":10,"turns":5},{"damage":0,"enemies":"Looter","floor":13,"turns":2},{"damage":1,"enemies":"The Guardian","floor":16,"turns":10},{"damage":0,"enemies":"Shell Parasite","floor":18,"turns":3},{"damage":0,"enemies":"2 Thieves","floor":21,"turns":3},{"damage":11,"enemies":"Slavers","floor":24,"turns":6},{"damage":0,"enemies":"Gremlin Leader","floor":28,"turns":4},{"damage":0,"enemies":"Centurion and Healer","floor":29,"turns":2},{"damage":0,"enemies":"Snecko","floor":31,"turns":3},{"damage":32,"enemies":"Automaton","floor":33,"turns":8},{"damage":0,"enemies":"Orb Walker","floor":35,"turns":2},{"damage":9,"enemies":"3 Darklings","floor":36,"turns":4},{"damage":14,"enemies":"Sphere and 2 Shapes","floor":37,"turns":6},{"damage":41,"enemies":"Mysterious Sphere","floor":39,"turns":6},{"damage":9,"enemies":"Giant Head","floor":41,"turns":6},{"damage":16,"enemies":"4 Shapes","floor":44,"turns":7},{"damage":0,"enemies":"Maw","floor":45,"turns":6},{"damage":0,"enemies":"3 Darklings","floor":46,"turns":5},{"damage":48,"enemies":"Donu and Deca","floor":50,"turns":12}],"event_choices":[{"event_name":"Golden Shrine","player_choice":"Pray","floor":19,"damage_taken":0},{"event_name":"The Mausoleum","player_choice":"Yes","floor":20,"damage_taken":0},{"event_name":"Forgotten Altar","player_choice":"Shed Blood","floor":27,"damage_taken":0},{"event_name":"Winding Halls","player_choice":"Embrace Madness","floor":38,"damage_taken":0},{"event_name":"Mysterious Sphere","player_choice":"Fight","floor":39,"damage_taken":0},{"event_name":"The Moai Head","player_choice":"Heal","floor":42,"damage_taken":0},{"event_name":"Tomb of Lord Red Mask","player_choice":"Paid","floor":48,"damage_taken":0}],"boss_relics":[{"not_picked":["Eternal Feather","Pandora\u0027s Box"],"picked":"Ectoplasm"},{"not_picked":["Snecko Eye","Sozu"],"picked":"Black Star"}],"potions_floor_spawned":[3,5,13,16,21,24,28,31,33,35,36,44,46],"seed_played":"-4124395554634810101","is_trial":false}