{"gold_per_floor":[215,232,182,257,22,22,51,69,69,82,115,115,141,155,155,256,256,271,271,288,306,72,72,72,85,135,154,174,174,192,192,192,192],"floor_reached":33,"playtime":1394,"items_purged":["Strike_R"],"score":439,"play_id":"36d71868-54e3-446d-b1b6-39bfff23fb85","local_time":"20190928161844","is_ascension_mode":true,"campfire_choices":[{"data":"Fiend Fire","floor":6,"key":"SMITH"},{"data":"True Grit","floor":12,"key":"SMITH"},{"data":"Rampage","floor":15,"key":"SMITH"},{"data":"Spot Weakness","floor":23,"key":"SMITH"},{"data":"Whirlwind","floor":29,"key":"SMITH"},{"data":"Metallicize","floor":32,"key":"SMITH"}],"neow_cost":"NONE","seed_source_timestamp":1493977094364402,"circlet_count":0,"master_deck":["AscendersBane","Strike_R+1","Strike_R+1","Strike_R+1","Defend_R+1","Defend_R+1","Defend_R+1","Defend_R+1","Bash","Combust","True Grit+1","Fiend Fire+1","Spot Weakness+1","Shrug It Off","Rampage+1","Anger","Shrug It Off","Feed+1","Inflame","Whirlwind+1","Inflame","Metallicize+1","Reaper","Shrug It Off","Headbutt"],"relics":["Burning Blood","Gremlin Horn","Bag of Preparation","Sundial","Vajra","Philosopher\u0027s Stone","ClockworkSouvenir","Potion Belt"],"potions_floor_usage":[16,25,33,33,33,33],"damage_taken":[{"damage":4,"enemies":"Small Slimes","floor":1,"turns":7},{"damage":4,"enemies":"Jaw Worm","floor":2,"turns":3},{"damage":24,"enemies":"3 Sentries","floor":7,"turns":7},{"damage":8,"enemies":"Cultist","floor":8,"turns":3},{"damage":4,"enemies":"Exordium Wildlife","floor":10,"turns":4},{"damage":10,"enemies":"Gremlin Nob","floor":11,"turns":3},{"damage":0,"enemies":"Red Slaver","floor":14,"turns":2},{"damage":23,"enemies":"Slime Boss","floor":16,"turns":6},{"damage":3,"enemies":"Chosen","floor":18,"turns":3},{"damage":4,"enemies":"Spheric Guardian","floor":20,"turns":3},{"damage":17,"enemies":"Cultist and Chosen","floor":21,"turns":3},{"damage":27,"enemies":"Snake Plant","floor":25,"turns":2},{"damage":10,"enemies":"Snecko","floor":27,"turns":3},{"damage":15,"enemies":"Chosen and Byrds","floor":28,"turns":4},{"damage":23,"enemies":"Shelled Parasite and Fungi","floor":30,"turns":2},{"damage":101,"enemies":"Champ","floor":33,"turns":10}],"seed_played":"4509921637187527766","potions_obtained":[{"floor":1,"key":"BloodPotion"},{"floor":11,"key":"SteroidPotion"},{"floor":16,"key":"Regen Potion"},{"floor":25,"key":"SteroidPotion"},{"floor":28,"key":"EssenceOfSteel"},{"floor":30,"key":"LiquidBronze"}],"is_trial":false,"path_per_floor":["M","M","?","?","$","R","E","M","T","M","E","R","T","M","R","B",null,"M","?","M","M","$","R","?","M","T","M","M","R","M","?","R","B"],"character_chosen":"IRONCLAD","items_purchased":["Fiend Fire","Metallicize","ClockworkSouvenir"],"campfire_rested":0,"item_purchase_floors":[5,22,22],"current_hp_per_floor":[74,76,76,65,65,65,47,45,45,47,43,43,43,49,49,32,68,74,74,76,69,69,69,69,65,65,65,73,73,56,56,56,0],"gold":192,"neow_bonus":"HUNDRED_GOLD","is_prod":false,"is_daily":false,"chose_seed":false,"campfire_upgraded":6,"win_rate":0,"timestamp":1569701924,"path_taken":["M","M","?","?","$","R","E","M","T","M","E","R","?","?","R","BOSS","M","?","M","?","$","R","?","M","T","M","?","R","M","?","R","BOSS"],"build_version":"2019-09-27","purchased_purges":1,"victory":false,"max_hp_per_floor":[80,80,80,80,80,80,80,80,80,80,80,80,80,80,80,80,80,83,83,83,87,87,87,87,87,87,91,95,95,95,95,95,95],"card_choices":[{"not_picked":["Entrench","Clash"],"picked":"Combust","floor":1},{"not_picked":["Sever Soul","Burning Pact"],"picked":"True Grit","floor":2},{"not_picked":["Clash","Searing Blow"],"picked":"Spot Weakness","floor":7},{"not_picked":["Iron Wave","Thunderclap"],"picked":"Shrug It Off","floor":8},{"not_picked":["Thunderclap","Warcry"],"picked":"Rampage","floor":10},{"not_picked":["Fire Breathing","Flex"],"picked":"Anger","floor":11},{"not_picked":["Wild Strike","Body Slam"],"picked":"Shrug It Off","floor":14},{"not_picked":["Dark Embrace","Immolate"],"picked":"Feed","floor":16},{"not_picked":["Power Through","Hemokinesis"],"picked":"Inflame","floor":18},{"not_picked":["Heavy Blade","Clothesline"],"picked":"Whirlwind","floor":20},{"not_picked":["Spot Weakness","Anger"],"picked":"Inflame","floor":21},{"not_picked":["Armaments","Wild Strike+1"],"picked":"Reaper","floor":25},{"not_picked":["Rupture","Iron Wave"],"picked":"Shrug It Off","floor":27},{"not_picked":["Iron Wave","Burning Pact"],"picked":"Headbutt","floor":28},{"not_picked":["Evolve","Thunderclap","Iron Wave"],"picked":"SKIP","floor":30}],"player_experience":444525,"relics_obtained":[{"floor":7,"key":"Gremlin Horn"},{"floor":9,"key":"Bag of Preparation"},{"floor":11,"key":"Sundial"},{"floor":13,"key":"Vajra"},{"floor":26,"key":"Potion Belt"}],"event_choices":[{"cards_removed":["Strike_R"],"damage_healed":0,"gold_gain":0,"player_choice":"Card Removal","damage_taken":0,"max_hp_gain":0,"max_hp_loss":0,"event_name":"The Cleric","floor":3,"gold_loss":50},{"damage_healed":0,"gold_gain":75,"player_choice":"Gather Gold","damage_taken":11,"max_hp_gain":0,"max_hp_loss":0,"event_name":"World of Goop","floor":4,"gold_loss":0},{"damage_healed":0,"gold_gain":0,"player_choice":"Upgraded","damage_taken":0,"max_hp_gain":0,"max_hp_loss":0,"event_name":"Upgrade Shrine","floor":19,"gold_loss":0,"cards_upgraded":["Feed"]},{"damage_healed":0,"gold_gain":0,"player_choice":"0 cards matched","damage_taken":0,"max_hp_gain":0,"max_hp_loss":0,"event_name":"Match and Keep!","floor":24,"gold_loss":0,"cards_obtained":[]},{"damage_healed":0,"gold_gain":0,"player_choice":"Simplicity","damage_taken":0,"max_hp_gain":0,"max_hp_loss":0,"event_name":"Back to Basics","floor":31,"gold_loss":0,"cards_upgraded":["Strike_R","Strike_R","Strike_R","Defend_R","Defend_R","Defend_R","Defend_R"]}],"is_beta":true,"boss_relics":[{"not_picked":["Velvet Choker","Empty Cage"],"picked":"Philosopher\u0027s Stone"}],"items_purged_floors":[5],"is_endless":false,"potions_floor_spawned":[1,11,16,25,28,30],"killed_by":"Champ","ascension_level":12}