{"gold_per_floor":[116,116,135,135,152,152,227,64,64,64,76,76,76,110,110,213,213,226,259,259,274,284,315,315,348,348,366,366,385,385,171,171,271,271,283,283,157,171,171,171,183,183,235,251,264,264,264,288,288,288],"floor_reached":50,"playtime":2716,"items_purged":[],"score":691,"play_id":"c304855c-e099-4a3c-a6ce-75e6dc6fa01f","local_time":"20180807134928","is_ascension_mode":true,"campfire_choices":[{"data":"Loop","floor":6.0,"key":"SMITH"},{"floor":10.0,"key":"REST"},{"data":"Defragment","floor":13.0,"key":"SMITH"},{"data":"Buffer","floor":15.0,"key":"SMITH"},{"data":"Reinforced Body","floor":24,"key":"SMITH"},{"floor":32,"key":"REST"},{"data":"Echo Form","floor":40,"key":"SMITH"},{"data":"Glacier","floor":42,"key":"SMITH"},{"floor":46,"key":"REST"},{"floor":49,"key":"REST"}],"neow_cost":"NONE","seed_source_timestamp":0,"circlet_count":0,"master_deck":["Zap+1","Dualcast","Echo Form+1","Loop+1","Conserve Battery","Defragment+1","Reinforced Body+1","Sweeping Beam","Conserve Battery","Buffer+1","Go for the Eyes+1","Ball Lightning","Streamline","Self Repair","Chaos","Redo","Electrodynamics+1","Rainbow","Machine Learning+1","Conserve Battery","Darkness","Gash","Blizzard","Stack","Hologram","Barrage","Leap+1","Loop+1","Madness","Madness","Glacier+1","Defragment+1","Defragment+1"],"special_seed":0,"relics":["Cracked Core","Mercury Hourglass","Gambling Chip","Nuclear Battery","Red Mask","Shuriken","Kunai","Frozen Egg 2","StoneCalendar","Boot","Pandora\u0027s Box","Torii","Anchor","Orichalcum"],"potions_floor_usage":[19,19,25,50,50,50],"damage_taken":[{"damage":7.0,"enemies":"Jaw Worm","floor":1.0,"turns":3.0},{"damage":0.0,"enemies":"Small Slimes","floor":3.0,"turns":3.0},{"damage":0.0,"enemies":"Cultist","floor":5.0,"turns":4.0},{"damage":3.0,"enemies":"Exordium Wildlife","floor":11.0,"turns":3.0},{"damage":0.0,"enemies":"Lagavulin","floor":14.0,"turns":5.0},{"damage":0.0,"enemies":"Hexaghost","floor":16.0,"turns":8.0},{"damage":0.0,"enemies":"Spheric Guardian","floor":18.0,"turns":3.0},{"damage":20,"floor":19,"turns":4},{"damage":2,"enemies":"Shell Parasite","floor":21,"turns":6},{"damage":1,"enemies":"Cultist and Chosen","floor":22,"turns":6},{"damage":8,"enemies":"Gremlin Leader","floor":23,"turns":6},{"damage":10,"enemies":"Book of Stabbing","floor":25,"turns":5},{"damage":11,"enemies":"Snecko","floor":27,"turns":5},{"damage":23,"enemies":"Slaver and Parasite","floor":29,"turns":7},{"damage":20,"enemies":"Champ","floor":33,"turns":8},{"damage":4,"enemies":"3 Shapes","floor":35,"turns":5},{"damage":0,"floor":36,"turns":4},{"damage":0,"enemies":"3 Darklings","floor":38,"turns":2},{"damage":12,"enemies":"Sphere and 2 Shapes","floor":41,"turns":5},{"damage":1,"enemies":"Flame Bruiser 2 Orb","floor":44,"turns":7},{"damage":22,"enemies":"3 Darklings","floor":45,"turns":4},{"damage":74,"enemies":"Time Eater","floor":50,"turns":4}],"seed_played":"-8581418512937217468","potions_obtained":[{"floor":1.0,"key":"Ancient Potion"},{"floor":3.0,"key":"Ancient Potion"},{"floor":14.0,"key":"LiquidBronze"},{"floor":18.0,"key":"FocusPotion"},{"floor":23,"key":"Swift Potion"},{"floor":25,"key":"FairyPotion"},{"floor":29,"key":"LiquidBronze"},{"floor":33,"key":"Strength Potion"},{"floor":38,"key":"FocusPotion"}],"is_trial":false,"path_per_floor":["M","?","M","?","M","R","?","$","T","R","M","$","R","E","R","B",null,"M","?","?","M","M","E","R","E","T","M","T","M","?","$","R","B",null,"M","?","$","M","?","R","M","R","T","M","M","R","?","T","R"],"character_chosen":"DEFECT","items_purchased":["Defragment","Reinforced Body","Sweeping Beam","Boot","Rainbow","SteroidPotion","Loop+1"],"campfire_rested":4,"item_purchase_floors":[8,8,8,31,31,37,37],"current_hp_per_floor":[68,68,68,61,61,61,50,50,50,72,69,69,69,69,69,69,74,74,54,54,52,51,43,43,33,33,22,22,14,14,14,36,23,62,65,65,65,65,56,56,44,44,44,43,21,43,43,43,65,0],"gold":288,"neow_bonus":"ONE_RANDOM_RARE_CARD","is_prod":false,"is_daily":false,"chose_seed":false,"campfire_upgraded":6,"win_rate":0,"timestamp":1533646168,"path_taken":["M","?","M","?","?","R","?","$","T","R","M","$","R","E","R","BOSS","M","?","?","M","M","E","R","E","T","M","?","?","?","$","R","BOSS","M","?","$","M","?","R","M","R","T","M","M","R","?","?","R","BOSS"],"build_version":"2018-08-02","purchased_purges":0,"victory":false,"max_hp_per_floor":[75,75,75,75,75,75,75,75,75,75,75,75,75,75,75,75,75,75,75,75,75,75,75,75,75,75,75,75,75,75,75,75,75,75,75,75,75,75,75,75,75,75,75,75,75,75,75,75,75,75],"card_choices":[{"not_picked":["Aggregate","Rebound"],"picked":"Loop","floor":1.0},{"not_picked":["Sunder","Go for the Eyes"],"picked":"Conserve Battery","floor":3.0},{"not_picked":["Redo","Sunder","Fusion"],"picked":"SKIP","floor":5.0},{"not_picked":["White Noise","Ball Lightning"],"picked":"Conserve Battery","floor":11.0},{"not_picked":["Leap","Gash"],"picked":"Buffer","floor":14.0},{"not_picked":["Rebound+1","Compile Driver"],"picked":"Go for the Eyes+1","floor":18.0},{"not_picked":["Hologram","Scrape"],"picked":"Ball Lightning","floor":21},{"not_picked":["Melter","Stack"],"picked":"Streamline","floor":22},{"not_picked":["Reprogram","Self Repair","Go for the Eyes+1"],"picked":"SKIP","floor":23},{"not_picked":["Reprogram","Go for the Eyes+1"],"picked":"Self Repair","floor":23},{"not_picked":["Go for the Eyes+1","Beam Cell"],"picked":"Chaos","floor":25},{"not_picked":["Streamline","Compile Driver"],"picked":"Redo","floor":27},{"not_picked":["Rebound","Scrape"],"picked":"Electrodynamics+1","floor":29},{"not_picked":["Seek","All For One"],"picked":"Machine Learning+1","floor":33},{"not_picked":["Beam Cell+1","Ball Lightning+1"],"picked":"Barrage","floor":35},{"not_picked":["Streamline","Hologram+1"],"picked":"Leap+1","floor":36},{"not_picked":["Barrage","Leap","Hologram+1"],"picked":"SKIP","floor":38},{"not_picked":["Compile Driver+1","Gash"],"picked":"Glacier","floor":41},{"not_picked":["Beam Cell+1","Reinforced Body"],"picked":"Defragment+1","floor":44},{"not_picked":["Core Surge","Fusion"],"picked":"Defragment+1","floor":45}],"player_experience":546730,"relics_obtained":[{"floor":9.0,"key":"Mercury Hourglass"},{"floor":14.0,"key":"Gambling Chip"},{"floor":19,"key":"Red Mask"},{"floor":23,"key":"Shuriken"},{"floor":25,"key":"Kunai"},{"floor":26,"key":"Frozen Egg 2"},{"floor":28,"key":"StoneCalendar"},{"floor":36,"key":"Torii"},{"floor":43,"key":"Anchor"},{"floor":48,"key":"Orichalcum"}],"event_choices":[{"event_name":"Living Wall","player_choice":"Grow","floor":2.0,"damage_taken":0.0},{"event_name":"Golden Wing","player_choice":"Card Removal","floor":4.0,"damage_taken":0.0},{"event_name":"World of Goop","player_choice":"Gather Gold","floor":7.0,"damage_taken":0.0},{"event_name":"Masked Bandits","player_choice":"Fought over 226 gold","floor":19,"damage_taken":0},{"event_name":"Purifier","player_choice":"One Purge","floor":20,"damage_taken":0},{"event_name":"Vampires","player_choice":"Ignored","floor":30,"damage_taken":0},{"event_name":"MindBloom","player_choice":"Fight","floor":36,"damage_taken":0},{"event_name":"Winding Halls","player_choice":"Embrace Madness","floor":39,"damage_taken":0},{"event_name":"Mysterious Sphere","player_choice":"Ignore","floor":47,"damage_taken":0}],"is_beta":false,"boss_relics":[{"not_picked":["Runic Pyramid","Busted Crown"],"picked":"Nuclear Battery"},{"not_picked":["Astrolabe","Calling Bell"],"picked":"Pandora\u0027s Box"}],"items_purged_floors":[],"is_endless":false,"potions_floor_spawned":[1,3,14,18,23,25,29,33,38,45],"killed_by":"Time Eater","ascension_level":5}