{"gold_per_floor":[10,26,26,37,37,66,66,94,94,94,113,139,157,170,170,170],"floor_reached":16,"playtime":629,"items_purged":[],"score":226,"play_id":"6551e852-d6a1-4978-b160-90409711a165","local_time":"20190701114032","is_ascension_mode":true,"campfire_choices":[{"data":"Immolate","floor":7,"key":"SMITH"},{"floor":10,"key":"REST"},{"data":"Whirlwind","floor":15,"key":"SMITH"}],"neow_cost":"NO_GOLD","seed_source_timestamp":1164524469400100,"circlet_count":0,"master_deck":["AscendersBane","Strike_R","Strike_R","Strike_R","Defend_R","Defend_R","Defend_R","Defend_R","Bash+1","Immolate+1","Warcry","Clothesline","Body Slam","Anger","Feed","Flex","Headbutt","Seeing Red","Whirlwind+1","Shockwave"],"relics":["Burning Blood","Matryoshka","Bird Faced Urn","Dream Catcher","Champion Belt","Regal Pillow"],"potions_floor_usage":[6,16],"damage_taken":[{"damage":4,"enemies":"Jaw Worm","floor":1,"turns":4},{"damage":5,"enemies":"Small Slimes","floor":2,"turns":3},{"damage":7,"enemies":"Cultist","floor":4,"turns":4},{"damage":40,"enemies":"3 Sentries","floor":6,"turns":6},{"damage":25,"enemies":"Lagavulin","floor":8,"turns":6},{"damage":12,"enemies":"Large Slime","floor":11,"turns":3},{"damage":13,"enemies":"Gremlin Nob","floor":12,"turns":3},{"damage":0,"enemies":"3 Louse","floor":13,"turns":1},{"damage":9,"enemies":"Looter","floor":14,"turns":3},{"damage":30,"enemies":"The Guardian","floor":16,"turns":10}],"seed_played":"-5081892545256903173","potions_obtained":[{"floor":2,"key":"Swift Potion"},{"floor":14,"key":"SteroidPotion"}],"is_trial":false,"path_per_floor":["M","M","?","M","?","E","R","E","T","R","M","E","M","M","R","B"],"character_chosen":"IRONCLAD","items_purchased":[],"campfire_rested":1,"item_purchase_floors":[],"current_hp_per_floor":[70,71,71,70,70,36,36,17,17,39,33,26,32,29,29,0],"gold":170,"neow_bonus":"TRANSFORM_TWO_CARDS","is_prod":false,"is_daily":false,"chose_seed":false,"campfire_upgraded":2,"win_rate":0,"timestamp":1561974032,"path_taken":["M","M","?","M","?","E","R","E","T","R","M","E","M","?","R","BOSS"],"build_version":"2019-01-23","purchased_purges":0,"victory":false,"max_hp_per_floor":[75,75,75,75,75,75,75,75,75,75,75,75,75,75,75,75],"card_choices":[{"not_picked":["Perfected Strike","Evolve"],"picked":"Clothesline","floor":1},{"not_picked":["Warcry","Perfected Strike"],"picked":"Body Slam","floor":2},{"not_picked":["Wild Strike","Warcry"],"picked":"Anger","floor":4},{"not_picked":["Combust","Dropkick","Wild Strike"],"picked":"SKIP","floor":6},{"not_picked":["Blood for Blood","Twin Strike"],"picked":"Feed","floor":8},{"not_picked":["Warcry","Hemokinesis"],"picked":"Flex","floor":10},{"not_picked":["Bloodletting","Wild Strike"],"picked":"Headbutt","floor":11},{"not_picked":["Pommel Strike","Wild Strike"],"picked":"Seeing Red","floor":12},{"not_picked":["Warcry","Seeing Red"],"picked":"Whirlwind","floor":13},{"not_picked":["Iron Wave","Havoc"],"picked":"Shockwave","floor":14}],"player_experience":1544434,"relics_obtained":[{"floor":6,"key":"Matryoshka"},{"floor":8,"key":"Bird Faced Urn"},{"floor":9,"key":"Dream Catcher"},{"floor":9,"key":"Champion Belt"},{"floor":12,"key":"Regal Pillow"}],"event_choices":[{"damage_healed":0,"gold_gain":0,"player_choice":"Leave","damage_taken":0,"max_hp_gain":0,"max_hp_loss":0,"event_name":"The Cleric","floor":3,"gold_loss":0},{"damage_healed":0,"gold_gain":0,"player_choice":"Upgraded","damage_taken":0,"max_hp_gain":0,"max_hp_loss":0,"event_name":"Upgrade Shrine","floor":5,"gold_loss":0,"cards_upgraded":["Bash"]}],"is_beta":false,"boss_relics":[],"items_purged_floors":[],"is_endless":false,"potions_floor_spawned":[2,14],"killed_by":"The Guardian","ascension_level":17}