{"gold_per_floor":[119,294,294,314,34,34,78,78,78,78,78,78,113,113,113,202,202,217,217,217,20,20,51,51,51],"floor_reached":25,"playtime":665,"items_purged":["Doubt","Injury"],"score":503,"play_id":"aa5888f7-53d2-4fa0-a8cd-1e09c53d6a17","local_time":"20190325143421","is_ascension_mode":true,"campfire_choices":[{"data":"Bash","floor":6,"key":"SMITH"},{"data":"Seeing Red","floor":8,"key":"SMITH"},{"data":"Perfected Strike","floor":10,"key":"SMITH"},{"data":"Dual Wield","floor":12,"key":"SMITH"},{"data":"Inflame","floor":15,"key":"SMITH"},{"data":"Barricade","floor":24,"key":"SMITH"}],"neow_cost":"NONE","seed_source_timestamp":1079389719459699,"circlet_count":0,"master_deck":["AscendersBane","Strike_R","Strike_R","Strike_R","Strike_R","Bash+1","Seeing Red+1","Perfected Strike+1","Twin Strike","Dual Wield+1","Inflame+1","Barricade+1","Burning Pact+1","Reckless Charge+1","Fire Breathing+1","Perfected Strike","Double Tap","Brutality","RitualDagger","Headbutt","Flex","Sentinel"],"relics":["Burning Blood","NeowsBlessing","Golden Idol","Juzu Bracelet","Strawberry","FossilizedHelix","Pen Nib","Blood Vial","Astrolabe","Mercury Hourglass","Gambling Chip"],"potions_floor_usage":[13,16,18,23],"damage_taken":[{"damage":0,"enemies":"2 Louse","floor":1,"turns":1},{"damage":0,"enemies":"Jaw Worm","floor":4,"turns":1},{"damage":0,"enemies":"Lagavulin","floor":7,"turns":1},{"damage":8,"enemies":"Gremlin Nob","floor":13,"turns":4},{"damage":0,"enemies":"Slime Boss","floor":16,"turns":7},{"damage":21,"enemies":"Shell Parasite","floor":18,"turns":5},{"damage":26,"enemies":"Slavers","floor":23,"turns":3},{"damage":53,"enemies":"Book of Stabbing","floor":25,"turns":3}],"seed_played":"-4700877397513851051","potions_obtained":[{"floor":1,"key":"EssenceOfSteel"},{"floor":7,"key":"AttackPotion"},{"floor":13,"key":"Fire Potion"},{"floor":18,"key":"Weak Potion"}],"is_trial":false,"path_per_floor":["M","?","?","M","$","R","E","R","T","R","?","R","E","?","R","B",null,"M","?","?","$","T","E","R","E"],"character_chosen":"IRONCLAD","items_purchased":["Juzu Bracelet","Twin Strike","Headbutt","Flex"],"campfire_rested":0,"item_purchase_floors":[5,5,21,21],"current_hp_per_floor":[74,74,74,75,75,75,82,82,82,82,87,87,85,78,78,86,87,72,72,66,66,66,48,48,0],"gold":51,"neow_bonus":"THREE_ENEMY_KILL","is_prod":false,"is_daily":false,"chose_seed":false,"campfire_upgraded":6,"win_rate":0,"timestamp":1553520861,"path_taken":["M","?","?","M","$","R","E","R","T","R","?","R","E","?","R","BOSS","M","?","?","?","?","E","R","E"],"build_version":"2019-01-23","purchased_purges":2,"victory":false,"max_hp_per_floor":[75,75,75,75,75,75,82,82,82,82,87,87,87,87,87,87,87,87,87,87,87,87,87,87,87],"card_choices":[{"not_picked":["Pommel Strike","True Grit"],"picked":"Seeing Red","floor":1},{"not_picked":["Bloodletting","Flex"],"picked":"Perfected Strike","floor":4},{"not_picked":["Clothesline","Metallicize"],"picked":"Dual Wield","floor":7},{"not_picked":["Rampage","True Grit"],"picked":"Inflame","floor":13},{"not_picked":["Berserk","Offering"],"picked":"Barricade","floor":16},{"not_picked":["True Grit","Twin Strike"],"picked":"Perfected Strike","floor":18},{"not_picked":["Clash","Headbutt"],"picked":"Sentinel","floor":23}],"player_experience":997513,"relics_obtained":[{"floor":7,"key":"Strawberry"},{"floor":9,"key":"FossilizedHelix"},{"floor":13,"key":"Pen Nib"},{"floor":22,"key":"Mercury Hourglass"},{"floor":23,"key":"Gambling Chip"}],"event_choices":[{"damage_healed":0,"gold_gain":175,"player_choice":"AGREE","damage_taken":0,"max_hp_gain":0,"max_hp_loss":0,"event_name":"Liars Game","floor":2,"gold_loss":0,"cards_obtained":["Doubt"]},{"damage_healed":0,"gold_gain":0,"player_choice":"Take Wound","damage_taken":0,"relics_obtained":["Golden Idol"],"max_hp_gain":0,"max_hp_loss":0,"event_name":"Golden Idol","floor":3,"gold_loss":0,"cards_obtained":["Injury"]},{"damage_healed":0,"gold_gain":0,"player_choice":"Donut","damage_taken":0,"max_hp_gain":5,"max_hp_loss":0,"event_name":"Big Fish","floor":11,"gold_loss":0},{"damage_healed":0,"gold_gain":0,"player_choice":"Success","damage_taken":7,"relics_obtained":["Blood Vial"],"max_hp_gain":0,"max_hp_loss":0,"event_name":"Scrap Ooze","floor":14,"gold_loss":0},{"damage_healed":0,"gold_gain":0,"cards_transformed":["Defend_R","Strike_R"],"player_choice":"Became Test Subject","damage_taken":0,"max_hp_gain":0,"max_hp_loss":0,"event_name":"Drug Dealer","floor":19,"gold_loss":0,"cards_obtained":["Double Tap","Brutality"]},{"damage_healed":0,"gold_gain":0,"player_choice":"Joined the Cult","damage_taken":6,"max_hp_gain":0,"max_hp_loss":0,"event_name":"Nest","floor":20,"gold_loss":0,"cards_obtained":["RitualDagger"]}],"is_beta":false,"boss_relics":[{"not_picked":["Runic Cube","White Beast Statue"],"picked":"Astrolabe"}],"items_purged_floors":[5,21],"is_endless":false,"potions_floor_spawned":[1,7,13,18],"killed_by":"Book of Stabbing","ascension_level":14}