{"gold_per_floor":[119,119,119,139,289,338,353,388,388,208,208,31,31,45,45,45],"floor_reached":16,"playtime":409,"items_purged":["Doubt","Strike_R"],"score":181,"play_id":"65a9dec3-cc92-44a6-8428-0d042b91a83b","local_time":"20190701083133","is_ascension_mode":true,"campfire_choices":[{"data":"True Grit","floor":11,"key":"SMITH"},{"data":"Bash","floor":13,"key":"SMITH"},{"data":"Body Slam","floor":15,"key":"SMITH"}],"neow_cost":"NONE","seed_source_timestamp":1153405594462600,"circlet_count":0,"master_deck":["AscendersBane","Strike_R","Strike_R","Strike_R","Defend_R","Defend_R","Defend_R","Defend_R","Bash+1","Sever Soul","Anger","Burning Pact","Body Slam+1","Feel No Pain","True Grit+1","Anger","Flex","Second Wind"],"relics":["Burning Blood","NeowsBlessing","Red Skull","Peace Pipe","Ornamental Fan"],"potions_floor_usage":[8,14,16],"damage_taken":[{"damage":0,"enemies":"Small Slimes","floor":1,"turns":1},{"damage":0,"enemies":"2 Louse","floor":4,"turns":1},{"damage":0,"enemies":"Cultist","floor":7,"turns":1},{"damage":55,"enemies":"3 Sentries","floor":8,"turns":9},{"damage":27,"enemies":"Exordium Wildlife","floor":14,"turns":6},{"damage":21,"enemies":"The Guardian","floor":16,"turns":5}],"seed_played":"4218690637502565075","potions_obtained":[{"floor":1,"key":"PowerPotion"},{"floor":8,"key":"Regen Potion"},{"floor":14,"key":"AttackPotion"}],"is_trial":false,"path_per_floor":["M","?","?","M","?","T","M","E","T","$","R","$","R","M","R","B"],"character_chosen":"IRONCLAD","items_purchased":["Feel No Pain","True Grit","Anger","Flex"],"campfire_rested":0,"item_purchase_floors":[10,10,12,12],"current_hp_per_floor":[74,74,75,75,75,75,75,26,26,26,26,26,26,20,20,0],"gold":45,"neow_bonus":"THREE_ENEMY_KILL","is_prod":false,"is_daily":false,"chose_seed":false,"campfire_upgraded":3,"win_rate":0,"timestamp":1561962693,"path_taken":["M","?","?","?","?","?","M","E","T","$","R","$","R","M","R","BOSS"],"build_version":"2019-01-23","purchased_purges":2,"victory":false,"max_hp_per_floor":[75,75,75,75,75,75,75,75,75,75,75,75,75,75,75,75],"card_choices":[{"not_picked":["Flex","Combust"],"picked":"Sever Soul","floor":1},{"not_picked":["Metallicize","Shockwave"],"picked":"Anger","floor":4},{"not_picked":["Iron Wave","Infernal Blade"],"picked":"Burning Pact","floor":7},{"not_picked":["Berserk","Perfected Strike"],"picked":"Body Slam","floor":8},{"not_picked":["Cleave","Heavy Blade"],"picked":"Second Wind","floor":14}],"player_experience":1533559,"relics_obtained":[{"floor":6,"key":"Red Skull"},{"floor":8,"key":"Peace Pipe"},{"floor":9,"key":"Ornamental Fan"}],"event_choices":[{"damage_healed":0,"gold_gain":0,"cards_transformed":["Strike_R"],"player_choice":"Change","damage_taken":0,"max_hp_gain":0,"max_hp_loss":0,"event_name":"Living Wall","floor":2,"gold_loss":0,"cards_obtained":["Carnage"]},{"cards_removed":["Carnage"],"damage_healed":1,"gold_gain":0,"player_choice":"Offered Uncommon","damage_taken":0,"max_hp_gain":0,"max_hp_loss":0,"event_name":"Bonfire Elementals","floor":3,"gold_loss":0},{"damage_healed":0,"gold_gain":150,"player_choice":"AGREE","damage_taken":0,"max_hp_gain":0,"max_hp_loss":0,"event_name":"Liars Game","floor":5,"gold_loss":0,"cards_obtained":["Doubt"]}],"is_beta":false,"boss_relics":[],"items_purged_floors":[10,12],"is_endless":false,"potions_floor_spawned":[1,8,14],"killed_by":"The Guardian","ascension_level":17}