{"gold_per_floor":[359,379,6,6,26,26,39,5,5,24,44,56,56,70,70,170,170,180,194,194,194,214,214,214,214,214,231,231,30,40,58,58,58],"floor_reached":33,"playtime":1808,"items_purged":["Shame","Strike_G"],"score":389,"play_id":"3f111121-d8a1-4be5-a248-e82b3f2a98be","local_time":"20190221015522","is_ascension_mode":true,"campfire_choices":[{"data":"Neutralize","floor":6,"key":"SMITH"},{"data":"Bullet Time","floor":13,"key":"SMITH"},{"data":"Caltrops","floor":15,"key":"SMITH"},{"data":"Adrenaline","floor":23,"key":"SMITH"},{"floor":28,"key":"REST"},{"floor":32,"key":"REST"}],"neow_cost":"CURSE","seed_source_timestamp":78778241934100,"circlet_count":0,"master_deck":["AscendersBane","Defend_G","Defend_G","Defend_G","Defend_G","Defend_G","Strike_G","Survivor","Neutralize+1","Escape Plan","Cloak And Dagger","Caltrops+1","Leg Sweep","Bullet Time+1","Escape Plan","Footwork","Crippling Poison","Poisoned Stab","Riddle With Holes","Escape Plan","Adrenaline+1","Grand Finale+1","Setup+1","Expertise+1","Dagger Throw","Quick Slash","Predator","Adrenaline+1","Blur","Finisher","Well Laid Plans","Eviscerate","Backstab+1"],"relics":["Ring of the Snake","Bag of Preparation","Smiling Mask","Astrolabe","Question Card","Matryoshka"],"potions_floor_usage":[16,19,31,33,33],"damage_taken":[{"damage":12,"enemies":"Jaw Worm","floor":1,"turns":7},{"damage":1,"enemies":"Small Slimes","floor":2,"turns":6},{"damage":0,"enemies":"2 Louse","floor":5,"turns":5},{"damage":0,"enemies":"Looter","floor":7,"turns":3},{"damage":0,"enemies":"3 Louse","floor":10,"turns":3},{"damage":0,"enemies":"Gremlin Gang","floor":11,"turns":4},{"damage":8,"enemies":"Large Slime","floor":12,"turns":6},{"damage":1,"enemies":"Exordium Wildlife","floor":14,"turns":4},{"damage":5,"enemies":"Hexaghost","floor":16,"turns":11},{"damage":3,"enemies":"Shell Parasite","floor":18,"turns":6},{"damage":0,"enemies":"3 Byrds","floor":19,"turns":2},{"damage":16,"enemies":"Snake Plant","floor":22,"turns":5},{"damage":12,"enemies":"Colosseum Slavers","floor":24,"turns":5},{"damage":6,"enemies":"Snecko","floor":27,"turns":8},{"damage":0,"enemies":"Centurion and Healer","floor":30,"turns":8},{"damage":12,"enemies":"Cultist and Chosen","floor":31,"turns":5},{"damage":52,"enemies":"Automaton","floor":33,"turns":12}],"seed_played":"-5557118036073764890","potions_obtained":[{"floor":2,"key":"SteroidPotion"},{"floor":7,"key":"GamblersBrew"},{"floor":10,"key":"Poison Potion"},{"floor":14,"key":"Explosive Potion"},{"floor":18,"key":"Dexterity Potion"},{"floor":30,"key":"Energy Potion"},{"floor":31,"key":"Swift Potion"}],"is_trial":false,"path_per_floor":["M","M","$","?","M","R","M","$","T","M","M","M","R","M","R","B",null,"M","M","?","?","M","R","?","?","T","M","R","$","M","M","R","B"],"character_chosen":"THE_SILENT","items_purchased":["Bag of Preparation","Caltrops","Leg Sweep","Footwork","Finisher","Well Laid Plans"],"campfire_rested":2,"item_purchase_floors":[3,3,3,8,29,29],"current_hp_per_floor":[51,50,50,55,55,55,55,55,55,55,55,47,47,46,46,41,67,64,64,50,50,34,34,22,22,22,16,40,40,40,28,52,0],"gold":58,"neow_bonus":"TWO_FIFTY_GOLD","is_prod":false,"is_daily":false,"chose_seed":false,"campfire_upgraded":4,"win_rate":0,"timestamp":1550710522,"path_taken":["M","M","$","?","M","R","M","$","T","M","M","M","R","M","R","BOSS","M","M","?","?","M","R","?","?","T","M","R","$","M","?","R","BOSS"],"build_version":"2019-01-23","purchased_purges":2,"victory":false,"max_hp_per_floor":[70,70,70,75,75,75,75,75,75,75,75,75,75,75,75,75,75,75,75,80,80,80,80,80,80,80,80,80,80,80,80,80,80],"card_choices":[{"not_picked":["Eviscerate","Slice"],"picked":"Escape Plan","floor":1},{"not_picked":["Deadly Poison","Deflect"],"picked":"Cloak And Dagger","floor":2},{"not_picked":["Dagger Throw","Bane"],"picked":"Bullet Time","floor":5},{"not_picked":["Outmaneuver","Catalyst"],"picked":"Escape Plan","floor":7},{"not_picked":["Flying Knee","Tactician"],"picked":"Crippling Poison","floor":10},{"not_picked":["Quick Slash","Deflect"],"picked":"Poisoned Stab","floor":11},{"not_picked":["Leg Sweep","Blade Dance"],"picked":"Riddle With Holes","floor":12},{"not_picked":["Dodge and Roll","Concentrate"],"picked":"Escape Plan","floor":14},{"not_picked":["Unload","Grand Finale"],"picked":"Adrenaline","floor":16},{"not_picked":["Dagger Spray","Sucker Punch"],"picked":"Dagger Throw","floor":18},{"not_picked":["Prepared","Deflect"],"picked":"Quick Slash","floor":19},{"not_picked":["Quick Slash+1","Noxious Fumes","PiercingWail"],"picked":"Predator","floor":22},{"not_picked":["Blade Dance","Dagger Spray","Backflip"],"picked":"Blur","floor":27},{"not_picked":["Sucker Punch","Well Laid Plans","Masterful Stab"],"picked":"Eviscerate","floor":30},{"not_picked":["Backflip","Terror","Prepared+1"],"picked":"Backstab+1","floor":31}],"player_experience":822361,"relics_obtained":[{"floor":9,"key":"Smiling Mask"},{"floor":26,"key":"Matryoshka"}],"event_choices":[{"damage_healed":0,"gold_gain":0,"player_choice":"Donut","damage_taken":0,"max_hp_gain":5,"max_hp_loss":0,"event_name":"Big Fish","floor":4,"gold_loss":0},{"damage_healed":0,"gold_gain":0,"player_choice":"Shed Blood","damage_taken":19,"max_hp_gain":5,"max_hp_loss":0,"event_name":"Forgotten Altar","floor":20,"gold_loss":0},{"damage_healed":0,"gold_gain":0,"player_choice":"Opened","damage_taken":0,"relics_obtained":["Question Card"],"max_hp_gain":0,"max_hp_loss":0,"event_name":"The Mausoleum","floor":21,"gold_loss":0},{"damage_healed":0,"gold_gain":0,"player_choice":"Fight","damage_taken":0,"max_hp_gain":0,"max_hp_loss":0,"event_name":"Colosseum","floor":24,"gold_loss":0},{"damage_healed":0,"gold_gain":0,"player_choice":"Fled From Nobs","damage_taken":0,"max_hp_gain":0,"max_hp_loss":0,"event_name":"Colosseum","floor":24,"gold_loss":0},{"damage_healed":0,"gold_gain":0,"player_choice":"Copied","damage_taken":0,"max_hp_gain":0,"max_hp_loss":0,"event_name":"Duplicator","floor":25,"gold_loss":0,"cards_obtained":["Adrenaline"]}],"is_beta":false,"boss_relics":[{"not_picked":["Runic Pyramid","Lizard Tail"],"picked":"Astrolabe"}],"items_purged_floors":[3,29],"is_endless":false,"potions_floor_spawned":[2,7,10,14,18,24,30,31],"killed_by":"Automaton","ascension_level":12}