{"gold_per_floor":[109,109,109,128,143,143,176,176,176,126,201,38,48,62,62,164,164,176,275,291,306,2,2],"floor_reached":23,"playtime":1110,"items_purged":[],"score":267,"play_id":"bd6fa449-bbfd-4095-b905-961520519e81","local_time":"20190913112615","is_ascension_mode":true,"campfire_choices":[{"data":"Dark Embrace","floor":6,"key":"SMITH"},{"data":"Seeing Red","floor":8,"key":"SMITH"},{"data":"Havoc","floor":15,"key":"SMITH"}],"neow_cost":"NONE","seed_source_timestamp":180538408834484,"circlet_count":0,"master_deck":["Strike_R","Strike_R","Strike_R","Defend_R","Defend_R","Defend_R","Defend_R","Bash","Dark Embrace+1","Headbutt","Seeing Red","Seeing Red+1","Metallicize","Offering","Juggernaut","Havoc+1","Fiend Fire","Intimidate","Cleave+1","Inflame","Carnage"],"relics":["Burning Blood","Nunchaku","Pantograph","Sozu","Strawberry"],"potions_floor_usage":[14,16,23],"damage_taken":[{"damage":10,"enemies":"Small Slimes","floor":1,"turns":3},{"damage":6,"enemies":"Cultist","floor":4,"turns":3},{"damage":0,"enemies":"2 Louse","floor":5,"turns":3},{"damage":40,"enemies":"Lagavulin","floor":7,"turns":6},{"damage":14,"enemies":"Blue Slaver","floor":13,"turns":3},{"damage":6,"enemies":"Red Slaver","floor":14,"turns":2},{"damage":46,"enemies":"Slime Boss","floor":16,"turns":11},{"damage":13,"enemies":"Chosen","floor":18,"turns":4},{"damage":15,"enemies":"Shell Parasite","floor":20,"turns":5},{"damage":24,"enemies":"Centurion and Healer","floor":21,"turns":5},{"damage":35,"enemies":"Slavers","floor":23,"turns":2}],"seed_played":"5542579879488872651","potions_obtained":[{"floor":5,"key":"Block Potion"},{"floor":14,"key":"Weak Potion"},{"floor":16,"key":"Strength Potion"}],"is_trial":false,"path_per_floor":["M","?","?","M","M","R","E","R","T","?","?","$","M","M","R","B",null,"M","?","M","M","$","E"],"character_chosen":"IRONCLAD","items_purchased":["Offering","Inflame","Carnage","Strawberry"],"campfire_rested":0,"item_purchase_floors":[12,22,22,22],"current_hp_per_floor":[68,68,68,68,74,74,40,40,40,40,32,32,24,24,24,9,62,55,55,46,28,35,0],"gold":2,"neow_bonus":"ONE_RANDOM_RARE_CARD","is_prod":false,"is_daily":false,"chose_seed":false,"campfire_upgraded":3,"win_rate":0,"timestamp":1568388375,"path_taken":["M","?","?","M","M","R","E","R","T","?","?","$","?","M","R","BOSS","M","?","M","M","$","E"],"build_version":"2019-09-12","purchased_purges":0,"victory":false,"max_hp_per_floor":[80,80,80,80,80,80,80,80,80,80,80,80,80,80,80,80,80,80,80,80,80,87,87],"card_choices":[{"not_picked":["Body Slam","Wild Strike"],"picked":"Headbutt","floor":1},{"not_picked":["Sword Boomerang","Rage"],"picked":"Seeing Red","floor":4},{"not_picked":["Heavy Blade","Wild Strike"],"picked":"Seeing Red","floor":5},{"not_picked":["Rupture","Shrug It Off"],"picked":"Metallicize","floor":7},{"not_picked":["Heavy Blade","Combust"],"picked":"Juggernaut","floor":13},{"not_picked":["Searing Blow","Fire Breathing"],"picked":"Havoc","floor":14},{"not_picked":["Brutality","Exhume"],"picked":"Fiend Fire","floor":16},{"not_picked":["True Grit+1","Second Wind+1","Headbutt+1"],"picked":"SKIP","floor":18},{"not_picked":["Warcry","Wild Strike"],"picked":"Intimidate","floor":20},{"not_picked":["True Grit+1","Clash"],"picked":"Cleave+1","floor":21}],"player_experience":386217,"relics_obtained":[{"floor":7,"key":"Nunchaku"},{"floor":9,"key":"Pantograph"}],"event_choices":[{"damage_healed":0,"gold_gain":0,"player_choice":"Ignored","damage_taken":0,"max_hp_gain":0,"max_hp_loss":0,"event_name":"Liars Game","floor":2,"gold_loss":0},{"cards_removed":["Strike_R"],"damage_healed":0,"gold_gain":0,"player_choice":"Forget","damage_taken":0,"max_hp_gain":0,"max_hp_loss":0,"event_name":"Living Wall","floor":3,"gold_loss":0},{"cards_removed":["Strike_R"],"damage_healed":0,"gold_gain":0,"player_choice":"Card Removal","damage_taken":0,"max_hp_gain":0,"max_hp_loss":0,"event_name":"The Cleric","floor":10,"gold_loss":50},{"damage_healed":0,"gold_gain":75,"player_choice":"Touch","damage_taken":8,"max_hp_gain":0,"max_hp_loss":0,"event_name":"FaceTrader","floor":11,"gold_loss":0},{"damage_healed":0,"gold_gain":99,"player_choice":"Stole From Cult","damage_taken":0,"max_hp_gain":0,"max_hp_loss":0,"event_name":"Nest","floor":19,"gold_loss":0}],"is_beta":true,"boss_relics":[{"not_picked":["Ectoplasm","Black Blood"],"picked":"Sozu"}],"items_purged_floors":[],"is_endless":false,"potions_floor_spawned":[5,14,16,20],"killed_by":"Slavers","ascension_level":8}