{"gold_per_floor":[367,102,118,65,65,98,110,149,230,242,273,285,310,357,369,381],"floor_reached":16,"playtime":684,"items_purged":["Strike_B"],"score":236,"play_id":"3b3fb376-5ec9-4a8e-aa83-d3e80e60bf8e","local_time":"20190717092115","is_ascension_mode":true,"campfire_choices":[{"floor":7,"key":"REST"},{"data":"Go for the Eyes","floor":10,"key":"SMITH"},{"data":"Hologram","floor":12,"key":"SMITH"},{"data":"Zap","floor":15,"key":"SMITH"}],"neow_cost":"TEN_PERCENT_HP_LOSS","seed_source_timestamp":560806037603603,"circlet_count":0,"master_deck":["AscendersBane","Strike_B","Strike_B","Strike_B","Defend_B","Defend_B","Defend_B","Defend_B","Zap+1","Dualcast","Cold Snap","Beam Cell","FTL","Go for the Eyes+1","Chill","Hologram+1","Compile Driver","Gash","Beam Cell","Core Surge"],"relics":["Cracked Core","Bag of Preparation","SsserpentHead","MawBank","Prayer Wheel","Blue Candle","Ancient Tea Set"],"potions_floor_usage":[6,8,14],"damage_taken":[{"damage":0,"enemies":"Cultist","floor":1,"turns":3},{"damage":7,"enemies":"Jaw Worm","floor":3,"turns":3},{"damage":21,"enemies":"Lagavulin","floor":6,"turns":5},{"damage":6,"enemies":"Gremlin Nob","floor":8,"turns":3},{"damage":0,"enemies":"Small Slimes","floor":11,"turns":2},{"damage":1,"enemies":"2 Fungi Beasts","floor":13,"turns":3},{"damage":12,"enemies":"Lagavulin","floor":14,"turns":4},{"damage":36,"enemies":"Hexaghost","floor":16,"turns":9}],"seed_played":"1871550392242603382","potions_obtained":[{"floor":1,"key":"SkillPotion"},{"floor":11,"key":"Energy Potion"},{"floor":13,"key":"Weak Potion"}],"is_trial":false,"path_per_floor":["M","$","M","$","?","E","R","E","T","R","M","R","M","E","R","B"],"character_chosen":"DEFECT","items_purchased":["Bag of Preparation","Beam Cell","Poison Potion"],"campfire_rested":1,"item_purchase_floors":[2,2,4],"current_hp_per_floor":[64,64,57,57,57,36,55,49,49,49,49,49,48,36,36,0],"gold":381,"neow_bonus":"TWO_FIFTY_GOLD","is_prod":false,"is_daily":false,"chose_seed":false,"campfire_upgraded":3,"win_rate":0,"timestamp":1563351675,"path_taken":["M","$","M","$","?","E","R","E","T","R","M","R","M","E","R","BOSS"],"build_version":"2019-07-05","purchased_purges":1,"victory":false,"max_hp_per_floor":[64,64,64,64,64,64,64,64,64,64,64,64,64,64,64,64],"card_choices":[{"not_picked":["Force Field","Rebound"],"picked":"Cold Snap","floor":1},{"not_picked":["Compile Driver","Rebound"],"picked":"FTL","floor":3},{"not_picked":["Coolheaded","Hologram"],"picked":"Go for the Eyes","floor":6},{"not_picked":["Conserve Battery","Blizzard"],"picked":"Chill","floor":8},{"not_picked":["Heatsinks","Go for the Eyes"],"picked":"Hologram","floor":11},{"not_picked":["Redo","Streamline"],"picked":"Compile Driver","floor":11},{"not_picked":["Ball Lightning","Streamline"],"picked":"Gash","floor":13},{"not_picked":["Stack","Undo"],"picked":"Beam Cell","floor":13},{"not_picked":["Go for the Eyes","Rainbow"],"picked":"Core Surge","floor":14}],"player_experience":1181922,"relics_obtained":[{"floor":6,"key":"MawBank"},{"floor":8,"key":"Prayer Wheel"},{"floor":9,"key":"Blue Candle"},{"floor":14,"key":"Ancient Tea Set"}],"event_choices":[{"damage_healed":0,"gold_gain":0,"player_choice":"Trade","damage_taken":0,"relics_obtained":["SsserpentHead"],"max_hp_gain":0,"max_hp_loss":0,"event_name":"FaceTrader","floor":5,"gold_loss":0}],"is_beta":false,"boss_relics":[],"items_purged_floors":[2],"is_endless":false,"potions_floor_spawned":[1,11,13],"killed_by":"Hexaghost","ascension_level":20}