{"gold_per_floor":[112,112,128,16,27,62,74,99,99,134,148,148,164,182,182,182],"floor_reached":16,"playtime":711,"items_purged":[],"score":205,"play_id":"ec2de162-a128-409b-b565-1a60ec279ce3","local_time":"20181031222342","is_ascension_mode":true,"campfire_choices":[{"floor":12,"key":"REST"},{"data":"Neutralize","floor":15,"key":"SMITH"}],"neow_cost":"NONE","seed_source_timestamp":308562358367348,"circlet_count":0,"master_deck":["Defend_G","Defend_G","Defend_G","Defend_G","Defend_G","Strike_G","Strike_G","Strike_G","Strike_G","Strike_G","Survivor","Neutralize+1","AscendersBane","Poisoned Stab","Dagger Spray","Bouncing Flask","Dash","PiercingWail","Flying Knee","Crippling Poison","Noxious Fumes","Masterful Stab","Leg Sweep"],"relics":["Ring of the Snake","NeowsBlessing","Ancient Tea Set","Ginger","Girya","Question Card"],"potions_floor_usage":[7,8,11,16],"damage_taken":[{"damage":0,"enemies":"2 Louse","floor":1,"turns":1},{"damage":0,"enemies":"Cultist","floor":3,"turns":1},{"damage":0,"enemies":"Small Slimes","floor":5,"turns":1},{"damage":11,"enemies":"3 Sentries","floor":6,"turns":8},{"damage":0,"enemies":"Exordium Wildlife","floor":7,"turns":3},{"damage":22,"enemies":"Gremlin Nob","floor":8,"turns":4},{"damage":26,"enemies":"3 Sentries","floor":10,"turns":6},{"damage":0,"enemies":"Blue Slaver","floor":11,"turns":4},{"damage":0,"enemies":"Gremlin Gang","floor":13,"turns":4},{"damage":0,"enemies":"3 Louse","floor":14,"turns":3},{"damage":29,"enemies":"Slime Boss","floor":16,"turns":8}],"seed_played":"8829465526895977187","potions_obtained":[{"floor":1,"key":"Poison Potion"},{"floor":5,"key":"Energy Potion"},{"floor":6,"key":"Fire Potion"},{"floor":10,"key":"EssenceOfSteel"},{"floor":11,"key":"Strength Potion"}],"is_trial":false,"path_per_floor":["M","?","M","$","M","E","M","E","T","E","M","R","M","M","R"],"character_chosen":"THE_SILENT","items_purchased":["Bouncing Flask","Dash"],"campfire_rested":1,"item_purchase_floors":[4,4],"current_hp_per_floor":[63,63,63,63,63,52,52,30,30,4,4,25,25,25,25,0],"gold":182,"neow_bonus":"THREE_ENEMY_KILL","is_prod":false,"is_daily":false,"chose_seed":false,"campfire_upgraded":1,"win_rate":0,"timestamp":1541024622,"path_taken":["M","?","M","$","M","E","M","E","T","E","M","R","?","M","R","BOSS"],"build_version":"2018-10-25v2","purchased_purges":0,"victory":false,"max_hp_per_floor":[70,70,70,70,70,70,70,70,70,70,70,70,70,70,70,70],"card_choices":[{"not_picked":["Heel Hook","Dash"],"picked":"Poisoned Stab","floor":1},{"not_picked":["Caltrops","Dagger Throw"],"picked":"Dagger Spray","floor":3},{"not_picked":["All Out Attack","Dodge and Roll"],"picked":"PiercingWail","floor":5},{"not_picked":["Bane","Heel Hook"],"picked":"Flying Knee","floor":6},{"not_picked":["Slice","Burst","Blade Dance"],"picked":"SKIP","floor":7},{"not_picked":["Cloak And Dagger","Blade Dance"],"picked":"Crippling Poison","floor":8},{"not_picked":["Backstab","Prepared"],"picked":"Noxious Fumes","floor":10},{"not_picked":["Sucker Punch","Outmaneuver","Infinite Blades","Underhanded Strike"],"picked":"SKIP","floor":11},{"not_picked":["Reflex","Deadly Poison","Quick Slash"],"picked":"Masterful Stab","floor":13},{"not_picked":["Catalyst","Dagger Throw","Poisoned Stab"],"picked":"Leg Sweep","floor":14}],"player_experience":954022,"relics_obtained":[{"floor":6,"key":"Ancient Tea Set"},{"floor":8,"key":"Ginger"},{"floor":9,"key":"Girya"},{"floor":10,"key":"Question Card"}],"event_choices":[{"damage_healed":0,"gold_gain":0,"player_choice":"Ignored","damage_taken":0,"max_hp_gain":0,"max_hp_loss":0,"event_name":"Golden Idol","floor":2,"gold_loss":0}],"is_beta":false,"boss_relics":[],"items_purged_floors":[],"is_endless":false,"potions_floor_spawned":[1,5,6,10,11],"killed_by":"Slime Boss","ascension_level":13}