{"gold_per_floor":[118,132,142,157,167,199,219,252,276,300,312,324,336,373,385,471,483,511,541,567,579,591,603,151,151,151,169,189,189,207,221,221,221],"floor_reached":33,"playtime":1381,"items_purged":[],"score":621,"play_id":"77d2c5ec-66c1-4162-8e0b-930ed8dba572","local_time":"20190412235039","is_ascension_mode":true,"campfire_choices":[{"floor":15.0,"key":"REST"},{"floor":23.0,"key":"REST"},{"floor":25.0,"key":"REST"},{"floor":29.0,"key":"DIG"},{"floor":32,"key":"REST"}],"neow_cost":"NONE","seed_source_timestamp":17839626989453,"circlet_count":0,"master_deck":["AscendersBane","Defend_G+1","Defend_G+1","Defend_G+1","Defend_G+1","Defend_G+1","Strike_G+1","Strike_G+1","Strike_G+1","Strike_G+1","Strike_G+1","Survivor","Neutralize","Backflip","Dash","Dagger Throw","Dagger Spray","Poisoned Stab","Choke","Dash","Glass Knife","Cloak And Dagger","Dagger Throw","Malaise","Infinite Blades","Backflip","Infinite Blades","Backflip","Infinite Blades","Caltrops","Dagger Spray","Dash","Noxious Fumes","Cloak And Dagger","Backflip","Infinite Blades"],"special_seed":0,"relics":["Philosopher\u0027s Stone","Question Card","Shovel","MawBank","Centennial Puzzle","Anchor","Orrery","Snake Skull","Ornamental Fan","Ninja Scroll","Omamori"],"potions_floor_usage":[31],"damage_taken":[{"damage":0.0,"enemies":"2 Louse","floor":1.0,"turns":4.0},{"damage":3.0,"enemies":"Jaw Worm","floor":2.0,"turns":6.0},{"damage":0.0,"enemies":"Cultist","floor":3.0,"turns":4.0},{"damage":4.0,"enemies":"Exordium Thugs","floor":4.0,"turns":5.0},{"damage":0.0,"enemies":"Blue Slaver","floor":5.0,"turns":4.0},{"damage":17.0,"enemies":"3 Sentries","floor":6.0,"turns":13.0},{"damage":11.0,"enemies":"Exordium Wildlife","floor":7.0,"turns":5.0},{"damage":11.0,"enemies":"Lagavulin","floor":8.0,"turns":7.0},{"damage":3.0,"enemies":"2 Fungi Beasts","floor":10.0,"turns":3.0},{"damage":3.0,"enemies":"3 Sentries","floor":14.0,"turns":7.0},{"damage":18.0,"enemies":"Slime Boss","floor":16.0,"turns":8.0},{"damage":11.0,"enemies":"2 Thieves","floor":18.0,"turns":4.0},{"damage":18.0,"enemies":"Spheric Guardian","floor":19.0,"turns":4.0},{"damage":8.0,"enemies":"Chosen and Byrds","floor":20.0,"turns":6.0},{"damage":7.0,"enemies":"Snake Plant","floor":27.0,"turns":5.0},{"damage":10.0,"enemies":"Snecko","floor":28.0,"turns":5.0},{"damage":16.0,"enemies":"Sentry and Sphere","floor":30.0,"turns":7.0},{"damage":22,"enemies":"3 Cultists","floor":31,"turns":6},{"damage":34,"enemies":"Collector","floor":33,"turns":3}],"seed_played":"-8296530371849292045","potions_obtained":[{"floor":5.0,"key":"GamblersBrew"},{"floor":6.0,"key":"FearPotion"},{"floor":7.0,"key":"GhostInAJar"},{"floor":8.0,"key":"Weak Potion"},{"floor":10.0,"key":"FearPotion"},{"floor":14.0,"key":"Dexterity Potion"},{"floor":18.0,"key":"Fire Potion"}],"is_trial":false,"path_per_floor":["M","M","M","M","M","E","M","E","T","M","?","?","?","E","R","B",null,"M","M","M","?","?","R","$","R","T","M","M","R","M","M","R","B"],"character_chosen":"THE_SILENT","items_purchased":["Noxious Fumes","Snake Skull","Ornamental Fan"],"campfire_rested":4,"item_purchase_floors":[24,24,24],"current_hp_per_floor":[59,56,56,52,52,35,24,13,13,10,32,32,32,29,48,30,57,46,28,20,20,20,39,39,58,58,51,41,41,25,3,22,0],"gold":221,"neow_bonus":"BOSS_RELIC","is_prod":false,"is_daily":false,"chose_seed":false,"campfire_upgraded":0,"win_rate":0,"timestamp":1555105839,"path_taken":["M","M","M","M","M","E","M","E","T","M","?","?","?","E","R","BOSS","M","?","M","?","?","R","$","R","T","M","M","R","M","M","R","BOSS"],"build_version":"2019-01-23","purchased_purges":0,"victory":false,"max_hp_per_floor":[66,66,66,66,66,66,66,66,66,66,66,66,66,66,66,66,66,66,66,66,66,66,66,66,66,66,66,66,66,66,66,66,66],"card_choices":[{"not_picked":["Prepared","Deflect"],"picked":"Backflip","floor":1.0},{"not_picked":["Concentrate","Distraction"],"picked":"Dash","floor":2.0},{"not_picked":["Slice","Deflect"],"picked":"Dagger Throw","floor":3.0},{"not_picked":["Dagger Throw","Caltrops"],"picked":"Dagger Spray","floor":4.0},{"not_picked":["Deflect","Acrobatics"],"picked":"Poisoned Stab","floor":5.0},{"not_picked":["Accuracy","Dodge and Roll"],"picked":"Choke","floor":6.0},{"not_picked":["Setup","Deadly Poison","Reflex"],"picked":"Dash","floor":7.0},{"not_picked":["Tools of the Trade","Calculated Gamble","Acrobatics"],"picked":"Glass Knife","floor":8.0},{"not_picked":["Expertise","Bane","Deflect"],"picked":"Cloak And Dagger","floor":10.0},{"not_picked":["Quick Slash","Acrobatics","Finisher"],"picked":"Dagger Throw","floor":14.0},{"not_picked":["Tools of the Trade","Burst","Die Die Die"],"picked":"Malaise","floor":16.0},{"not_picked":["Outmaneuver","Underhanded Strike","Deflect"],"picked":"Infinite Blades","floor":17.0},{"not_picked":["Distraction","Underhanded Strike","Bane"],"picked":"Backflip","floor":17.0},{"not_picked":["Flying Knee","Riddle With Holes","Endless Agony"],"picked":"Infinite Blades","floor":17.0},{"not_picked":["Sucker Punch","Bane","PiercingWail"],"picked":"Backflip","floor":17.0},{"not_picked":["Quick Slash","Sucker Punch","Slice"],"picked":"Infinite Blades","floor":17.0},{"not_picked":["Bouncing Flask","Deflect","Poisoned Stab"],"picked":"Caltrops","floor":18.0},{"not_picked":["Setup","Catalyst","Quick Slash"],"picked":"Dagger Spray","floor":19.0},{"not_picked":["Well Laid Plans","Flying Knee","Storm of Steel"],"picked":"Dash","floor":20.0},{"not_picked":["Underhanded Strike","Deadly Poison","Slice"],"picked":"Cloak And Dagger","floor":27.0},{"not_picked":["Flying Knee","Setup","Terror"],"picked":"Backflip","floor":28.0},{"not_picked":["Acrobatics","Underhanded Strike","Catalyst"],"picked":"Infinite Blades","floor":30.0},{"not_picked":["Outmaneuver","Tactician","Phantasmal Killer","Sucker Punch"],"picked":"SKIP","floor":31}],"player_experience":769241,"relics_obtained":[{"floor":6.0,"key":"Question Card"},{"floor":8.0,"key":"Shovel"},{"floor":9.0,"key":"MawBank"},{"floor":14.0,"key":"Anchor"},{"floor":26.0,"key":"Ninja Scroll"},{"floor":29.0,"key":"Omamori"}],"event_choices":[{"damage_healed":22.0,"max_hp_gain":0.0,"max_hp_loss":0.0,"gold_gain":0.0,"event_name":"Big Fish","player_choice":"Banana","floor":11.0,"gold_loss":0.0,"damage_taken":0.0},{"damage_healed":0.0,"max_hp_gain":0.0,"max_hp_loss":0.0,"gold_gain":0.0,"event_name":"Scrap Ooze","player_choice":"Fled","floor":12.0,"gold_loss":0.0,"damage_taken":0.0},{"damage_healed":0.0,"max_hp_gain":0.0,"max_hp_loss":0.0,"gold_gain":0.0,"event_name":"WeMeetAgain","player_choice":"Gave Potion","floor":13.0,"gold_loss":0.0,"damage_taken":0.0,"relics_obtained":["Centennial Puzzle"]},{"damage_healed":0.0,"max_hp_gain":0.0,"max_hp_loss":0.0,"gold_gain":0.0,"event_name":"Back to Basics","player_choice":"Simplicity","floor":21.0,"gold_loss":0.0,"damage_taken":0.0,"cards_upgraded":["Defend_G","Defend_G","Defend_G","Defend_G","Defend_G","Strike_G","Strike_G","Strike_G","Strike_G","Strike_G"]},{"damage_healed":0.0,"max_hp_gain":0.0,"max_hp_loss":0.0,"gold_gain":0.0,"event_name":"Vampires","player_choice":"Ignored","floor":22.0,"gold_loss":0.0,"damage_taken":0.0}],"is_beta":false,"boss_relics":[{"not_picked":["Empty Cage","Calling Bell"],"picked":"Orrery"}],"items_purged_floors":[],"is_endless":false,"potions_floor_spawned":[5,6,7,8,10,14,18,19],"killed_by":"Collector","ascension_level":20}