{"gold_per_floor":[117,117,192,202,213,213,247,247,319,336,354,193,193],"floor_reached":13,"playtime":566,"items_purged":["Strike_B"],"score":170,"play_id":"9598a832-3337-48a8-9968-e0b4c1f9a6d3","local_time":"20190707091942","is_ascension_mode":true,"campfire_choices":[{"floor":6,"key":"REST"},{"data":"Zap","floor":8,"key":"SMITH"}],"neow_cost":"PERCENT_DAMAGE","seed_source_timestamp":829697072671192,"circlet_count":0,"master_deck":["AscendersBane","Strike_B","Strike_B","Strike_B","Defend_B","Defend_B","Defend_B","Defend_B","Zap+1","Dualcast","Core Surge","Self Repair","Leap","Coolheaded","Thunder Strike","Go for the Eyes","Defragment"],"relics":["Cracked Core","Lantern","Strawberry","Symbiotic Virus"],"potions_floor_usage":[11,13],"damage_taken":[{"damage":6,"enemies":"Cultist","floor":1,"turns":3},{"damage":4,"enemies":"Small Slimes","floor":4,"turns":4},{"damage":7,"enemies":"Jaw Worm","floor":5,"turns":3},{"damage":35,"enemies":"Lagavulin","floor":7,"turns":9},{"damage":14,"enemies":"3 Louse","floor":10,"turns":6},{"damage":10,"enemies":"Large Slime","floor":11,"turns":5},{"damage":20,"enemies":"Lagavulin Event","floor":13,"turns":2}],"seed_played":"5858633922309181090","potions_obtained":[{"floor":1,"key":"PowerPotion"},{"floor":7,"key":"Fire Potion"}],"is_trial":false,"path_per_floor":["M","?","?","M","M","R","E","R","T","M","M","$","?"],"character_chosen":"DEFECT","items_purchased":["Defragment"],"campfire_rested":1,"item_purchase_floors":[12],"current_hp_per_floor":[40,35,24,27,27,48,27,27,27,20,17,17,0],"gold":193,"neow_bonus":"THREE_RARE_CARDS","is_prod":false,"is_daily":false,"chose_seed":false,"campfire_upgraded":1,"win_rate":0,"timestamp":1562487582,"path_taken":["M","?","?","M","M","R","E","R","T","M","?","$","?"],"build_version":"2019-07-05","purchased_purges":1,"victory":false,"max_hp_per_floor":[71,71,71,71,71,71,78,78,78,78,78,78,78],"card_choices":[{"not_picked":["Echo Form","Creative AI"],"picked":"Core Surge","floor":0},{"not_picked":["Ball Lightning","Sweeping Beam"],"picked":"Self Repair","floor":1},{"not_picked":["Cold Snap","Ball Lightning"],"picked":"Leap","floor":4},{"not_picked":["Barrage","Melter"],"picked":"Coolheaded","floor":5},{"not_picked":["Conserve Battery","Consume"],"picked":"Thunder Strike","floor":7},{"not_picked":["Turbo","Stack","Double Energy"],"picked":"SKIP","floor":10},{"not_picked":["Ball Lightning","Reinforced Body"],"picked":"Go for the Eyes","floor":11}],"player_experience":1137384,"relics_obtained":[{"floor":7,"key":"Strawberry"},{"floor":9,"key":"Symbiotic Virus"}],"event_choices":[{"damage_healed":0,"gold_gain":0,"player_choice":"Success","damage_taken":5,"relics_obtained":["Lantern"],"max_hp_gain":0,"max_hp_loss":0,"event_name":"Scrap Ooze","floor":2,"gold_loss":0},{"damage_healed":0,"gold_gain":75,"player_choice":"Gather Gold","damage_taken":11,"max_hp_gain":0,"max_hp_loss":0,"event_name":"World of Goop","floor":3,"gold_loss":0},{"damage_healed":0,"gold_gain":0,"player_choice":"Searched \u00272\u0027 times","damage_taken":0,"max_hp_gain":0,"max_hp_loss":0,"event_name":"Dead Adventurer","floor":13,"gold_loss":0}],"is_beta":false,"boss_relics":[],"items_purged_floors":[12],"is_endless":false,"potions_floor_spawned":[1,7,10],"killed_by":"Lagavulin Event","ascension_level":20}