{"gold_per_floor":[116,133,133,152,27,27,47,47,47,73,88,88,88,15,15,146,146,165,165,165,189,189],"floor_reached":22,"playtime":710,"items_purged":["Strike_B"],"score":285,"play_id":"eed60ddb-05cb-4365-b1af-b2c801bdc94e","local_time":"20190220060521","is_ascension_mode":true,"campfire_choices":[{"data":"Zap","floor":6,"key":"SMITH"},{"data":"White Noise","floor":8,"key":"SMITH"},{"data":"Streamline","floor":12,"key":"SMITH"},{"data":"Streamline","floor":15,"key":"SMITH"}],"neow_cost":"NONE","seed_source_timestamp":8472930159300,"circlet_count":0,"master_deck":["AscendersBane","Strike_B","Strike_B","Defend_B","Defend_B","Defend_B","Defend_B","Zap+1","Dualcast","Sweeping Beam+1","White Noise+1","Meteor Strike","Streamline+1","Gash","Streamline+1","Loop+1","Static Discharge+1","Injury","Leap","Echo Form+1","Ball Lightning"],"relics":["Cracked Core","Dream Catcher","Frozen Egg 2","Darkstone Periapt","Golden Idol","Busted Crown"],"potions_floor_usage":[7,10,16,16,19,19,22],"damage_taken":[{"damage":2,"enemies":"Small Slimes","floor":1,"turns":3},{"damage":0,"enemies":"2 Louse","floor":2,"turns":3},{"damage":2,"enemies":"Jaw Worm","floor":4,"turns":4},{"damage":8,"enemies":"Blue Slaver","floor":7,"turns":2},{"damage":12,"enemies":"Gremlin Nob","floor":10,"turns":3},{"damage":15,"enemies":"3 Louse","floor":11,"turns":2},{"damage":11,"enemies":"Slime Boss","floor":16,"turns":6},{"damage":0,"enemies":"Chosen","floor":18,"turns":4},{"damage":32,"enemies":"Colosseum Slavers","floor":19,"turns":3},{"damage":21,"enemies":"Shell Parasite","floor":21,"turns":4},{"damage":20,"enemies":"Shelled Parasite and Fungi","floor":22,"turns":1}],"seed_played":"7228462370817813997","potions_obtained":[{"floor":4,"key":"AttackPotion"},{"floor":7,"key":"Weak Potion"},{"floor":10,"key":"SteroidPotion"},{"floor":16,"key":"Weak Potion"},{"floor":18,"key":"Poison Potion"},{"floor":21,"key":"Regen Potion"}],"is_trial":false,"path_per_floor":["M","M","?","M","$","R","M","R","T","E","M","R","?","$","R","B",null,"M","?","?","M","M"],"character_chosen":"DEFECT","items_purchased":["Gash","Leap","Energy Potion"],"campfire_rested":0,"item_purchase_floors":[5,14,14],"current_hp_per_floor":[66,66,66,64,64,64,56,56,56,44,29,29,35,35,35,24,67,67,35,35,14,0],"gold":189,"neow_bonus":"RANDOM_COMMON_RELIC","is_prod":false,"is_daily":false,"chose_seed":false,"campfire_upgraded":4,"win_rate":0,"timestamp":1550639121,"path_taken":["M","M","?","M","$","R","M","R","T","E","M","R","?","?","R","BOSS","M","?","?","M","M"],"build_version":"2019-01-23","purchased_purges":1,"victory":false,"max_hp_per_floor":[75,75,75,75,75,75,75,75,75,75,75,75,81,81,81,81,81,81,81,81,81,81],"card_choices":[{"not_picked":["FTL","Stack"],"picked":"Sweeping Beam","floor":1},{"not_picked":["Stack","Barrage"],"picked":"White Noise","floor":2},{"not_picked":["Beam Cell","Redo"],"picked":"Streamline","floor":4},{"not_picked":["Compile Driver","Hologram"],"picked":"Streamline","floor":7},{"not_picked":["Cold Snap","Aggregate"],"picked":"Loop+1","floor":10},{"not_picked":["Stack","Auto Shields"],"picked":"Static Discharge+1","floor":11},{"not_picked":["Reboot","Meteor Strike"],"picked":"Echo Form+1","floor":16},{"not_picked":["Stack"],"picked":"SKIP","floor":18},{"not_picked":[],"picked":"Ball Lightning","floor":21}],"player_experience":802525,"relics_obtained":[{"floor":9,"key":"Frozen Egg 2"},{"floor":10,"key":"Darkstone Periapt"}],"event_choices":[{"damage_healed":0,"gold_gain":0,"cards_transformed":["Strike_B"],"player_choice":"Change","damage_taken":0,"max_hp_gain":0,"max_hp_loss":0,"event_name":"Living Wall","floor":3,"gold_loss":0,"cards_obtained":["Meteor Strike"]},{"damage_healed":0,"gold_gain":0,"player_choice":"Take Wound","damage_taken":0,"relics_obtained":["Golden Idol"],"max_hp_gain":0,"max_hp_loss":0,"event_name":"Golden Idol","floor":13,"gold_loss":0,"cards_obtained":["Injury"]},{"damage_healed":0,"gold_gain":0,"player_choice":"Fight","damage_taken":0,"max_hp_gain":0,"max_hp_loss":0,"event_name":"Colosseum","floor":19,"gold_loss":0},{"damage_healed":0,"gold_gain":0,"player_choice":"Fled From Nobs","damage_taken":0,"max_hp_gain":0,"max_hp_loss":0,"event_name":"Colosseum","floor":19,"gold_loss":0},{"damage_healed":0,"gold_gain":0,"player_choice":"Upgraded","damage_taken":0,"max_hp_gain":0,"max_hp_loss":0,"event_name":"Upgrade Shrine","floor":20,"gold_loss":0,"cards_upgraded":["Sweeping Beam"]}],"is_beta":false,"boss_relics":[{"not_picked":["Runic Pyramid","Velvet Choker"],"picked":"Busted Crown"}],"items_purged_floors":[5],"is_endless":false,"potions_floor_spawned":[4,7,10,16,18,21],"killed_by":"Shelled Parasite and Fungi","ascension_level":11}