{"gold_per_floor":[114,127,147,70,70,70,70,102,102,102,120,137,193,205,205,276,276,291,291,37,37,13,13,31,81,81,100,100,100,0,14,14,14],"floor_reached":33,"playtime":1266,"items_purged":["Strike_G"],"score":550,"play_id":"8f9b7d57-85b5-471a-919a-1fbadb94e38c","local_time":"20190115234531","is_ascension_mode":true,"campfire_choices":[{"floor":6.0,"key":"REST"},{"floor":15.0,"key":"REST"},{"floor":23.0,"key":"REST"},{"floor":29.0,"key":"REST"},{"floor":32,"key":"REST"}],"neow_cost":"NONE","seed_source_timestamp":535980738824710,"circlet_count":0,"master_deck":["AscendersBane","Defend_G","Defend_G","Defend_G","Defend_G","Defend_G","Strike_G","Strike_G","Strike_G","Strike_G","Survivor","Neutralize","Dodge and Roll","Dash","Dash","Envenom","Blade Dance","Sucker Punch","Dagger Spray","Footwork","Poisoned Stab","Adrenaline","PiercingWail","Glass Knife","Unload","Backflip","Well Laid Plans","Poisoned Stab","Dagger Spray"],"special_seed":0,"relics":["Ring of the Snake","NeowsBlessing","Peace Pipe","Bag of Marbles","StoneCalendar","Oddly Smooth Stone","Tiny Chest","Busted Crown","Question Card"],"potions_floor_usage":[31,31,31],"damage_taken":[{"damage":0.0,"enemies":"Cultist","floor":1.0,"turns":1.0},{"damage":0.0,"enemies":"Jaw Worm","floor":2.0,"turns":1.0},{"damage":0.0,"enemies":"2 Louse","floor":3.0,"turns":1.0},{"damage":10.0,"enemies":"3 Sentries","floor":8.0,"turns":10.0},{"damage":3.0,"enemies":"2 Fungi Beasts","floor":11.0,"turns":3.0},{"damage":10.0,"enemies":"Exordium Thugs","floor":12.0,"turns":6.0},{"damage":28.0,"enemies":"Gremlin Nob","floor":13.0,"turns":6.0},{"damage":2.0,"enemies":"Blue Slaver","floor":14.0,"turns":3.0},{"damage":15.0,"enemies":"The Guardian","floor":16.0,"turns":15.0},{"damage":17.0,"enemies":"Shell Parasite","floor":18.0,"turns":6.0},{"damage":4.0,"enemies":"Spheric Guardian","floor":24.0,"turns":5.0},{"damage":21.0,"enemies":"Snecko","floor":27.0,"turns":6.0},{"damage":0.0,"enemies":"Slavers","floor":28.0,"turns":1.0},{"damage":26,"enemies":"Chosen and Byrds","floor":31,"turns":7},{"damage":59,"enemies":"Champ","floor":33,"turns":13}],"seed_played":"1489192209479017806","potions_obtained":[{"floor":1.0,"key":"GhostInAJar"},{"floor":3.0,"key":"Fire Potion"},{"floor":8.0,"key":"Swift Potion"},{"floor":16.0,"key":"EntropicBrew"},{"floor":18.0,"key":"SmokeBomb"},{"floor":31,"key":"LiquidBronze"}],"is_trial":false,"path_per_floor":["M","M","M","$","?","R","?","E","T","?","M","M","E","M","R","B",null,"M","?","$","?","$","R","M","?","T","M","E","R","?","M","R","B"],"character_chosen":"THE_SILENT","items_purchased":["Envenom","Glass Knife","Backflip"],"campfire_rested":5,"item_purchase_floors":[4,20,22],"current_hp_per_floor":[59,59,59,59,48,66,66,56,56,56,53,43,15,13,32,17,54,37,37,37,37,37,56,52,52,52,31,31,50,50,24,43,0],"gold":14,"neow_bonus":"THREE_ENEMY_KILL","is_prod":false,"is_daily":false,"chose_seed":false,"campfire_upgraded":0,"win_rate":0,"timestamp":1547592331,"path_taken":["M","M","?","$","?","R","?","E","T","?","M","M","E","?","R","BOSS","M","?","$","?","$","R","?","?","T","?","E","R","?","M","R","BOSS"],"build_version":"2019-01-10","purchased_purges":1,"victory":false,"max_hp_per_floor":[66,66,66,66,66,66,66,66,66,66,66,66,66,66,66,66,66,66,66,66,66,66,66,66,66,66,66,66,66,66,66,66,66],"card_choices":[{"not_picked":["Concentrate","Sucker Punch"],"picked":"Dodge and Roll","floor":1.0},{"not_picked":["Flying Knee","Cloak And Dagger"],"picked":"Dash","floor":2.0},{"not_picked":["Catalyst","Backflip"],"picked":"Dash","floor":3.0},{"not_picked":["Predator","Dash"],"picked":"Blade Dance","floor":8.0},{"not_picked":["Deflect","Well Laid Plans"],"picked":"Sucker Punch","floor":11.0},{"not_picked":["Bullet Time","Deadly Poison"],"picked":"Dagger Spray","floor":12.0},{"not_picked":["Slice","Dodge and Roll"],"picked":"Footwork","floor":13.0},{"not_picked":["Deflect","Outmaneuver"],"picked":"Poisoned Stab","floor":14.0},{"not_picked":["Die Die Die","Bullet Time"],"picked":"Adrenaline","floor":16.0},{"not_picked":[],"picked":"PiercingWail","floor":18.0},{"not_picked":[],"picked":"Well Laid Plans","floor":24.0},{"not_picked":["Prepared"],"picked":"Poisoned Stab","floor":27.0},{"not_picked":["Underhanded Strike"],"picked":"Dagger Spray","floor":31}],"player_experience":601587,"relics_obtained":[{"floor":8.0,"key":"Bag of Marbles"},{"floor":9.0,"key":"StoneCalendar"},{"floor":13.0,"key":"Tiny Chest"},{"floor":26.0,"key":"Question Card"}],"event_choices":[{"damage_healed":0.0,"max_hp_gain":0.0,"max_hp_loss":0.0,"gold_gain":0.0,"event_name":"Scrap Ooze","player_choice":"Success","floor":5.0,"gold_loss":0.0,"damage_taken":11.0,"relics_obtained":["Peace Pipe"]},{"damage_healed":0.0,"max_hp_gain":0.0,"max_hp_loss":0.0,"gold_gain":0.0,"event_name":"Liars Game","player_choice":"Ignored","floor":7.0,"gold_loss":0.0,"damage_taken":0.0},{"damage_healed":0.0,"max_hp_gain":0.0,"max_hp_loss":0.0,"gold_gain":0.0,"event_name":"WeMeetAgain","player_choice":"Gave Potion","floor":10.0,"gold_loss":0.0,"damage_taken":0.0,"relics_obtained":["Oddly Smooth Stone"]},{"damage_healed":0.0,"max_hp_gain":0.0,"max_hp_loss":0.0,"gold_gain":0.0,"event_name":"Cursed Tome","player_choice":"Ignored","floor":19.0,"gold_loss":0.0,"damage_taken":0.0},{"damage_healed":0.0,"max_hp_gain":0.0,"max_hp_loss":0.0,"gold_gain":0.0,"event_name":"Match and Keep!","player_choice":"1 cards matched","floor":21.0,"gold_loss":0.0,"damage_taken":0.0,"cards_obtained":["Unload"]},{"damage_healed":0.0,"max_hp_gain":0.0,"max_hp_loss":0.0,"gold_gain":50.0,"event_name":"Golden Shrine","player_choice":"Pray","floor":25.0,"gold_loss":0.0,"damage_taken":0.0},{"damage_healed":0.0,"max_hp_gain":0.0,"max_hp_loss":0.0,"gold_gain":0.0,"event_name":"Masked Bandits","player_choice":"Paid Fearfully","floor":30.0,"gold_loss":100.0,"damage_taken":0.0}],"is_beta":false,"boss_relics":[{"not_picked":["Orrery","Cursed Key"],"picked":"Busted Crown"}],"items_purged_floors":[20],"is_endless":false,"potions_floor_spawned":[1,3,8,16,18,28,31],"killed_by":"Champ","ascension_level":20}