{"gold_per_floor":[114,114,114,130,130,130,159,175,244,244,319,319,339,339,339,411,411,422,422,440,174,193,193,209,209,258,258,258,0,0,18,18,18],"floor_reached":33,"playtime":813,"items_purged":["Writhe"],"score":496,"play_id":"5f73c8e5-8d34-4776-a965-139cf8fd7413","local_time":"20190624134018","is_ascension_mode":true,"campfire_choices":[{"data":"Anger","floor":6,"key":"SMITH"},{"data":"Feel No Pain","floor":10,"key":"SMITH"},{"data":"Second Wind","floor":12,"key":"SMITH"},{"floor":15,"key":"REST"},{"floor":23,"key":"REST"},{"data":"Magnetism","floor":25,"key":"SMITH"},{"floor":27,"key":"REST"},{"data":"Anger","floor":30,"key":"SMITH"},{"floor":32,"key":"REST"}],"neow_cost":"NONE","seed_source_timestamp":566708055306500,"circlet_count":0,"master_deck":["AscendersBane","Strike_R","Strike_R","Strike_R","Strike_R","Defend_R","Defend_R","Defend_R","Defend_R+1","Bash+1","Pommel Strike","Anger+1","Feel No Pain+1","Second Wind+1","True Grit+1","Fiend Fire+1","Battle Trance","Iron Wave","Magnetism+1","Anger+1","Rage","Spot Weakness+1"],"relics":["Burning Blood","NeowsBlessing","Juzu Bracelet","Mummified Hand","Anchor","Sozu","Orichalcum","War Paint"],"potions_floor_usage":[13,13,16,20],"damage_taken":[{"damage":0,"enemies":"2 Louse","floor":1,"turns":2},{"damage":0,"enemies":"Small Slimes","floor":4,"turns":1},{"damage":0,"enemies":"Lagavulin","floor":7,"turns":1},{"damage":12,"enemies":"Jaw Worm","floor":8,"turns":2},{"damage":29,"enemies":"Lots of Slimes","floor":13,"turns":5},{"damage":20,"enemies":"Slime Boss","floor":16,"turns":10},{"damage":13,"enemies":"Spheric Guardian","floor":18,"turns":4},{"damage":24,"enemies":"Chosen","floor":20,"turns":4},{"damage":25,"enemies":"Shelled Parasite and Fungi","floor":22,"turns":8},{"damage":24,"enemies":"Snake Plant","floor":24,"turns":5},{"damage":14,"enemies":"Cultist and Chosen","floor":31,"turns":6},{"damage":58,"enemies":"Collector","floor":33,"turns":5}],"seed_played":"7118425995923515653","potions_obtained":[{"floor":8,"key":"EntropicBrew"},{"floor":13,"key":"Swift Potion"}],"is_trial":false,"path_per_floor":["M","$","?","M","?","R","E","M","T","R","?","R","M","?","R","B",null,"M","?","M","$","M","R","M","R","T","R","?","?","R","M","R","B"],"character_chosen":"IRONCLAD","items_purchased":["Magnetism"],"campfire_rested":4,"item_purchase_floors":[21],"current_hp_per_floor":[74,74,67,73,73,73,75,69,69,69,58,58,35,9,31,17,61,54,54,36,36,17,39,21,21,21,43,43,43,43,35,57,0],"gold":18,"neow_bonus":"THREE_ENEMY_KILL","is_prod":false,"is_daily":false,"chose_seed":false,"campfire_upgraded":5,"win_rate":0,"timestamp":1561376418,"path_taken":["M","$","?","M","?","R","E","M","T","R","?","R","M","?","R","BOSS","M","?","M","$","M","R","M","R","T","R","?","?","R","M","R","BOSS"],"build_version":"2019-01-23","purchased_purges":1,"victory":false,"max_hp_per_floor":[75,75,75,75,75,75,75,75,75,75,75,75,75,75,75,75,75,75,75,75,75,75,75,75,75,75,75,75,75,75,75,75,75],"card_choices":[{"not_picked":["Armaments","Thunderclap"],"picked":"Pommel Strike","floor":1},{"not_picked":["Body Slam","Searing Blow"],"picked":"Anger","floor":4},{"not_picked":["Inflame","Rupture"],"picked":"Feel No Pain","floor":7},{"not_picked":["Shrug It Off","Pommel Strike"],"picked":"Second Wind","floor":8},{"not_picked":["Thunderclap","Impervious"],"picked":"True Grit","floor":13},{"not_picked":["Impervious","Immolate"],"picked":"Fiend Fire","floor":16},{"not_picked":["Sentinel","Infernal Blade"],"picked":"Battle Trance","floor":18},{"not_picked":["Heavy Blade","Inflame"],"picked":"Iron Wave","floor":20},{"not_picked":["Havoc+1","Pummel"],"picked":"Anger","floor":22},{"not_picked":["Dropkick","Wild Strike"],"picked":"Rage","floor":24},{"not_picked":["Wild Strike","Sever Soul"],"picked":"Spot Weakness+1","floor":31}],"player_experience":1470105,"relics_obtained":[{"floor":7,"key":"Juzu Bracelet"},{"floor":9,"key":"Mummified Hand"},{"floor":26,"key":"War Paint"}],"event_choices":[{"cards_removed":["Strike_R"],"damage_healed":0,"gold_gain":0,"player_choice":"Card Removal","damage_taken":7,"max_hp_gain":0,"max_hp_loss":0,"event_name":"Golden Wing","floor":3,"gold_loss":0},{"damage_healed":0,"gold_gain":0,"player_choice":"Grow","damage_taken":0,"max_hp_gain":0,"max_hp_loss":0,"event_name":"Living Wall","floor":5,"gold_loss":0,"cards_upgraded":["Bash"]},{"damage_healed":0,"gold_gain":75,"player_choice":"Gather Gold","damage_taken":11,"max_hp_gain":0,"max_hp_loss":0,"event_name":"World of Goop","floor":11,"gold_loss":0},{"damage_healed":0,"gold_gain":0,"player_choice":"Success","damage_taken":26,"relics_obtained":["Anchor"],"max_hp_gain":0,"max_hp_loss":0,"event_name":"Scrap Ooze","floor":14,"gold_loss":0},{"damage_healed":0,"gold_gain":0,"player_choice":"Opened","damage_taken":0,"relics_obtained":["Orichalcum"],"max_hp_gain":0,"max_hp_loss":0,"event_name":"The Mausoleum","floor":19,"gold_loss":0,"cards_obtained":["Writhe"]},{"damage_healed":0,"gold_gain":0,"player_choice":"Forge","damage_taken":0,"max_hp_gain":0,"max_hp_loss":0,"event_name":"Accursed Blacksmith","floor":28,"gold_loss":0,"cards_upgraded":["Fiend Fire"]},{"damage_healed":0,"gold_gain":0,"player_choice":"Paid Fearfully","damage_taken":0,"max_hp_gain":0,"max_hp_loss":0,"event_name":"Masked Bandits","floor":29,"gold_loss":258}],"is_beta":false,"boss_relics":[{"not_picked":["Black Star","Black Blood"],"picked":"Sozu"}],"items_purged_floors":[21],"is_endless":false,"potions_floor_spawned":[8,13,18,22,24],"killed_by":"Collector","ascension_level":17}