{"gold_per_floor":[11,11,28,44,64,64,97,22,101,134,151,151,166,180,180,259,259,269,269,154,172,6,6,16,16,16,16,16,36,54,73,73,73],"floor_reached":33,"playtime":1159,"items_purged":["Blood for Blood"],"score":483,"play_id":"1d75d4c6-0a17-4f1e-82e6-ba1e4a50f7c0","local_time":"20190719233236","is_ascension_mode":true,"campfire_choices":[{"data":"Inflame","floor":6,"key":"SMITH"},{"data":"Uppercut","floor":12,"key":"SMITH"},{"data":"Rampage","floor":15,"key":"SMITH"},{"data":"Armaments","floor":23,"key":"SMITH"},{"data":"Barricade","floor":25,"key":"SMITH"},{"floor":32,"key":"REST"}],"neow_cost":"NO_GOLD","seed_source_timestamp":614430524998500,"circlet_count":0,"master_deck":["AscendersBane","Bash+1","Inflame+1","Uppercut+1","Second Wind","Rampage+1","Carnage","True Grit","Infernal Blade","Anger","Flame Barrier","Barricade+1","Demon Form","Anger","Brutality","Rampage","Searing Blow","Pummel","Body Slam","Headbutt","Anger","Whirlwind","Armaments+1","Feel No Pain","Entrench","Headbutt","RitualDagger"],"relics":["Burning Blood","Thread and Needle","Mercury Hourglass","PreservedInsect","Pandora\u0027s Box","Pocketwatch"],"potions_floor_usage":[13,16,21,33],"damage_taken":[{"damage":3,"enemies":"2 Louse","floor":1,"turns":3},{"damage":2,"enemies":"Jaw Worm","floor":3,"turns":3},{"damage":12,"enemies":"Small Slimes","floor":4,"turns":3},{"damage":7,"enemies":"3 Louse","floor":5,"turns":3},{"damage":12,"enemies":"Gremlin Nob","floor":7,"turns":4},{"damage":8,"enemies":"3 Sentries","floor":10,"turns":6},{"damage":5,"enemies":"Blue Slaver","floor":11,"turns":3},{"damage":1,"enemies":"2 Fungi Beasts","floor":13,"turns":3},{"damage":7,"enemies":"Looter","floor":14,"turns":2},{"damage":39,"enemies":"The Guardian","floor":16,"turns":9},{"damage":18,"enemies":"Spheric Guardian","floor":18,"turns":5},{"damage":0,"enemies":"Chosen","floor":21,"turns":3},{"damage":12,"enemies":"Snecko","floor":24,"turns":6},{"damage":23,"enemies":"Centurion and Healer","floor":29,"turns":5},{"damage":14,"enemies":"Snake Plant","floor":30,"turns":2},{"damage":19,"enemies":"Cultist and Chosen","floor":31,"turns":5},{"damage":67,"enemies":"Automaton","floor":33,"turns":6}],"seed_played":"-2738583363695928118","potions_obtained":[{"floor":1,"key":"Energy Potion"},{"floor":11,"key":"GamblersBrew"},{"floor":18,"key":"Fire Potion"},{"floor":31,"key":"Dexterity Potion"}],"is_trial":false,"path_per_floor":["M","?","M","M","M","R","E","?","T","E","M","R","M","M","R","B",null,"M","?","$","M","$","R","M","R","T","?","?","M","M","M","R","B"],"character_chosen":"IRONCLAD","items_purchased":["Whirlwind","Feel No Pain","Entrench"],"campfire_rested":1,"item_purchase_floors":[20,22,22],"current_hp_per_floor":[85,85,89,83,82,82,76,76,76,74,75,75,80,79,79,46,78,66,66,66,72,72,72,66,66,66,66,60,43,35,22,48,0],"gold":73,"neow_bonus":"TWENTY_PERCENT_HP_BONUS","is_prod":false,"is_daily":false,"chose_seed":false,"campfire_upgraded":5,"win_rate":0,"timestamp":1563571956,"path_taken":["M","?","M","M","M","R","E","?","T","E","M","R","M","M","R","BOSS","M","?","$","?","$","R","M","R","T","?","?","M","M","M","R","BOSS"],"build_version":"2019-07-17","purchased_purges":1,"victory":false,"max_hp_per_floor":[89,89,89,89,89,89,89,89,89,89,89,89,89,89,89,89,89,89,89,89,89,89,89,89,89,89,89,89,89,89,89,89,89],"card_choices":[{"not_picked":["Dropkick","Cleave"],"picked":"Inflame","floor":1},{"not_picked":["Headbutt","Thunderclap"],"picked":"Uppercut","floor":3},{"not_picked":["Thunderclap","Pommel Strike"],"picked":"Second Wind","floor":4},{"not_picked":["Offering","Bloodletting"],"picked":"Rampage","floor":5},{"not_picked":["Searing Blow","Entrench"],"picked":"Carnage","floor":7},{"not_picked":["Shrug It Off","Iron Wave"],"picked":"True Grit","floor":10},{"not_picked":["Carnage","Dropkick"],"picked":"Infernal Blade","floor":11},{"not_picked":["Metallicize","Headbutt"],"picked":"Anger","floor":13},{"not_picked":["Perfected Strike","Dark Embrace"],"picked":"Flame Barrier","floor":14},{"not_picked":["Feed","Immolate"],"picked":"Barricade","floor":16},{"not_picked":["Wild Strike","Disarm"],"picked":"Headbutt","floor":18},{"not_picked":["Reckless Charge","Combust"],"picked":"Armaments","floor":21},{"not_picked":["Pummel","Sever Soul"],"picked":"Headbutt","floor":24},{"not_picked":["Disarm","Sentinel","Cleave"],"picked":"SKIP","floor":29},{"not_picked":["Armaments","Inflame","Clash"],"picked":"SKIP","floor":30},{"not_picked":["Perfected Strike","Havoc","Bloodletting"],"picked":"SKIP","floor":31}],"player_experience":1695493,"relics_obtained":[{"floor":7,"key":"Thread and Needle"},{"floor":9,"key":"Mercury Hourglass"},{"floor":10,"key":"PreservedInsect"},{"floor":26,"key":"Pocketwatch"}],"event_choices":[{"damage_healed":0,"gold_gain":0,"player_choice":"Grow","damage_taken":0,"max_hp_gain":0,"max_hp_loss":0,"event_name":"Living Wall","floor":2,"gold_loss":0,"cards_upgraded":["Bash"]},{"cards_removed":["Strike_R"],"damage_healed":0,"gold_gain":0,"player_choice":"Card Removal","damage_taken":0,"max_hp_gain":0,"max_hp_loss":0,"event_name":"The Cleric","floor":8,"gold_loss":75},{"damage_healed":0,"gold_gain":0,"player_choice":"Copied","damage_taken":0,"max_hp_gain":0,"max_hp_loss":0,"event_name":"Duplicator","floor":19,"gold_loss":0,"cards_obtained":["Anger"]},{"damage_healed":0,"gold_gain":0,"player_choice":"Ignored","damage_taken":0,"max_hp_gain":0,"max_hp_loss":0,"event_name":"Ghosts","floor":27,"gold_loss":0},{"damage_healed":0,"gold_gain":0,"player_choice":"Joined the Cult","damage_taken":6,"max_hp_gain":0,"max_hp_loss":0,"event_name":"Nest","floor":28,"gold_loss":0,"cards_obtained":["RitualDagger"]}],"is_beta":false,"boss_relics":[{"not_picked":["Coffee Dripper","Mark of Pain"],"picked":"Pandora\u0027s Box"}],"items_purged_floors":[20],"is_endless":false,"potions_floor_spawned":[1,11,18,31],"killed_by":"Automaton","ascension_level":17}