{"gold_per_floor":[113,126,76,1,18,18,47,62,88,100,187,218,230,259,271,384,396,425,448,272,197,213,213,232,232,232,232,232,246,260,260],"floor_reached":31,"playtime":1258,"items_purged":["Strike_R","Strike_R"],"score":239,"play_id":"56f18391-6275-46b4-84f6-a20ce52f8ae2","local_time":"20190329225405","is_ascension_mode":false,"campfire_choices":[{"data":"Inflame","floor":6.0,"key":"SMITH"},{"data":"Bash","floor":10.0,"key":"SMITH"},{"data":"Body Slam","floor":15.0,"key":"SMITH"},{"data":"Flame Barrier","floor":23.0,"key":"SMITH"},{"data":"Demon Form","floor":25.0,"key":"SMITH"},{"data":"Shrug It Off","floor":27.0,"key":"SMITH"}],"neow_cost":"NONE","seed_source_timestamp":353791222957967,"circlet_count":0,"master_deck":["Strike_R","Defend_R","Defend_R","Defend_R","Defend_R","Bash+1","Cleave","Shrug It Off+1","Inflame+1","Feed","Body Slam+1","Offering","Shrug It Off","Flame Barrier+1","Feel No Pain","Demon Form+1","Injury"],"special_seed":0,"relics":["Philosopher\u0027s Stone","Bag of Marbles","MawBank","Cursed Key","Lantern"],"potions_floor_usage":[31,31],"damage_taken":[{"damage":2.0,"enemies":"Jaw Worm","floor":1.0,"turns":3.0},{"damage":2.0,"enemies":"2 Louse","floor":2.0,"turns":3.0},{"damage":0.0,"enemies":"Cultist","floor":5.0,"turns":3.0},{"damage":18.0,"enemies":"Gremlin Nob","floor":7.0,"turns":4.0},{"damage":3.0,"enemies":"Lots of Slimes","floor":8.0,"turns":2.0},{"damage":0.0,"enemies":"3 Louse","floor":12.0,"turns":1.0},{"damage":8.0,"enemies":"Blue Slaver","floor":14.0,"turns":5.0},{"damage":23.0,"enemies":"The Guardian","floor":16.0,"turns":11.0},{"damage":7.0,"enemies":"Shell Parasite","floor":18.0,"turns":3.0},{"damage":6.0,"enemies":"Chosen","floor":19.0,"turns":2.0},{"damage":13.0,"enemies":"Centurion and Healer","floor":22.0,"turns":7.0},{"damage":12.0,"enemies":"Cultist and Chosen","floor":24.0,"turns":5.0},{"damage":15.0,"enemies":"3 Cultists","floor":29.0,"turns":4.0},{"damage":17.0,"enemies":"Snecko","floor":30.0,"turns":6.0},{"damage":22,"enemies":"Snake Plant","floor":31,"turns":3}],"seed_played":"-8646088714963018293","potions_obtained":[{"floor":1.0,"key":"Energy Potion"},{"floor":8.0,"key":"EntropicBrew"},{"floor":12.0,"key":"SpeedPotion"},{"floor":16.0,"key":"Poison Potion"},{"floor":30.0,"key":"Strength Potion"}],"is_trial":false,"path_per_floor":["M","M","?","$","M","R","E","M","T","R","?","M","$","M","R","B",null,"M","M","$","?","M","R","M","R","T","R","T","M","M","M"],"character_chosen":"IRONCLAD","items_purchased":["Shrug It Off","Flame Barrier"],"campfire_rested":0,"item_purchase_floors":[20,20],"current_hp_per_floor":[78,76,76,76,76,76,58,55,55,55,44,44,44,39,39,19,86,79,73,73,73,60,60,51,51,51,51,51,39,22,0],"gold":260,"neow_bonus":"BOSS_RELIC","is_prod":false,"is_daily":false,"chose_seed":false,"campfire_upgraded":6,"win_rate":0,"timestamp":1553925245,"path_taken":["M","M","?","$","M","R","E","M","T","R","?","M","?","M","R","BOSS","M","M","$","?","M","R","M","R","T","R","?","?","M","?"],"build_version":"2019-01-23","purchased_purges":2,"victory":false,"max_hp_per_floor":[80,80,80,80,80,80,80,80,80,80,80,80,80,83,83,86,86,86,86,86,86,86,86,89,89,89,89,89,92,92,92],"card_choices":[{"not_picked":["Shockwave","Clash"],"picked":"Cleave","floor":1.0},{"not_picked":["Power Through","Headbutt"],"picked":"Shrug It Off","floor":2.0},{"not_picked":["True Grit","Armaments"],"picked":"Inflame","floor":5.0},{"not_picked":["Burning Pact","Dropkick","Intimidate"],"picked":"SKIP","floor":7.0},{"not_picked":["Iron Wave","Flex"],"picked":"Feed","floor":8.0},{"not_picked":["Headbutt","Pummel"],"picked":"Body Slam","floor":12.0},{"not_picked":["Thunderclap","Combust","Carnage"],"picked":"SKIP","floor":14.0},{"not_picked":["Dark Embrace","Feed"],"picked":"Offering","floor":16.0},{"not_picked":["Twin Strike","Headbutt","True Grit"],"picked":"SKIP","floor":18.0},{"not_picked":["Heavy Blade","Armaments+1","Body Slam"],"picked":"SKIP","floor":19.0},{"not_picked":["Ghostly Armor","Body Slam+1"],"picked":"Feel No Pain","floor":22.0},{"not_picked":["Pommel Strike","Body Slam+1"],"picked":"Demon Form","floor":24.0},{"not_picked":["Flex","Iron Wave","Headbutt"],"picked":"SKIP","floor":29.0},{"not_picked":["Clothesline","Perfected Strike","Flex+1"],"picked":"SKIP","floor":30.0}],"player_experience":79137,"relics_obtained":[{"floor":7.0,"key":"Bag of Marbles"},{"floor":9.0,"key":"MawBank"},{"floor":26.0,"key":"Lantern"}],"event_choices":[{"cards_removed":["Strike_R"],"damage_healed":0.0,"max_hp_gain":0.0,"max_hp_loss":0.0,"gold_gain":0.0,"event_name":"The Cleric","player_choice":"Card Removal","floor":3.0,"gold_loss":50.0,"damage_taken":0.0},{"damage_healed":0.0,"max_hp_gain":0.0,"max_hp_loss":0.0,"gold_gain":75.0,"event_name":"World of Goop","player_choice":"Gather Gold","floor":11.0,"gold_loss":0.0,"damage_taken":11.0},{"cards_removed":["Strike_R"],"damage_healed":0.0,"max_hp_gain":0.0,"max_hp_loss":0.0,"gold_gain":0.0,"event_name":"Beggar","player_choice":"Gave Gold","floor":21.0,"gold_loss":75.0,"damage_taken":0.0}],"is_beta":false,"boss_relics":[{"not_picked":["Snecko Eye","Lizard Tail"],"picked":"Cursed Key"}],"items_purged_floors":[4,20],"is_endless":false,"potions_floor_spawned":[1,8,12,16,19,30],"killed_by":"Snake Plant","ascension_level":0}