{"gold_per_floor":[361,50,50,65,83,83,113,126,126,26,26,176,209,225,225,301,301,315,230,230,138,112,112,162,197,266,266,285,285,296,310,310,389,389,401,401,401,411,428,428,428],"floor_reached":41,"playtime":2431,"items_purged":["Decay","Regret"],"score":867,"play_id":"a6eb7bf4-b9a6-47ce-9590-9f47b3f57edf","local_time":"20190319231130","is_ascension_mode":true,"campfire_choices":[{"floor":6.0,"key":"REST"},{"floor":11.0,"key":"REST"},{"floor":15.0,"key":"REST"},{"data":"Noxious Fumes","floor":23.0,"key":"SMITH"},{"floor":27.0,"key":"REST"},{"data":"Infinite Blades","floor":29.0,"key":"SMITH"},{"floor":32.0,"key":"REST"},{"floor":40.0,"key":"REST"}],"neow_cost":"CURSE","seed_source_timestamp":216665716214833,"circlet_count":0,"master_deck":["AscendersBane","Defend_G","Defend_G","Defend_G","Defend_G","Defend_G","Survivor","Neutralize","Backflip","Dagger Throw","Infinite Blades","Caltrops","Slice","Footwork","Adrenaline","Backstab","Bite","Bite","Bite","Bite","Bite","Infinite Blades+1","Backflip","Noxious Fumes+1","Die Die Die","Dodge and Roll","Finisher"],"special_seed":0,"relics":["Ring of the Snake","OrangePellets","Pantograph","Kunai","Pear","Singing Bowl","Empty Cage","Torii","Regal Pillow","Gremlin Horn","Black Star"],"potions_floor_usage":[],"damage_taken":[{"damage":14.0,"enemies":"Cultist","floor":1.0,"turns":6.0},{"damage":13.0,"enemies":"Jaw Worm","floor":4.0,"turns":4.0},{"damage":2.0,"enemies":"2 Louse","floor":5.0,"turns":3.0},{"damage":41.0,"enemies":"Lagavulin","floor":7.0,"turns":9.0},{"damage":2.0,"enemies":"Blue Slaver","floor":8.0,"turns":5.0},{"damage":27.0,"enemies":"3 Sentries","floor":13.0,"turns":9.0},{"damage":6.0,"enemies":"Large Slime","floor":14.0,"turns":7.0},{"damage":42.0,"enemies":"The Guardian","floor":16.0,"turns":19.0},{"damage":12.0,"enemies":"Shell Parasite","floor":18.0,"turns":8.0},{"damage":11.0,"enemies":"2 Thieves","floor":22.0,"turns":4.0},{"damage":41.0,"enemies":"Gremlin Leader","floor":25.0,"turns":9.0},{"damage":27.0,"enemies":"3 Cultists","floor":28.0,"turns":6.0},{"damage":20.0,"enemies":"Centurion and Healer","floor":30.0,"turns":8.0},{"damage":40.0,"enemies":"Cultist and Chosen","floor":31.0,"turns":9.0},{"damage":73.0,"enemies":"Automaton","floor":33.0,"turns":15.0},{"damage":13.0,"enemies":"3 Darklings","floor":35.0,"turns":6.0},{"damage":34.0,"enemies":"3 Shapes","floor":38.0,"turns":5.0},{"damage":26.0,"enemies":"Sphere and 2 Shapes","floor":39.0,"turns":8.0},{"damage":62,"enemies":"Reptomancer","floor":41,"turns":2}],"seed_played":"-8250432361068447458","potions_obtained":[{"floor":5.0,"key":"LiquidBronze"},{"floor":7.0,"key":"Explosive Potion"},{"floor":13.0,"key":"SpeedPotion"},{"floor":14.0,"key":"Weak Potion"},{"floor":18.0,"key":"Poison Potion"},{"floor":28.0,"key":"Fire Potion"},{"floor":31.0,"key":"Weak Potion"},{"floor":39.0,"key":"Ancient Potion"}],"is_trial":false,"path_per_floor":["M","$","?","M","M","R","E","M","T","$","R","?","E","M","R","B",null,"M","?","?","$","M","R","?","E","T","R","M","R","M","M","R","B",null,"M","?","?","M","M","R","E"],"character_chosen":"THE_SILENT","items_purchased":["Dagger Throw","OrangePellets","Infinite Blades","Backflip"],"campfire_rested":6,"item_purchase_floors":[2,2,21,21],"current_hp_per_floor":[45,45,45,32,30,49,8,6,16,16,38,38,11,7,30,13,62,50,50,50,50,47,47,47,23,23,54,39,39,43,25,58,16,51,48,48,48,28,18,52,0],"gold":428,"neow_bonus":"TWO_FIFTY_GOLD","is_prod":false,"is_daily":false,"chose_seed":false,"campfire_upgraded":2,"win_rate":0,"timestamp":1553033490,"path_taken":["M","$","?","M","M","R","E","M","T","$","R","?","E","M","R","BOSS","M","?","?","$","M","R","?","E","T","R","M","R","?","M","R","BOSS","M","?","?","M","M","R","E"],"build_version":"2019-01-23","purchased_purges":2,"victory":false,"max_hp_per_floor":[66,66,66,66,66,66,66,66,76,76,76,76,76,78,78,78,78,78,78,54,54,54,54,54,56,56,56,58,58,60,62,62,62,62,62,62,62,64,64,64,64],"card_choices":[{"not_picked":["Distraction","Outmaneuver"],"picked":"Backflip","floor":1.0},{"not_picked":["Blade Dance","Choke"],"picked":"Infinite Blades","floor":4.0},{"not_picked":["Calculated Gamble","Dodge and Roll"],"picked":"Caltrops","floor":5.0},{"not_picked":["Tactician","Bouncing Flask"],"picked":"Slice","floor":7.0},{"not_picked":["Prepared","Outmaneuver"],"picked":"Sucker Punch","floor":8.0},{"not_picked":["Underhanded Strike","Quick Slash"],"picked":"Footwork","floor":13.0},{"not_picked":["Deadly Poison","Flying Knee","Infinite Blades"],"picked":"Singing Bowl","floor":14.0},{"not_picked":["Storm of Steel","Grand Finale"],"picked":"Adrenaline","floor":16.0},{"not_picked":["Underhanded Strike+1","Noxious Fumes"],"picked":"Backstab","floor":18.0},{"not_picked":["Blade Dance","Acrobatics"],"picked":"Noxious Fumes","floor":22.0},{"not_picked":["Dagger Throw","Underhanded Strike","Crippling Poison"],"picked":"Singing Bowl","floor":25.0},{"not_picked":["Unload","Flechettes","Bouncing Flask"],"picked":"Singing Bowl","floor":28.0},{"not_picked":["Sucker Punch","Distraction","Infinite Blades"],"picked":"Singing Bowl","floor":30.0},{"not_picked":["Blade Dance","Prepared","Slice"],"picked":"Singing Bowl","floor":31.0},{"not_picked":["Night Terror","Glass Knife"],"picked":"Die Die Die","floor":33.0},{"not_picked":["Poisoned Stab","Predator"],"picked":"Dodge and Roll","floor":35.0},{"not_picked":["Terror","Setup","Predator+1"],"picked":"Singing Bowl","floor":38.0},{"not_picked":["Expertise+1","Underhanded Strike+1"],"picked":"Finisher","floor":39.0}],"player_experience":718193,"relics_obtained":[{"floor":7.0,"key":"Kunai"},{"floor":9.0,"key":"Pear"},{"floor":13.0,"key":"Singing Bowl"},{"floor":25.0,"key":"Regal Pillow"},{"floor":26.0,"key":"Gremlin Horn"}],"event_choices":[{"damage_healed":0.0,"max_hp_gain":0.0,"max_hp_loss":0.0,"gold_gain":0.0,"event_name":"Big Fish","player_choice":"Box","floor":3.0,"gold_loss":0.0,"damage_taken":0.0,"relics_obtained":["Pantograph"],"cards_obtained":["Regret"]},{"damage_healed":0.0,"max_hp_gain":0.0,"max_hp_loss":0.0,"gold_gain":150.0,"event_name":"Liars Game","player_choice":"AGREE","floor":12.0,"gold_loss":0.0,"damage_taken":0.0,"cards_obtained":["Doubt"]},{"damage_healed":0.0,"max_hp_gain":0.0,"max_hp_loss":0.0,"gold_gain":0.0,"event_name":"Addict","player_choice":"Obtained Relic","floor":19.0,"gold_loss":85.0,"damage_taken":0.0,"relics_obtained":["Torii"]},{"damage_healed":0.0,"max_hp_gain":0.0,"max_hp_loss":24.0,"gold_gain":0.0,"event_name":"Vampires","player_choice":"Became a vampire","floor":20.0,"gold_loss":0.0,"damage_taken":0.0,"cards_obtained":["Bite","Bite","Bite","Bite","Bite"]},{"damage_healed":0.0,"max_hp_gain":0.0,"max_hp_loss":0.0,"gold_gain":50.0,"event_name":"Nest","player_choice":"Stole From Cult","floor":24.0,"gold_loss":0.0,"damage_taken":0.0},{"cards_removed":["Sucker Punch"],"damage_healed":0.0,"max_hp_gain":0.0,"max_hp_loss":0.0,"gold_gain":0.0,"event_name":"Falling","player_choice":"Removed Attack","floor":36.0,"gold_loss":0.0,"damage_taken":0.0},{"damage_healed":0.0,"max_hp_gain":0.0,"max_hp_loss":0.0,"gold_gain":0.0,"event_name":"Mysterious Sphere","player_choice":"Ignored","floor":37.0,"gold_loss":0.0,"damage_taken":0.0}],"is_beta":false,"boss_relics":[{"not_picked":["Calling Bell","Snecko Eye"],"picked":"Empty Cage"},{"not_picked":["Eternal Feather","Pandora\u0027s Box"],"picked":"Black Star"}],"items_purged_floors":[2,10],"is_endless":false,"potions_floor_spawned":[5,7,13,14,18,28,31,39],"killed_by":"Reptomancer","ascension_level":20}