{"gold_per_floor":[117,192,212,212,30,30,64,64,145,145,125,38,38,82,82,173,173,198,198,213,2,52,52,73,73,98,188,188,222,237,258,258,351,351,369,369,369,385,510,510,510],"floor_reached":41,"playtime":2003,"items_purged":["Strike_G"],"score":713,"play_id":"12b82327-9da5-4287-acf5-7a4cad039726","local_time":"20181101141906","is_ascension_mode":true,"campfire_choices":[{"data":"Noxious Fumes","floor":6.0,"key":"SMITH"},{"floor":15.0,"key":"REST"},{"floor":23.0,"key":"REST"},{"data":"After Image","floor":25,"key":"SMITH"},{"floor":28,"key":"REST"},{"floor":32,"key":"REST"},{"data":"After Image","floor":40,"key":"SMITH"}],"neow_cost":"NONE","seed_source_timestamp":1455617705442155,"circlet_count":0,"master_deck":["Defend_G","Defend_G","Defend_G+1","Defend_G","Defend_G","Strike_G","Strike_G","Strike_G+1","Survivor","Neutralize","AscendersBane","Backflip","Quick Slash","Sucker Punch","Blade Dance","Noxious Fumes+1","Acrobatics","Flying Knee","After Image","Bane","Cloak And Dagger","Deadly Poison+1","Heel Hook","Dodge and Roll+1","A Thousand Cuts","Noxious Fumes","Bouncing Flask+1","After Image+1","Backstab","Swift Strike","Leg Sweep+1","Footwork","Deadly Poison+1","After Image+1","Dodge and Roll+1","Bouncing Flask+1","Noxious Fumes"],"special_seed":0,"relics":["Orrery","Regal Pillow","Golden Idol","Toxic Egg 2","Bottled Lightning","Paper Crane","Snecko Eye","Strawberry","Red Mask","Philosopher\u0027s Stone","NlothsMask","Ginger"],"potions_floor_usage":[],"damage_taken":[{"damage":1.0,"enemies":"Small Slimes","floor":1.0,"turns":4.0},{"damage":0.0,"enemies":"2 Louse","floor":3.0,"turns":4.0},{"damage":13.0,"enemies":"3 Sentries","floor":7.0,"turns":7.0},{"damage":28.0,"enemies":"Gremlin Nob","floor":14.0,"turns":5.0},{"damage":34.0,"enemies":"Slime Boss","floor":16.0,"turns":11.0},{"damage":12.0,"enemies":"Shell Parasite","floor":18.0,"turns":6.0},{"damage":20.0,"enemies":"Spheric Guardian","floor":20.0,"turns":6.0},{"damage":18,"enemies":"Cultist and Chosen","floor":24,"turns":6},{"damage":27,"enemies":"Masked Bandits","floor":29,"turns":5},{"damage":7,"enemies":"Snake Plant","floor":30,"turns":5},{"damage":2,"enemies":"Centurion and Healer","floor":31,"turns":6},{"damage":51,"enemies":"Collector","floor":33,"turns":9},{"damage":7,"enemies":"3 Darklings","floor":35,"turns":6},{"damage":4,"enemies":"Orb Walker","floor":38,"turns":5},{"damage":0,"enemies":"Mind Bloom Boss Battle","floor":39,"turns":8},{"damage":74,"enemies":"Reptomancer","floor":41,"turns":2}],"seed_played":"-895159871477142211","potions_obtained":[{"floor":11.0,"key":"Regen Potion"},{"floor":18.0,"key":"Strength Potion"},{"floor":38,"key":"Poison Potion"}],"is_trial":false,"path_per_floor":["M","?","M","?","$","R","E","?","T","T","?","$","?","E","R","B",null,"M","?","M","$","?","R","M","R","T","?","R","?","M","M","R","B",null,"M","?","?","M","?","R"],"character_chosen":"THE_SILENT","items_purchased":["After Image","Bane","Deadly Poison+1","Heel Hook","After Image"],"campfire_rested":4,"item_purchase_floors":[5,5,12,12,21],"current_hp_per_floor":[58,47,47,52,52,52,39,39,39,39,39,39,20,6,40,6,50,38,51,31,31,31,64,46,46,53,25,61,34,27,25,61,10,56,49,49,49,45,45,45,0],"gold":510,"neow_bonus":"BOSS_RELIC","is_prod":false,"is_daily":false,"chose_seed":false,"campfire_upgraded":3,"win_rate":0,"timestamp":1541078346,"path_taken":["M","?","M","?","$","R","E","?","T","?","?","$","?","E","R","BOSS","M","?","M","$","?","R","M","R","T","?","R","?","M","M","R","BOSS","M","?","?","?","?","R","E"],"build_version":"2018-10-25v2","purchased_purges":1,"victory":false,"max_hp_per_floor":[66,66,66,71,71,71,71,64,64,64,64,64,64,64,64,64,64,64,64,64,64,64,64,64,64,71,71,71,71,71,71,71,71,71,71,71,71,71,71,71,71],"card_choices":[{"not_picked":["Flying Knee","Slice"],"picked":"Backflip","floor":0.0},{"not_picked":["Escape Plan","Choke"],"picked":"Quick Slash","floor":0.0},{"not_picked":["Acrobatics","Prepared"],"picked":"Sucker Punch","floor":0.0},{"not_picked":["Underhanded Strike","Outmaneuver"],"picked":"Blade Dance","floor":0.0},{"not_picked":["Bouncing Flask","Quick Slash"],"picked":"Noxious Fumes","floor":0.0},{"not_picked":["Prepared","Slice"],"picked":"Acrobatics","floor":1.0},{"not_picked":["Choke","Wraith Form v2"],"picked":"Flying Knee","floor":3.0},{"not_picked":["Backflip","Heel Hook"],"picked":"Cloak And Dagger","floor":7.0},{"not_picked":["Masterful Stab","Heel Hook"],"picked":"Dodge and Roll+1","floor":14.0},{"not_picked":["Venomology+1","Wraith Form v2"],"picked":"A Thousand Cuts","floor":16.0},{"not_picked":["Flying Knee","Endless Agony"],"picked":"Noxious Fumes","floor":18.0},{"not_picked":["Outmaneuver+1","Expertise+1"],"picked":"Bouncing Flask+1","floor":20.0},{"not_picked":["Quick Slash","Backflip+1"],"picked":"Backstab","floor":24},{"not_picked":["PiercingWail+1","Sucker Punch"],"picked":"Leg Sweep+1","floor":29},{"not_picked":["Bouncing Flask+1","Quick Slash+1"],"picked":"Footwork","floor":30},{"not_picked":["Flying Knee+1","Tools of the Trade"],"picked":"Deadly Poison+1","floor":31},{"not_picked":["Grand Finale","Bullet Time+1"],"picked":"After Image","floor":33},{"not_picked":["Quick Slash","Riddle With Holes+1"],"picked":"Dodge and Roll+1","floor":35},{"not_picked":["Bane","Poisoned Stab"],"picked":"Bouncing Flask+1","floor":38},{"not_picked":["Outmaneuver+1","Blade Dance+1"],"picked":"Noxious Fumes","floor":39}],"player_experience":468413,"relics_obtained":[{"floor":7.0,"key":"Regal Pillow"},{"floor":9.0,"key":"Toxic Egg 2"},{"floor":10.0,"key":"Bottled Lightning"},{"floor":14.0,"key":"Paper Crane"},{"floor":26,"key":"Strawberry"},{"floor":29,"key":"Red Mask"},{"floor":39,"key":"Ginger"}],"event_choices":[{"damage_healed":0.0,"max_hp_gain":0.0,"max_hp_loss":0.0,"gold_gain":75.0,"event_name":"World of Goop","player_choice":"Gather Gold","floor":2.0,"gold_loss":0.0,"damage_taken":11.0},{"damage_healed":0.0,"max_hp_gain":5.0,"max_hp_loss":0.0,"gold_gain":0.0,"event_name":"Big Fish","player_choice":"Donut","floor":4.0,"gold_loss":0.0,"damage_taken":0.0},{"damage_healed":0.0,"max_hp_gain":0.0,"max_hp_loss":7.0,"gold_gain":0.0,"event_name":"Golden Idol","player_choice":"Lose Max HP","floor":8.0,"gold_loss":0.0,"damage_taken":0.0,"relics_obtained":["Golden Idol"]},{"damage_healed":0.0,"max_hp_gain":0.0,"max_hp_loss":0.0,"gold_gain":0.0,"event_name":"The Woman in Blue","player_choice":"Bought 1 Potion","floor":11.0,"gold_loss":0.0,"damage_taken":0.0},{"damage_healed":0.0,"max_hp_gain":0.0,"max_hp_loss":0.0,"gold_gain":0.0,"event_name":"Shining Light","player_choice":"Entered Light","floor":13.0,"gold_loss":0.0,"damage_taken":19.0,"cards_upgraded":["Strike_G","Defend_G"]},{"damage_healed":13.0,"max_hp_gain":0.0,"max_hp_loss":0.0,"gold_gain":0.0,"event_name":"The Library","player_choice":"Heal","floor":19.0,"gold_loss":0.0,"damage_taken":0.0},{"damage_healed":0.0,"max_hp_gain":0.0,"max_hp_loss":0.0,"gold_gain":50.0,"event_name":"Nest","player_choice":"Stole From Cult","floor":22.0,"gold_loss":0.0,"damage_taken":0.0},{"damage_healed":0,"gold_gain":90,"player_choice":"CARD POTION GOLD ","damage_taken":28,"max_hp_gain":0,"max_hp_loss":0,"event_name":"Knowing Skull","floor":27,"potions_obtained":["FairyPotion"],"gold_loss":0,"cards_obtained":["Swift Strike"]},{"damage_healed":0,"gold_gain":0,"player_choice":"Fought Bandits","damage_taken":0,"max_hp_gain":0,"max_hp_loss":0,"event_name":"Masked Bandits","floor":29,"gold_loss":0},{"cards_removed":["Strike_G"],"damage_healed":0,"gold_gain":0,"player_choice":"Removed Attack","damage_taken":0,"max_hp_gain":0,"max_hp_loss":0,"event_name":"Falling","floor":36,"gold_loss":0},{"damage_healed":0,"gold_gain":0,"player_choice":"Trade","damage_taken":0,"relics_obtained":["NlothsMask"],"max_hp_gain":0,"max_hp_loss":0,"event_name":"FaceTrader","floor":37,"gold_loss":0},{"damage_healed":0,"gold_gain":0,"player_choice":"Fight","damage_taken":0,"max_hp_gain":0,"max_hp_loss":0,"event_name":"MindBloom","floor":39,"gold_loss":0}],"is_beta":false,"boss_relics":[{"not_picked":["Runic Pyramid","HoveringKite"],"picked":"Snecko Eye"},{"not_picked":["Calling Bell","Coffee Dripper"],"picked":"Philosopher\u0027s Stone"}],"items_purged_floors":[21],"is_endless":false,"potions_floor_spawned":[18,29,33,38,39],"killed_by":"Reptomancer","ascension_level":15}