{"path_per_floor":["M","M","?","M","$","R","E","M","T","E","M","?","?","$","R","B",null,"M","M","$","?","M"],"character_chosen":"IRONCLAD","items_purchased":["Headbutt","Limit Break","Dead Branch"],"gold_per_floor":[111,129,379,397,138,138,163,183,264,292,304,304,304,4,4,128,128,148,168,68,68,83],"floor_reached":23,"campfire_rested":1,"playtime":1205,"current_hp_per_floor":[78,80,80,80,80,80,54,55,55,43,35,35,35,35,57,14,59,43,52,52,52,31],"items_purged":["Regret","Strike_R"],"gold":83,"score":305,"play_id":"41d10262-d0c0-484a-b476-6c3ed6d61202","is_prod":false,"is_daily":false,"is_ascension_mode":true,"campfire_upgraded":1,"path_taken":["M","M","?","M","$","R","E","?","T","E","M","?","?","?","R","BOSS","M","M","$","?","?","E"],"build_version":"2018-02-12-PROD1","purchased_purges":2,"victory":false,"master_deck":["Strike_R","Strike_R","Strike_R","Strike_R","Defend_R","Defend_R","Defend_R","Defend_R+1","Bash","Rampage","Warcry+1","Inflame","Headbutt","Limit Break+1","Warcry","Burning Pact","Heavy Blade","Offering","Feel No Pain","Feel No Pain+1","Writhe","Flex+1"],"max_hp_per_floor":[80,80,80,80,80,80,80,80,80,80,80,80,74,74,74,74,74,74,74,74,74,74],"relics":["Black Blood","NeowsBlessing","Pen Nib","Gremlin Horn","War Paint","Golden Idol","Dead Branch","Ancient Tea Set"],"card_choices":[{"not_picked":["Iron Wave","Havoc"],"picked":"Rampage"},{"not_picked":["Rage","Burning Pact"],"picked":"Warcry"},{"not_picked":["Infernal Blade","Clash"],"picked":"Inflame"},{"not_picked":["Entrench","Cleave"],"picked":"Warcry"},{"not_picked":["Berserk","Uppercut"],"picked":"Burning Pact"},{"not_picked":["Sever Soul","Cleave"],"picked":"Heavy Blade"},{"not_picked":["Fiend Fire","Dark Embrace"],"picked":"Offering"},{"not_picked":["Rampage","Thunderclap"],"picked":"Feel No Pain"},{"not_picked":["Havoc","Warcry"],"picked":"Feel No Pain"},{"not_picked":["Iron Wave","Battle Trance"],"picked":"Flex"}],"player_experience":214092,"potions_floor_usage":[11,16,22],"damage_taken":[{"damage":0,"enemies":"Cultist","floor":1,"turns":1},{"damage":0,"enemies":"Small Slimes","floor":2,"turns":1},{"damage":0,"enemies":"Blue Slaver","floor":4,"turns":1},{"damage":32,"enemies":"Gremlin Nob","floor":7,"turns":4},{"damage":5,"enemies":"2 Fungi Beasts","floor":8,"turns":4},{"damage":18,"enemies":"3 Sentries","floor":10,"turns":6},{"damage":14,"enemies":"Red Slaver","floor":11,"turns":2},{"damage":49,"enemies":"Hexaghost","floor":16,"turns":8},{"damage":26,"enemies":"Spheric Guardian","floor":18,"turns":4},{"damage":29,"enemies":"3 Byrds","floor":19,"turns":4},{"damage":31,"enemies":"Centurion and Healer","floor":22,"turns":5},{"damage":34,"enemies":"Slavers","floor":23,"turns":1}],"event_choices":[{"event_name":"Golden Shrine","player_choice":"Desecrate","floor":3,"damage_taken":0},{"event_name":"The Lab","player_choice":"Got Potions","floor":12,"damage_taken":0},{"event_name":"Golden Idol","player_choice":"Lose Max HP","floor":13,"damage_taken":0},{"event_name":"The Mausoleum","player_choice":"Yes","floor":21,"damage_taken":0}],"boss_relics":[{"not_picked":["Black Star","Pandora\u0027s Box"],"picked":"Black Blood"}],"potions_floor_spawned":[2,7,10,18,22],"seed_played":"7502446700928545113","killed_by":"Slavers","ascension_level":7,"is_trial":false}