{"gold_per_floor":[111,111,127,141,141,141,174,192,261,287,287,298,324,340,340,444,444,459,474,399,412,312,346,361,16,39,64,76,76,108,108,108,211,211,222,297,309,309,2,2,37,53,53,53,80,80,80,108,108,108],"floor_reached":51,"playtime":4675,"items_purged":["Strike_R","Strike_R","Strike_R","Defend_R"],"score":1193,"play_id":"be865e40-c60d-4e02-8685-6fd19d4308d1","local_time":"20190917183905","is_ascension_mode":true,"campfire_choices":[{"data":"Rampage","floor":6,"key":"SMITH"},{"data":"Metallicize","floor":11,"key":"SMITH"},{"data":"Clothesline","floor":15,"key":"SMITH"},{"floor":29,"key":"REST"},{"floor":32,"key":"REST"},{"floor":40,"key":"REST"},{"floor":44,"key":"REST"},{"floor":49,"key":"REST"}],"neow_cost":"NONE","seed_source_timestamp":547076751124555,"circlet_count":0,"master_deck":["Defend_R","Defend_R","Bash","Rampage+1","Dropkick","Metallicize+1","Clothesline+1","Whirlwind+1","Feed+1","Battle Trance","Impervious","Shrug It Off","Clothesline+1","Feed+1","Flame Barrier","Feed+1","Corruption","Disarm","Demon Form","Whirlwind+1","Reaper+1","Battle Trance","Headbutt+1","Barricade+1","Heavy Blade+1"],"relics":["Burning Blood","Thread and Needle","Omamori","Molten Egg 2","Question Card","Potion Belt","Fusion Hammer","PreservedInsect","DollysMirror","Pen Nib","Meat on the Bone","Torii","Empty Cage","OrangePellets","Shuriken","Incense Burner","Ancient Tea Set","Red Skull"],"potions_floor_usage":[13,16,23,27,35,45,50,50,50,50,50,50,50,50],"damage_taken":[{"damage":4,"enemies":"2 Louse","floor":1,"turns":5},{"damage":6,"enemies":"Cultist","floor":3,"turns":3},{"damage":12,"enemies":"Jaw Worm","floor":4,"turns":2},{"damage":27,"enemies":"Lagavulin","floor":7,"turns":7},{"damage":1,"enemies":"Looter","floor":8,"turns":4},{"damage":2,"enemies":"Gremlin Nob","floor":10,"turns":3},{"damage":11,"enemies":"Lots of Slimes","floor":12,"turns":5},{"damage":6,"enemies":"3 Sentries","floor":13,"turns":3},{"damage":8,"enemies":"2 Fungi Beasts","floor":14,"turns":3},{"damage":18,"enemies":"The Guardian","floor":16,"turns":13},{"damage":5,"enemies":"Shell Parasite","floor":18,"turns":7},{"damage":0,"enemies":"3 Byrds","floor":19,"turns":6},{"damage":19,"enemies":"Shelled Parasite and Fungi","floor":21,"turns":10},{"damage":32,"enemies":"Slavers","floor":23,"turns":7},{"damage":2,"enemies":"Centurion and Healer","floor":24,"turns":8},{"damage":33,"enemies":"Book of Stabbing","floor":27,"turns":5},{"damage":5,"enemies":"Snake Plant","floor":28,"turns":4},{"damage":20,"enemies":"Gremlin Leader","floor":30,"turns":5},{"damage":72,"enemies":"Collector","floor":33,"turns":11},{"damage":58,"enemies":"3 Shapes","floor":35,"turns":8},{"damage":4,"enemies":"Orb Walker","floor":37,"turns":5},{"damage":58,"enemies":"Nemesis","floor":41,"turns":11},{"damage":43,"enemies":"Maw","floor":42,"turns":11},{"damage":84,"enemies":"Reptomancer","floor":45,"turns":7},{"damage":24,"enemies":"Giant Head","floor":48,"turns":7},{"damage":47,"enemies":"Time Eater","floor":50,"turns":13}],"seed_played":"4299606872187119131","potions_obtained":[{"floor":4,"key":"BloodPotion"},{"floor":8,"key":"SkillPotion"},{"floor":10,"key":"Strength Potion"},{"floor":14,"key":"Block Potion"},{"floor":21,"key":"BloodPotion"},{"floor":23,"key":"PowerPotion"},{"floor":27,"key":"AttackPotion"},{"floor":30,"key":"Weak Potion"},{"floor":33,"key":"Regen Potion"},{"floor":35,"key":"EntropicBrew"},{"floor":48,"key":"Dexterity Potion"}],"is_trial":false,"path_per_floor":["M","?","M","M","?","R","E","M","T","E","R","M","E","M","R","B",null,"M","M","$","M","$","E","M","$","T","E","M","R","E","?","R","B",null,"M","?","M","$","$","R","E","M","T","R","E","?","?","E","R","B",null],"character_chosen":"IRONCLAD","items_purchased":["DollysMirror","Corruption","OrangePellets"],"campfire_rested":5,"item_purchase_floors":[25,25,39],"current_hp_per_floor":[82,82,82,76,73,73,52,57,57,61,61,56,56,58,58,50,85,90,100,100,91,91,69,77,77,77,54,71,108,98,98,128,78,119,123,109,122,122,122,144,102,110,110,144,106,106,106,120,152,127],"gold":108,"neow_bonus":"TEN_PERCENT_HP_BONUS","is_prod":false,"is_daily":false,"chose_seed":false,"campfire_upgraded":3,"win_rate":0,"timestamp":1568759945,"path_taken":["M","?","M","M","?","R","E","M","T","E","R","M","E","M","R","BOSS","M","M","$","M","$","E","M","$","T","E","M","R","E","?","R","BOSS","M","?","M","?","$","R","E","M","T","R","E","?","?","E","R","BOSS"],"build_version":"2019-09-17","purchased_purges":4,"victory":true,"max_hp_per_floor":[88,88,88,88,88,88,88,88,88,88,88,88,88,92,92,96,96,100,104,104,108,108,112,116,116,116,120,124,124,128,128,128,132,132,140,140,144,144,144,144,144,144,144,144,148,148,148,152,152,156],"card_choices":[{"not_picked":["Shrug It Off","Disarm"],"picked":"Rampage","floor":1},{"not_picked":["Intimidate","Heavy Blade"],"picked":"Dropkick","floor":3},{"not_picked":["Hemokinesis","Carnage"],"picked":"Metallicize","floor":4},{"not_picked":["Sword Boomerang","Infernal Blade"],"picked":"Clothesline","floor":7},{"not_picked":["Wild Strike","Clash","Cleave"],"picked":"SKIP","floor":8},{"not_picked":["Searing Blow+1","Clothesline+1","Sword Boomerang+1"],"picked":"SKIP","floor":10},{"not_picked":["Body Slam+1","Pommel Strike+1","Rampage+1"],"picked":"Whirlwind+1","floor":12},{"not_picked":["Berserk","Wild Strike+1","Metallicize"],"picked":"Feed+1","floor":13},{"not_picked":["Evolve","Heavy Blade+1","Perfected Strike+1"],"picked":"Battle Trance","floor":14},{"not_picked":["Brutality","Fiend Fire+1","Demon Form"],"picked":"Impervious","floor":16},{"not_picked":["Twin Strike+1","Whirlwind+1","Carnage+1"],"picked":"Shrug It Off","floor":18},{"not_picked":["True Grit","Twin Strike+1","Power Through"],"picked":"Clothesline+1","floor":19},{"not_picked":["Body Slam+1","Havoc","Flex"],"picked":"Feed+1","floor":21},{"not_picked":["Perfected Strike+1","Headbutt+1","Rampage+1"],"picked":"Flame Barrier","floor":23},{"not_picked":["Heavy Blade+1","Pummel+1","Armaments","Clothesline+1"],"picked":"SKIP","floor":24},{"not_picked":["Dropkick+1","Armaments+1","Flex"],"picked":"Disarm","floor":27},{"not_picked":["Seeing Red","Heavy Blade+1","Second Wind","Iron Wave+1"],"picked":"SKIP","floor":28},{"not_picked":["Bloodletting+1","Infernal Blade","Perfected Strike+1"],"picked":"Demon Form","floor":30},{"not_picked":["Dark Embrace","Brutality","Exhume"],"picked":"Reaper+1","floor":33},{"not_picked":["Flex+1","Entrench","Thunderclap+1","Dual Wield+1"],"picked":"SKIP","floor":35},{"not_picked":["Intimidate+1","Cleave+1","Flex+1","Havoc"],"picked":"SKIP","floor":37},{"not_picked":["Armaments","Second Wind+1","Limit Break"],"picked":"Battle Trance","floor":41},{"not_picked":["Rupture","Iron Wave+1","Whirlwind+1"],"picked":"Headbutt+1","floor":42},{"not_picked":["Pommel Strike+1","True Grit+1","Havoc"],"picked":"Barricade","floor":45},{"not_picked":["Clash+1","Metallicize+1","Headbutt+1"],"picked":"Heavy Blade+1","floor":48}],"player_experience":402444,"relics_obtained":[{"floor":7,"key":"Omamori"},{"floor":9,"key":"Molten Egg 2"},{"floor":10,"key":"Question Card"},{"floor":13,"key":"Potion Belt"},{"floor":23,"key":"PreservedInsect"},{"floor":26,"key":"Pen Nib"},{"floor":27,"key":"Meat on the Bone"},{"floor":30,"key":"Torii"},{"floor":41,"key":"Shuriken"},{"floor":43,"key":"Incense Burner"},{"floor":45,"key":"Ancient Tea Set"},{"floor":48,"key":"Red Skull"}],"event_choices":[{"damage_healed":0,"gold_gain":0,"player_choice":"Ignored","damage_taken":0,"max_hp_gain":0,"max_hp_loss":0,"event_name":"Liars Game","floor":2,"gold_loss":0},{"damage_healed":0,"gold_gain":0,"player_choice":"Success","damage_taken":3,"relics_obtained":["Thread and Needle"],"max_hp_gain":0,"max_hp_loss":0,"event_name":"Scrap Ooze","floor":5,"gold_loss":0},{"damage_healed":0,"gold_gain":0,"player_choice":"Copied","damage_taken":0,"max_hp_gain":0,"max_hp_loss":0,"event_name":"Duplicator","floor":31,"gold_loss":0,"cards_obtained":["Whirlwind"]},{"damage_healed":0,"gold_gain":75,"player_choice":"Touch","damage_taken":14,"max_hp_gain":0,"max_hp_loss":0,"event_name":"FaceTrader","floor":36,"gold_loss":0},{"cards_removed":["Defend_R"],"damage_healed":0,"gold_gain":0,"player_choice":"Removed Skill","damage_taken":0,"max_hp_gain":0,"max_hp_loss":0,"event_name":"Falling","floor":46,"gold_loss":0},{"damage_healed":0,"gold_gain":0,"player_choice":"Forge","damage_taken":0,"max_hp_gain":0,"max_hp_loss":0,"event_name":"Accursed Blacksmith","floor":47,"gold_loss":0,"cards_upgraded":["Barricade"]}],"is_beta":true,"boss_relics":[{"not_picked":["Runic Dome","Black Star"],"picked":"Fusion Hammer"},{"not_picked":["Velvet Choker","Runic Cube"],"picked":"Empty Cage"}],"items_purged_floors":[20,22,25,39],"is_endless":false,"potions_floor_spawned":[4,8,10,12,14,21,23,27,30,33,35,37,41,48],"ascension_level":9}