{"gold_per_floor":[115,115,115,130,147,147,97,115,115,33,47,47,58,74,74,170,170,189,207,207,225,37,37,37,37,63,77,104,0,18,93,93,192,192,208,227,247,267,47,47,47,66,66,66,81,95,95,43,43,43,43,43,43,77,77],"floor_reached":55,"playtime":2854,"items_purged":["Strike_G","Strike_G"],"score":738,"play_id":"12e18d7e-926b-4633-8fba-c11eb2927fb8","local_time":"20181231181213","is_ascension_mode":false,"campfire_choices":[{"data":"Neutralize","floor":6.0,"key":"SMITH"},{"floor":12.0,"key":"RECALL"},{"data":"Footwork","floor":15.0,"key":"SMITH"},{"data":"Poisoned Stab","floor":23.0,"key":"SMITH"},{"data":"Poisoned Stab","floor":25.0,"key":"SMITH"},{"data":"Leg Sweep","floor":32.0,"key":"SMITH"},{"data":"Bandage Up","floor":40.0,"key":"SMITH"},{"data":"Malaise","floor":47.0,"key":"SMITH"},{"data":"Footwork","floor":49.0,"key":"SMITH"},{"data":"Well Laid Plans","floor":52,"key":"SMITH"}],"neow_cost":"NONE","seed_source_timestamp":0,"circlet_count":0,"master_deck":["Defend_G+1","Defend_G","Defend_G","Defend_G","Strike_G+1","Survivor","Neutralize+1","Backflip","Well Laid Plans+1","Leg Sweep+1","Heel Hook","Poisoned Stab+1","Bandage Up+1","Footwork+1","Poisoned Stab+1","Dagger Throw","Corpse Explosion","Bane+1","PiercingWail","Backflip","Dramatic Entrance","Backflip","Malaise+1","Dodge and Roll+1","Dodge and Roll+1","Heel Hook","Choke+1","Footwork+1","Deadly Poison","Heel Hook+1","Backflip","Crippling Poison+1"],"special_seed":0,"relics":["Coffee Dripper","Snake Skull"],"potions_floor_usage":[50,50],"damage_taken":[{"damage":0.0,"enemies":"Jaw Worm","floor":1.0,"turns":5.0},{"damage":0.0,"enemies":"Small Slimes","floor":4.0,"turns":3.0},{"damage":0.0,"enemies":"2 Louse","floor":5.0,"turns":2.0},{"damage":0.0,"enemies":"Exordium Thugs","floor":8.0,"turns":6.0},{"damage":0.0,"enemies":"Lots of Slimes","floor":11.0,"turns":5.0},{"damage":0.0,"enemies":"Gremlin Gang","floor":13.0,"turns":6.0},{"damage":5.0,"enemies":"2 Fungi Beasts","floor":14.0,"turns":3.0},{"damage":13.0,"enemies":"Slime Boss","floor":16.0,"turns":16.0},{"damage":5.0,"enemies":"Shell Parasite","floor":18.0,"turns":7.0},{"damage":5.0,"enemies":"Chosen","floor":19.0,"turns":5.0},{"damage":6.0,"enemies":"Snake Plant","floor":21.0,"turns":5.0},{"damage":0.0,"enemies":"Snecko","floor":27.0,"turns":6.0},{"damage":27.0,"enemies":"Slavers","floor":28.0,"turns":4.0},{"damage":2.0,"enemies":"Centurion and Healer","floor":30.0,"turns":5.0},{"damage":42.0,"enemies":"Collector","floor":33.0,"turns":11.0},{"damage":5.0,"enemies":"Orb Walker","floor":35.0,"turns":6.0},{"damage":8.0,"enemies":"3 Shapes","floor":36.0,"turns":6.0},{"damage":11.0,"enemies":"Maw","floor":37.0,"turns":10.0},{"damage":11.0,"enemies":"3 Darklings","floor":38.0,"turns":8.0},{"damage":30.0,"enemies":"Jaw Worm Horde","floor":42.0,"turns":6.0},{"damage":0.0,"enemies":"4 Shapes","floor":45.0,"turns":5.0},{"damage":1.0,"enemies":"Maw","floor":46.0,"turns":9.0},{"damage":24,"enemies":"Awakened One","floor":50,"turns":25},{"damage":39,"enemies":"Shield and Spear","floor":54,"turns":11},{"damage":50,"enemies":"The Heart","floor":55,"turns":5}],"seed_played":"-4388273894444392357","potions_obtained":[{"floor":1.0,"key":"Poison Potion"},{"floor":13.0,"key":"Block Potion"},{"floor":14.0,"key":"PowerPotion"},{"floor":16.0,"key":"Fruit Juice"},{"floor":37.0,"key":"Strength Potion"},{"floor":38.0,"key":"Swift Potion"},{"floor":46.0,"key":"Energy Potion"}],"is_trial":false,"path_per_floor":["M","?","?","M","M","R","?","M","T","$","M","R","M","M","R","B",null,"M","M","?","M","$","R","$","R","T","M","E","?","M","?","R","B",null,"M","M","M","M","$","R","?","M","T","?","M","M","R","$","R","B",null,"R","$","E","B"],"character_chosen":"THE_SILENT","items_purchased":["Bandage Up","Backflip","Dramatic Entrance","Footwork","Deadly Poison","Dexterity Potion"],"campfire_rested":0,"item_purchase_floors":[10,22,22,39,39,48],"current_hp_per_floor":[70,56,56,56,56,56,56,56,56,56,60,60,64,63,63,54,70,69,64,64,62,62,62,62,62,62,66,43,43,45,38,38,5,75,74,67,60,53,53,53,53,29,29,29,35,40,40,40,40,22,75,75,75,42,0],"gold":77,"neow_bonus":"BOSS_RELIC","is_prod":false,"is_daily":false,"chose_seed":false,"campfire_upgraded":9,"win_rate":0,"timestamp":1546276333,"path_taken":["M","?","?","M","M","R","?","?","T","?","M","R","?","M","R","BOSS","M","M","?","M","$","R","?","R","T","M","E","?","M","?","R","BOSS","M","?","M","?","?","R","?","M","T","?","?","M","R","$","R","BOSS","R","$","E","BOSS"],"build_version":"2018-12-20","purchased_purges":2,"victory":false,"max_hp_per_floor":[70,70,70,70,70,70,70,70,70,70,70,70,70,70,70,70,70,70,70,70,70,70,70,70,70,70,70,70,70,70,70,70,75,75,75,75,75,75,75,75,75,75,75,75,75,75,75,75,75,75,75,75,75,75,75],"card_choices":[{"not_picked":["Outmaneuver","Dagger Spray"],"picked":"Backflip","floor":1.0},{"not_picked":["Phantasmal Killer","Underhanded Strike"],"picked":"Leg Sweep","floor":4.0},{"not_picked":["Deflect","Reflex"],"picked":"Heel Hook","floor":5.0},{"not_picked":["Concentrate","Underhanded Strike"],"picked":"Poisoned Stab","floor":8.0},{"not_picked":["Reflex","Backflip"],"picked":"Footwork","floor":11.0},{"not_picked":["Flying Knee","Cloak And Dagger"],"picked":"Poisoned Stab","floor":13.0},{"not_picked":["Distraction","Endless Agony"],"picked":"Dagger Throw","floor":14.0},{"not_picked":["Bullet Time","Burst"],"picked":"Corpse Explosion","floor":16.0},{"not_picked":["Escape Plan","Catalyst","Well Laid Plans+1"],"picked":"SKIP","floor":18.0},{"not_picked":["Deadly Poison","Infinite Blades"],"picked":"Bane+1","floor":19.0},{"not_picked":["Deadly Poison","Prepared"],"picked":"PiercingWail","floor":21.0},{"not_picked":["Endless Agony+1","Blade Dance","Outmaneuver"],"picked":"SKIP","floor":27.0},{"not_picked":["Dagger Throw","A Thousand Cuts"],"picked":"Backflip","floor":28.0},{"not_picked":["Finisher","Deflect+1","All Out Attack"],"picked":"SKIP","floor":30.0},{"not_picked":["Unload","Doppelganger"],"picked":"Malaise","floor":33.0},{"not_picked":["Sucker Punch","Deflect"],"picked":"Dodge and Roll+1","floor":35.0},{"not_picked":["Backflip+1","Leg Sweep+1"],"picked":"Dodge and Roll+1","floor":36.0},{"not_picked":["Storm of Steel","Outmaneuver+1"],"picked":"Heel Hook","floor":37.0},{"not_picked":["Slice+1","Prepared+1"],"picked":"Choke+1","floor":38.0},{"not_picked":["Underhanded Strike","Masterful Stab+1"],"picked":"Heel Hook+1","floor":42.0},{"not_picked":["Outmaneuver+1","Poisoned Stab"],"picked":"Backflip","floor":45.0},{"not_picked":["Riddle With Holes","Reflex+1","Flying Knee"],"picked":"SKIP","floor":46.0},{"not_picked":["Sucker Punch","Riddle With Holes+1"],"picked":"Crippling Poison+1","floor":54}],"player_experience":556987,"relics_obtained":[{"floor":54,"key":"Snake Skull"}],"event_choices":[{"damage_healed":0.0,"max_hp_gain":0.0,"max_hp_loss":0.0,"gold_gain":0.0,"event_name":"Shining Light","player_choice":"Entered Light","floor":2.0,"gold_loss":0.0,"damage_taken":14.0,"cards_upgraded":["Defend_G","Strike_G"]},{"damage_healed":0.0,"max_hp_gain":0.0,"max_hp_loss":0.0,"gold_gain":0.0,"cards_transformed":["Strike_G"],"event_name":"Living Wall","player_choice":"Change","floor":3.0,"gold_loss":0.0,"damage_taken":0.0,"cards_obtained":["Well Laid Plans"]},{"cards_removed":["Strike_G"],"damage_healed":0.0,"max_hp_gain":0.0,"max_hp_loss":0.0,"gold_gain":0.0,"event_name":"The Cleric","player_choice":"Card Removal","floor":7.0,"gold_loss":50.0,"damage_taken":0.0},{"damage_healed":0.0,"max_hp_gain":0.0,"max_hp_loss":0.0,"gold_gain":0.0,"event_name":"WeMeetAgain","player_choice":"Ignored","floor":20.0,"gold_loss":0.0,"damage_taken":0.0},{"damage_healed":0.0,"max_hp_gain":0.0,"max_hp_loss":0.0,"gold_gain":0.0,"event_name":"Masked Bandits","player_choice":"Paid Fearfully","floor":29.0,"gold_loss":104.0,"damage_taken":0.0},{"damage_healed":0.0,"max_hp_gain":0.0,"max_hp_loss":0.0,"gold_gain":75.0,"event_name":"FaceTrader","player_choice":"Touch","floor":31.0,"gold_loss":0.0,"damage_taken":7.0},{"damage_healed":0.0,"max_hp_gain":0.0,"max_hp_loss":0.0,"gold_gain":0.0,"event_name":"Mysterious Sphere","player_choice":"Ignored","floor":41.0,"gold_loss":0.0,"damage_taken":0.0},{"cards_removed":["Defend_G"],"damage_healed":0.0,"max_hp_gain":0.0,"max_hp_loss":0.0,"gold_gain":0.0,"event_name":"Purifier","player_choice":"Purged","floor":44.0,"gold_loss":0.0,"damage_taken":0.0}],"is_beta":false,"boss_relics":[{"not_picked":[]},{"not_picked":[]}],"items_purged_floors":[22,39],"is_endless":false,"potions_floor_spawned":[1,13,14,16,18,21,37,38,46],"killed_by":"The Heart","ascension_level":0}