{"gold_per_floor":[116,116,66,32,32,64,80,108,162,178,203,19,31,66,66,163,163,174,189,114,126,137,137,163,180,180,192,204,204,237,237,237,339,339,358,373,391,35,52,82,101,128,181,210,210,223,223,235,235,235,235,235,32,59,59],"floor_reached":55,"playtime":3304,"items_purged":["Strike_R"],"score":1156,"play_id":"9df5fb98-6f9a-4711-bb27-1180f2edafae","local_time":"20190913005657","is_ascension_mode":true,"campfire_choices":[{"data":"Immolate","floor":15,"key":"SMITH"},{"data":"Spot Weakness","floor":23,"key":"SMITH"},{"floor":29,"key":"REST"},{"floor":32,"key":"REST"},{"floor":45,"key":"RECALL"},{"floor":49,"key":"REST"},{"floor":52,"key":"REST"}],"neow_cost":"NONE","seed_source_timestamp":140200918814258,"circlet_count":0,"master_deck":["Strike_R+1","Strike_R+1","Strike_R+1","Strike_R+1","Defend_R+1","Defend_R+1","Defend_R+1","Defend_R+1","Bash+1","Spot Weakness+1","Shockwave+1","Heavy Blade+1","Anger+1","Pummel+1","Flame Barrier+1","Battle Trance+1","Immolate+1","Offering+1","Reaper+1","Disarm+1","Heavy Blade+1","Demon Form+1","Armaments+1","Shrug It Off+1","Inflame+1","Reaper+1","Mayhem+1","Inflame+1","Armaments+1","Corruption+1","Clothesline+1","Warcry+1","Shrug It Off+1"],"relics":["Burning Blood","NeowsBlessing","Red Skull","Lizard Tail","MealTicket","Whetstone","Toy Ornithopter","Membership Card","Kunai","SlaversCollar","Mummified Hand","Pear","Molten Egg 2","Busted Crown","Anchor","Art of War","ClockworkSouvenir","Dream Catcher","PreservedInsect","Gremlin Horn","Mark of the Bloom","Happy Flower","Centennial Puzzle","War Paint"],"potions_floor_usage":[8,8,28,28,50,55,55],"damage_taken":[{"damage":0,"enemies":"Jaw Worm","floor":1,"turns":1},{"damage":0,"enemies":"Lagavulin","floor":6,"turns":2},{"damage":0,"enemies":"Small Slimes","floor":7,"turns":1},{"damage":0,"enemies":"Gremlin Nob","floor":8,"turns":2},{"damage":6,"enemies":"Cultist","floor":10,"turns":3},{"damage":10,"enemies":"3 Sentries","floor":11,"turns":4},{"damage":11,"enemies":"Looter","floor":13,"turns":2},{"damage":24,"enemies":"Gremlin Nob","floor":14,"turns":4},{"damage":18,"enemies":"Slime Boss","floor":16,"turns":6},{"damage":26,"enemies":"Spheric Guardian","floor":18,"turns":5},{"damage":6,"enemies":"3 Byrds","floor":19,"turns":3},{"damage":19,"enemies":"Snecko","floor":21,"turns":4},{"damage":26,"enemies":"Cultist and Chosen","floor":22,"turns":6},{"damage":57,"enemies":"Slavers","floor":24,"turns":4},{"damage":6,"enemies":"Chosen and Byrds","floor":25,"turns":4},{"damage":27,"enemies":"Centurion and Healer","floor":27,"turns":5},{"damage":12,"enemies":"Snake Plant","floor":28,"turns":5},{"damage":28,"enemies":"Gremlin Leader","floor":30,"turns":5},{"damage":87,"enemies":"Automaton","floor":33,"turns":7},{"damage":40,"enemies":"3 Shapes","floor":35,"turns":8},{"damage":27,"enemies":"Orb Walker","floor":36,"turns":5},{"damage":54,"enemies":"Sphere and 2 Shapes","floor":37,"turns":5},{"damage":45,"enemies":"Writhing Mass","floor":39,"turns":5},{"damage":14,"enemies":"Reptomancer","floor":40,"turns":2},{"damage":17,"enemies":"3 Darklings","floor":41,"turns":4},{"damage":10,"enemies":"Giant Head","floor":42,"turns":5},{"damage":4,"enemies":"Nemesis","floor":44,"turns":3},{"damage":18,"enemies":"Sphere and 2 Shapes","floor":46,"turns":3},{"damage":6,"enemies":"Maw","floor":48,"turns":4},{"damage":24,"enemies":"Awakened One","floor":50,"turns":6},{"damage":33,"enemies":"Shield and Spear","floor":54,"turns":4},{"damage":34,"enemies":"The Heart","floor":55,"turns":2}],"seed_played":"-5190955720221773884","potions_obtained":[{"floor":1,"key":"AttackPotion"},{"floor":5,"key":"FairyPotion"},{"floor":5,"key":"AttackPotion"},{"floor":8,"key":"FearPotion"},{"floor":10,"key":"SpeedPotion"},{"floor":18,"key":"Weak Potion"},{"floor":28,"key":"FearPotion"},{"floor":30,"key":"EssenceOfSteel"},{"floor":35,"key":"Energy Potion"},{"floor":41,"key":"LiquidBronze"},{"floor":42,"key":"Swift Potion"},{"floor":54,"key":"Dexterity Potion"}],"is_trial":false,"path_per_floor":["M","?","?","$","?","E","M","E","T","M","E","$","M","E","R","B",null,"M","M","$","M","M","R","E","M","T","M","M","R","E","?","R","B",null,"M","M","M","$","M","E","M","E","T","E","R","M","?","M","R","B",null,"R","$","E","B"],"character_chosen":"IRONCLAD","items_purchased":["Shockwave","Membership Card","Battle Trance","Disarm","Mayhem","Anchor","Art of War","ClockworkSouvenir","Inflame","Weak Potion","Happy Flower","Centennial Puzzle","Shrug It Off"],"campfire_rested":4,"item_purchase_floors":[4,12,12,20,38,38,38,38,38,53,53,53,53],"current_hp_per_floor":[78,78,78,78,78,80,80,80,80,80,76,80,75,57,57,45,71,51,61,76,73,53,53,14,25,35,27,38,65,43,43,70,14,71,72,82,62,77,44,90,90,90,90,90,90,78,78,72,72,48,48,48,48,15,0],"gold":59,"neow_bonus":"THREE_ENEMY_KILL","is_prod":false,"is_daily":false,"chose_seed":false,"campfire_upgraded":2,"win_rate":0,"timestamp":1568350617,"path_taken":["M","?","?","$","?","E","M","E","T","M","E","$","M","E","R","BOSS","M","M","$","?","M","R","E","M","T","M","M","R","E","?","R","BOSS","M","?","M","$","M","E","M","E","T","E","R","M","?","M","R","BOSS","R","$","E","BOSS"],"build_version":"2019-09-11v2","purchased_purges":1,"victory":false,"max_hp_per_floor":[80,80,80,80,80,80,80,80,80,80,80,80,80,80,80,80,80,80,80,80,80,80,80,80,80,90,90,90,90,90,90,90,90,90,90,90,90,90,90,90,90,90,90,90,90,90,90,90,90,90,90,90,90,90,90],"card_choices":[{"not_picked":["Wild Strike","Cleave"],"picked":"Spot Weakness","floor":1},{"not_picked":["Reckless Charge","Perfected Strike"],"picked":"Heavy Blade","floor":6},{"not_picked":["Metallicize","Iron Wave"],"picked":"Anger","floor":7},{"not_picked":["Feel No Pain","Infernal Blade"],"picked":"Pummel","floor":8},{"not_picked":["Flex","Combust"],"picked":"Flame Barrier","floor":10},{"not_picked":["Hemokinesis","Clothesline","Pommel Strike"],"picked":"SKIP","floor":11},{"not_picked":["Hemokinesis","Clothesline","Pommel Strike"],"picked":"SKIP","floor":11},{"not_picked":["Bloodletting","Havoc"],"picked":"Immolate","floor":13},{"not_picked":["Thunderclap","Havoc"],"picked":"Offering","floor":14},{"not_picked":["Impervious","Barricade"],"picked":"Reaper","floor":16},{"not_picked":["Warcry","Pommel Strike","Flex"],"picked":"SKIP","floor":18},{"not_picked":["Perfected Strike","Flex","Warcry"],"picked":"SKIP","floor":19},{"not_picked":["Infernal Blade","Armaments","Pommel Strike+1"],"picked":"SKIP","floor":21},{"not_picked":["Rampage","Reckless Charge"],"picked":"Heavy Blade+1","floor":22},{"not_picked":["Pommel Strike","Clash","Wild Strike"],"picked":"SKIP","floor":24},{"not_picked":["Anger","Intimidate"],"picked":"Demon Form","floor":25},{"not_picked":["Combust","Sword Boomerang+1"],"picked":"Armaments+1","floor":27},{"not_picked":["Havoc","Flex+1"],"picked":"Shrug It Off","floor":28},{"not_picked":["Warcry","Clothesline"],"picked":"Inflame","floor":30},{"not_picked":["Barricade","Brutality"],"picked":"Reaper+1","floor":33},{"not_picked":["Rage+1"],"picked":"SKIP","floor":35},{"not_picked":["Cleave+1"],"picked":"SKIP","floor":36},{"not_picked":["Iron Wave+1"],"picked":"SKIP","floor":37},{"not_picked":["Rampage+1"],"picked":"SKIP","floor":39},{"not_picked":["Blood for Blood+1"],"picked":"SKIP","floor":40},{"not_picked":["Cleave+1"],"picked":"SKIP","floor":41},{"not_picked":[],"picked":"Armaments+1","floor":42},{"not_picked":[],"picked":"Corruption+1","floor":44},{"not_picked":[],"picked":"Clothesline+1","floor":46},{"not_picked":["Dual Wield"],"picked":"SKIP","floor":48},{"not_picked":[],"picked":"Warcry+1","floor":52},{"not_picked":["Carnage+1"],"picked":"SKIP","floor":54}],"player_experience":382913,"relics_obtained":[{"floor":6,"key":"Lizard Tail"},{"floor":8,"key":"MealTicket"},{"floor":9,"key":"Whetstone"},{"floor":11,"key":"Toy Ornithopter"},{"floor":14,"key":"Kunai"},{"floor":24,"key":"Mummified Hand"},{"floor":26,"key":"Pear"},{"floor":30,"key":"Molten Egg 2"},{"floor":40,"key":"Dream Catcher"},{"floor":42,"key":"PreservedInsect"},{"floor":44,"key":"Gremlin Horn"},{"floor":54,"key":"War Paint"}],"event_choices":[{"damage_healed":0,"gold_gain":0,"player_choice":"Box","damage_taken":0,"relics_obtained":["Red Skull"],"max_hp_gain":0,"max_hp_loss":0,"event_name":"Big Fish","floor":2,"gold_loss":0,"cards_obtained":["Regret"]},{"cards_removed":["Regret"],"damage_healed":0,"gold_gain":0,"player_choice":"Card Removal","damage_taken":0,"max_hp_gain":0,"max_hp_loss":0,"event_name":"The Cleric","floor":3,"gold_loss":50},{"damage_healed":0,"gold_gain":0,"player_choice":"Got Potions","damage_taken":0,"max_hp_gain":0,"max_hp_loss":0,"event_name":"Lab","floor":5,"gold_loss":0},{"damage_healed":0,"gold_gain":0,"player_choice":"Bought 0 Potions","damage_taken":0,"max_hp_gain":0,"max_hp_loss":0,"event_name":"The Woman in Blue","floor":31,"gold_loss":0},{"damage_healed":0,"gold_gain":0,"player_choice":"Upgrade","damage_taken":0,"relics_obtained":["Mark of the Bloom"],"max_hp_gain":0,"max_hp_loss":0,"event_name":"MindBloom","floor":47,"gold_loss":0,"cards_upgraded":["Strike_R","Strike_R","Strike_R","Strike_R","Defend_R","Defend_R","Defend_R","Defend_R","Shockwave","Anger","Pummel","Flame Barrier","Battle Trance","Offering","Reaper","Disarm","Demon Form","Shrug It Off","Inflame","Mayhem","Inflame"]}],"is_beta":true,"boss_relics":[{"not_picked":["Astrolabe","Velvet Choker"],"picked":"SlaversCollar"},{"not_picked":["Runic Pyramid","SacredBark"],"picked":"Busted Crown"}],"items_purged_floors":[20],"is_endless":false,"potions_floor_spawned":[1,7,8,10,18,22,25,28,30,35,37,41,42,54],"killed_by":"The Heart","ascension_level":7}