{"gold_per_floor":[12,30,30,44,63,63,97,110,110,110,110,126,144,168,168,168],"floor_reached":16,"playtime":489,"items_purged":[],"score":207,"play_id":"39b303ad-acfe-4eca-983d-97ba995b9ca3","local_time":"20190822171133","is_ascension_mode":true,"campfire_choices":[{"data":"Skewer","floor":6,"key":"SMITH"},{"floor":11,"key":"REST"},{"floor":15,"key":"REST"}],"neow_cost":"NO_GOLD","seed_source_timestamp":735021983041100,"circlet_count":0,"master_deck":["AscendersBane","Strike_G","Strike_G","Strike_G","Strike_G","Defend_G","Defend_G","Defend_G","Defend_G","Defend_G","Survivor","Neutralize","Skewer+1","Endless Agony","Injury","Backstab","Flying Knee","Flechettes","Setup","Dagger Spray","PiercingWail","Wraith Form v2"],"relics":["Ring of the Snake","Golden Idol","Bag of Preparation","Singing Bowl"],"potions_floor_usage":[5,8,16,16],"damage_taken":[{"damage":1,"enemies":"Small Slimes","floor":1,"turns":4},{"damage":2,"enemies":"Jaw Worm","floor":2,"turns":4},{"damage":2,"enemies":"2 Louse","floor":4,"turns":3},{"damage":5,"enemies":"Lots of Slimes","floor":5,"turns":4},{"damage":30,"enemies":"Gremlin Nob","floor":7,"turns":4},{"damage":0,"enemies":"Gremlin Gang","floor":8,"turns":4},{"damage":9,"enemies":"Blue Slaver","floor":12,"turns":2},{"damage":0,"enemies":"Looter","floor":13,"turns":2},{"damage":0,"enemies":"Exordium Wildlife","floor":14,"turns":2},{"damage":72,"enemies":"Slime Boss","floor":16,"turns":9}],"seed_played":"-7239774731936687745","potions_obtained":[{"floor":4,"key":"Block Potion"},{"floor":7,"key":"FearPotion"},{"floor":8,"key":"LiquidBronze"},{"floor":14,"key":"Energy Potion"}],"is_trial":false,"path_per_floor":["M","M","?","M","M","R","E","M","T","?","R","M","M","M","R","B"],"character_chosen":"THE_SILENT","items_purchased":[],"campfire_rested":2,"item_purchase_floors":[],"current_hp_per_floor":[70,68,68,66,61,61,31,31,31,24,47,38,38,38,61,0],"gold":168,"neow_bonus":"TWENTY_PERCENT_HP_BONUS","is_prod":false,"is_daily":false,"chose_seed":false,"campfire_upgraded":1,"win_rate":0,"timestamp":1566486693,"path_taken":["M","M","?","M","M","R","E","M","T","?","R","M","?","M","R","BOSS"],"build_version":"2019-07-17","purchased_purges":0,"victory":false,"max_hp_per_floor":[78,78,78,78,78,78,78,78,78,78,78,78,78,78,78,78],"card_choices":[{"not_picked":["Deadly Poison","Choke"],"picked":"Skewer","floor":1},{"not_picked":["Finisher","Crippling Poison"],"picked":"Endless Agony","floor":2},{"not_picked":["Acrobatics","Blade Dance"],"picked":"Backstab","floor":4},{"not_picked":["Outmaneuver","Quick Slash"],"picked":"Flying Knee","floor":5},{"not_picked":["Cloak And Dagger","Reflex"],"picked":"Flechettes","floor":7},{"not_picked":["Quick Slash","Skewer"],"picked":"Setup","floor":8},{"not_picked":["Backstab","Bane"],"picked":"Dagger Spray","floor":12},{"not_picked":["Underhanded Strike","Slice"],"picked":"PiercingWail","floor":13},{"not_picked":["Eviscerate","Concentrate"],"picked":"Wraith Form v2","floor":14}],"player_experience":1947983,"relics_obtained":[{"floor":7,"key":"Bag of Preparation"},{"floor":9,"key":"Singing Bowl"}],"event_choices":[{"damage_healed":0,"gold_gain":0,"player_choice":"Take Wound","damage_taken":0,"relics_obtained":["Golden Idol"],"max_hp_gain":0,"max_hp_loss":0,"event_name":"Golden Idol","floor":3,"gold_loss":0,"cards_obtained":["Injury"]},{"cards_removed":["Strike_G"],"damage_healed":0,"gold_gain":0,"player_choice":"Card Removal","damage_taken":7,"max_hp_gain":0,"max_hp_loss":0,"event_name":"Golden Wing","floor":10,"gold_loss":0}],"is_beta":false,"boss_relics":[],"items_purged_floors":[],"is_endless":false,"potions_floor_spawned":[4,7,8,14],"killed_by":"Slime Boss","ascension_level":19}