{"gold_per_floor":[117,135,135,152,163,196,196,213,213,213],"floor_reached":10,"playtime":363,"items_purged":[],"score":140,"play_id":"ead2a55a-9d36-47d5-9b39-b0dd4f69992d","local_time":"20190604223136","is_ascension_mode":true,"campfire_choices":[{"floor":7,"key":"REST"}],"neow_cost":"CURSE","seed_source_timestamp":13685040270256,"circlet_count":0,"master_deck":["AscendersBane","Strike_B","Strike_B","Strike_B","Strike_B","Defend_B","Defend_B","Defend_B","Defend_B","Zap","Dualcast","Injury","Sunder","Sweeping Beam","Biased Cognition","Sweeping Beam","Go for the Eyes","Buffer","Static Discharge"],"special_seed":0,"relics":["Cracked Core","Turnip","Blood Vial","Art of War"],"potions_floor_usage":[6,10],"damage_taken":[{"damage":6.0,"enemies":"Small Slimes","floor":1.0,"turns":4.0},{"damage":1.0,"enemies":"Cultist","floor":2.0,"turns":4.0},{"damage":4.0,"enemies":"2 Louse","floor":4.0,"turns":2.0},{"damage":14.0,"enemies":"Exordium Thugs","floor":5.0,"turns":3.0},{"damage":32,"enemies":"3 Sentries","floor":6,"turns":6},{"damage":2,"enemies":"3 Louse","floor":8,"turns":2},{"damage":40,"enemies":"Gremlin Nob","floor":10,"turns":4}],"seed_played":"-7933862822011719926","potions_obtained":[{"floor":4.0,"key":"Dexterity Potion"},{"floor":5.0,"key":"FearPotion"},{"floor":6,"key":"Swift Potion"}],"is_trial":false,"path_per_floor":["M","M","?","M","M","E","R","M","T","E"],"character_chosen":"DEFECT","items_purchased":[],"campfire_rested":1,"item_purchase_floors":[],"current_hp_per_floor":[58,57,57,53,39,7,28,28,28,0],"gold":213,"neow_bonus":"ONE_RARE_RELIC","is_prod":false,"is_daily":false,"chose_seed":false,"campfire_upgraded":0,"win_rate":0,"timestamp":1559680296,"path_taken":["M","M","?","M","M","E","R","?","T","E"],"build_version":"2019-01-23","purchased_purges":0,"victory":false,"max_hp_per_floor":[71,71,71,71,71,71,71,71,71,71],"card_choices":[{"not_picked":["Conserve Battery","Turbo"],"picked":"Sunder","floor":1.0},{"not_picked":["Genetic Algorithm","Redo"],"picked":"Sweeping Beam","floor":2.0},{"not_picked":["Steam","Compile Driver","Heatsinks"],"picked":"SKIP","floor":4.0},{"not_picked":["Conserve Battery","Glacier"],"picked":"Go for the Eyes","floor":5.0},{"not_picked":["Turbo","Melter"],"picked":"Buffer","floor":6},{"not_picked":["Redo","Hologram"],"picked":"Static Discharge","floor":8}],"player_experience":823548,"relics_obtained":[{"floor":6,"key":"Blood Vial"},{"floor":9,"key":"Art of War"}],"event_choices":[{"damage_healed":0.0,"max_hp_gain":0.0,"max_hp_loss":0.0,"gold_gain":0.0,"event_name":"Match and Keep!","player_choice":"2 cards matched","floor":3.0,"gold_loss":0.0,"damage_taken":0.0,"cards_obtained":["Biased Cognition","Sweeping Beam"]},{"damage_healed":0.0,"max_hp_gain":0.0,"max_hp_loss":0.0,"gold_gain":0.0,"event_name":"Match and Keep!","player_choice":"2 cards matched","floor":3.0,"gold_loss":0.0,"damage_taken":0.0,"cards_obtained":["Biased Cognition","Sweeping Beam"]}],"is_beta":false,"boss_relics":[],"items_purged_floors":[],"is_endless":false,"potions_floor_spawned":[4,5,6],"killed_by":"Gremlin Nob","ascension_level":20}