{"gold_per_floor":[116,131,131,141,161,161,171,198,198,38,38,38,64,80,80,154,154,167,167,178,193,10,10],"floor_reached":23,"playtime":759,"items_purged":["Strike_R","Writhe"],"score":386,"play_id":"054591c8-4fd7-41d0-b4db-f65f0e0f4414","local_time":"20190814195350","is_ascension_mode":true,"campfire_choices":[{"data":"Dual Wield","floor":6,"key":"SMITH"},{"floor":11,"key":"REST"},{"floor":15,"key":"REST"}],"neow_cost":"NONE","seed_source_timestamp":53268409279600,"circlet_count":0,"master_deck":["AscendersBane","Strike_R","Defend_R","Defend_R","Defend_R","Defend_R","Bash","Deep Breath","Pommel Strike","Uppercut+1","Clash","Dual Wield+1","Pummel","Double Tap","Metallicize","Dropkick","Bludgeon","Fiend Fire+1","Whirlwind+1","Second Wind+1","Flame Barrier","Shrug It Off","Headbutt","Corruption"],"relics":["Burning Blood","Happy Flower","Ice Cream","Charon\u0027s Ashes","Astrolabe","Blue Candle"],"potions_floor_usage":[8],"damage_taken":[{"damage":6,"enemies":"Cultist","floor":1,"turns":3},{"damage":6,"enemies":"2 Louse","floor":2,"turns":3},{"damage":14,"enemies":"Jaw Worm","floor":4,"turns":3},{"damage":13,"enemies":"Blue Slaver","floor":5,"turns":2},{"damage":10,"enemies":"Red Slaver","floor":7,"turns":3},{"damage":42,"enemies":"3 Sentries","floor":8,"turns":10},{"damage":32,"enemies":"Lagavulin","floor":13,"turns":6},{"damage":1,"enemies":"Large Slime","floor":14,"turns":4},{"damage":22,"enemies":"The Guardian","floor":16,"turns":11},{"damage":20,"enemies":"Shell Parasite","floor":18,"turns":3},{"damage":24,"enemies":"2 Thieves","floor":20,"turns":3},{"damage":25,"enemies":"Chosen and Byrds","floor":21,"turns":5},{"damage":19,"enemies":"Slavers","floor":23,"turns":2}],"seed_played":"-1276239774166186501","potions_obtained":[{"floor":2,"key":"BloodPotion"},{"floor":8,"key":"Ancient Potion"},{"floor":20,"key":"Ancient Potion"}],"is_trial":false,"path_per_floor":["M","M","?","M","M","R","M","E","T","$","R","$","E","M","R","B",null,"M","?","M","M","$","E"],"character_chosen":"IRONCLAD","items_purchased":["Metallicize","Corruption"],"campfire_rested":2,"item_purchase_floors":[10,22],"current_hp_per_floor":[68,68,68,60,53,53,49,31,31,31,53,53,27,32,54,38,66,52,52,34,15,15,0],"gold":10,"neow_bonus":"RANDOM_COLORLESS","is_prod":false,"is_daily":false,"chose_seed":false,"campfire_upgraded":1,"win_rate":0,"timestamp":1565805230,"path_taken":["M","?","?","M","M","R","M","E","T","$","R","?","E","M","R","BOSS","M","?","M","M","$","E"],"build_version":"2019-07-17","purchased_purges":2,"victory":false,"max_hp_per_floor":[75,75,75,75,75,75,75,75,75,75,75,75,75,75,75,75,75,75,75,75,75,75,75],"card_choices":[{"not_picked":["Hemokinesis","Perfected Strike"],"picked":"Pommel Strike","floor":1},{"not_picked":["Twin Strike","Burning Pact"],"picked":"Uppercut","floor":2},{"not_picked":["Havoc","Warcry"],"picked":"Clash","floor":4},{"not_picked":["Iron Wave","Havoc"],"picked":"Dual Wield","floor":5},{"not_picked":["Thunderclap","Dual Wield"],"picked":"Pummel","floor":7},{"not_picked":["Cleave","Seeing Red"],"picked":"Double Tap","floor":8},{"not_picked":["Twin Strike","Hemokinesis"],"picked":"Dropkick","floor":13},{"not_picked":["Uppercut","Rupture","Combust"],"picked":"SKIP","floor":14},{"not_picked":["Fiend Fire","Offering"],"picked":"Bludgeon","floor":16},{"not_picked":["Wild Strike","Carnage"],"picked":"Flame Barrier","floor":18},{"not_picked":["Evolve","Searing Blow+1"],"picked":"Shrug It Off","floor":20},{"not_picked":["Sword Boomerang","Heavy Blade+1"],"picked":"Headbutt","floor":21}],"player_experience":1892920,"relics_obtained":[{"floor":8,"key":"Happy Flower"},{"floor":9,"key":"Ice Cream"},{"floor":13,"key":"Charon\u0027s Ashes"}],"event_choices":[{"damage_healed":0,"gold_gain":0,"player_choice":"Upgraded","damage_taken":0,"max_hp_gain":0,"max_hp_loss":0,"event_name":"Upgrade Shrine","floor":3,"gold_loss":0,"cards_upgraded":["Uppercut"]},{"damage_healed":0,"gold_gain":0,"player_choice":"Opened","damage_taken":0,"relics_obtained":["Blue Candle"],"max_hp_gain":0,"max_hp_loss":0,"event_name":"The Mausoleum","floor":19,"gold_loss":0,"cards_obtained":["Writhe"]}],"is_beta":false,"boss_relics":[{"not_picked":["Empty Cage","Fusion Hammer"],"picked":"Astrolabe"}],"items_purged_floors":[10,22],"is_endless":false,"potions_floor_spawned":[2,8,20],"killed_by":"Slavers","ascension_level":18}