{"path_per_floor":["M","$","M","?","M","E","M","R","T","M","R","M","$","M","R","B",null,"M","?","?","?","$","R","E","R","T","M","T","R","$","$","R","B",null,"M","M","M","$","?","E","R","?","T","E","R","M","M","M","R"],"character_chosen":"IRONCLAD","items_purchased":["Oddly Smooth Stone","Happy Flower","Meat on the Bone","Armaments","Apotheosis","Feed","Shockwave","Singing Bowl"],"gold_per_floor":[368,69,89,189,208,237,255,255,280,291,291,305,10,22,22,127,127,144,144,414,414,133,133,163,163,163,181,181,181,2,2,2,100,100,114,130,149,149,149,174,174,174,246,279,279,296,309,321,321],"floor_reached":50,"campfire_rested":0,"playtime":4422,"current_hp_per_floor":[46,46,42,42,48,10,12,12,12,11,11,13,13,30,30,40,70,76,56,24,42,42,42,36,36,36,36,36,36,36,36,36,38,57,56,69,71,71,71,71,71,71,71,73,73,75,81,81,81],"items_purged":[],"gold":321,"play_id":"af94593d-bb33-49c3-9066-29a7b31405d2","is_prod":false,"is_daily":false,"is_ascension_mode":true,"campfire_upgraded":9,"path_taken":["M","$","M","?","M","E","M","R","T","?","R","?","?","M","R","BOSS","M","?","?","?","$","R","E","R","T","M","?","R","?","$","R","BOSS","M","M","M","$","?","E","R","?","T","E","R","M","M","?","R","BOSS"],"build_version":"2018-02-01-PROD3","purchased_purges":1,"victory":false,"master_deck":["Defend_R","Defend_R","Defend_R","Bash","Iron Wave","Iron Wave+1","Flame Barrier+1","Shrug It Off+1","Body Slam","Armaments+1","Shrug It Off","Demon Form+1","Bite+1","Bite","Bite+1","Bite","Bite","Apotheosis+1","Flame Barrier+1","Shockwave+1","Barricade+1","Metallicize","Body Slam+1","Entrench+1"],"max_hp_per_floor":[80,80,80,80,80,80,80,80,80,80,80,80,80,80,80,80,80,80,56,56,56,56,56,59,59,59,63,63,63,63,63,63,63,63,65,69,71,71,71,71,71,71,71,73,73,75,81,81,81],"relics":["Black Blood","Oddly Smooth Stone","Happy Flower","Unceasing Top","Art of War","Meat on the Bone","Sozu","Calipers","Bird Faced Urn","Peace Pipe","Singing Bowl","Whetstone","Ornamental Fan","Kunai"],"card_choices":[{"not_picked":["True Grit","Havoc"],"picked":"Iron Wave"},{"not_picked":["Clothesline","Anger"],"picked":"Iron Wave"},{"not_picked":["Battle Trance","Shrug It Off"],"picked":"Flame Barrier"},{"not_picked":["Wild Strike","Hemokinesis"],"picked":"Body Slam"},{"not_picked":["Twin Strike","Barricade"],"picked":"Shrug It Off"},{"not_picked":["Sword Boomerang","Disarm"],"picked":"Body Slam"},{"not_picked":["Rage","Power Through"],"picked":"Shrug It Off"},{"not_picked":["Limit Break","Bludgeon"],"picked":"Demon Form"},{"not_picked":["Twin Strike","Clash"],"picked":"Flame Barrier"},{"not_picked":["Impervious","Fiend Fire"],"picked":"Barricade"},{"not_picked":["Iron Wave","Intimidate"],"picked":"Metallicize"},{"not_picked":["Rampage","Anger"],"picked":"Body Slam"},{"not_picked":["Rupture","Reckless Charge"],"picked":"Entrench"}],"player_experience":167818,"potions_floor_usage":[16,16,16],"damage_taken":[{"damage":0,"enemies":"2 Louse","floor":1,"turns":2},{"damage":10,"enemies":"Blue Slaver","floor":3,"turns":4},{"damage":0,"enemies":"Small Slimes","floor":5,"turns":4},{"damage":44,"enemies":"Lagavulin","floor":6,"turns":8},{"damage":4,"enemies":"Red Slaver","floor":7,"turns":5},{"damage":7,"enemies":"Lots of Slimes","floor":10,"turns":4},{"damage":4,"enemies":"Exordium Thugs","floor":12,"turns":6},{"damage":1,"enemies":"3 Louse","floor":14,"turns":3},{"damage":8,"enemies":"Hexaghost","floor":16,"turns":10},{"damage":0,"enemies":"3 Byrds","floor":18,"turns":5},{"damage":26,"enemies":"Slavers","floor":24,"turns":8},{"damage":35,"enemies":"Chosen","floor":27,"turns":5},{"damage":37,"enemies":"Collector","floor":33,"turns":11},{"damage":27,"enemies":"3 Darklings","floor":35,"turns":6},{"damage":7,"enemies":"3 Shapes","floor":36,"turns":6},{"damage":11,"enemies":"3 Darklings","floor":37,"turns":5},{"damage":0,"enemies":"Nemesis","floor":40,"turns":7},{"damage":0,"enemies":"Giant Head","floor":44,"turns":7},{"damage":0,"enemies":"Maw","floor":46,"turns":7},{"damage":17,"enemies":"Sphere and 2 Shapes","floor":47,"turns":9},{"damage":4,"enemies":"3 Darklings","floor":48,"turns":5},{"damage":87,"enemies":"Awakened One","floor":50,"turns":4}],"event_choices":[{"event_name":"Golden Shrine","player_choice":"Pray","floor":4,"damage_taken":0},{"event_name":"Vampires","player_choice":"Became a vampire","floor":19,"damage_taken":0},{"event_name":"Knowing Skull","player_choice":"GOLD GOLD GOLD ","floor":20,"damage_taken":0},{"event_name":"The Library","player_choice":"Heal","floor":21,"damage_taken":0},{"event_name":"Wheel of Change","player_choice":"Card Removal","floor":39,"damage_taken":0}],"boss_relics":[{"not_picked":["White Beast Statue","Orrery"],"picked":"Sozu"},{"not_picked":["Tiny House","Runic Pyramid"],"picked":"Black Blood"}],"potions_floor_spawned":[1,6,14,24,27,40,47,48],"seed_played":"-7247130143930243185","killed_by":"Awakened One","ascension_level":5,"is_trial":false}