{"gold_per_floor":[118,136,136,48,62,62,96,96,120,154,304,304,0,31,31,31],"floor_reached":16,"playtime":421,"items_purged":[],"score":332,"play_id":"a0ca2013-684a-43c8-8a8d-eea75a8b0e44","local_time":"20190222112656","is_ascension_mode":true,"campfire_choices":[{"data":"Immolate","floor":6.0,"key":"SMITH"},{"floor":8.0,"key":"REST"},{"data":"Inflame","floor":15.0,"key":"SMITH"}],"neow_cost":"NONE","seed_source_timestamp":516201156124115,"circlet_count":0,"master_deck":["AscendersBane","Strike_R","Strike_R","Strike_R","Strike_R","Strike_R","Defend_R","Defend_R","Defend_R","Defend_R","Bash","Shrug It Off","Corruption+1","Immolate+1","Pommel Strike","Inflame+1","Rage+1","Havoc+1","True Grit+1"],"special_seed":0,"relics":["Burning Blood","NeowsBlessing","Potion Belt","Toxic Egg 2","Bottled Flame","Smiling Mask"],"potions_floor_usage":[16,16],"damage_taken":[{"damage":0.0,"enemies":"Small Slimes","floor":1.0,"turns":1.0},{"damage":0.0,"enemies":"Cultist","floor":2.0,"turns":1.0},{"damage":0.0,"enemies":"Jaw Worm","floor":5.0,"turns":1.0},{"damage":28.0,"enemies":"Gremlin Nob","floor":7.0,"turns":4.0},{"damage":24.0,"enemies":"Lagavulin","floor":10.0,"turns":5.0},{"damage":12.0,"enemies":"3 Sentries","floor":14.0,"turns":2.0}],"seed_played":"6971096533529714120","potions_obtained":[{"floor":5.0,"key":"Ancient Potion"},{"floor":7.0,"key":"PowerPotion"},{"floor":10.0,"key":"Weak Potion"},{"floor":14.0,"key":"Swift Potion"}],"is_trial":false,"path_per_floor":["M","M","?","$","M","R","E","R","T","E","?","?","$","E","R","B"],"character_chosen":"IRONCLAD","items_purchased":["Immolate","Bottled Flame","Havoc+1"],"campfire_rested":1,"item_purchase_floors":[4,13,13],"current_hp_per_floor":[74,75,75,75,75,75,53,75,75,57,57,57,57,51,51,0],"gold":31,"neow_bonus":"THREE_ENEMY_KILL","is_prod":false,"is_daily":false,"chose_seed":false,"campfire_upgraded":2,"win_rate":0,"timestamp":1550831216,"path_taken":["M","M","?","$","?","R","E","R","T","E","?","?","$","E","R","BOSS"],"build_version":"2019-01-23","purchased_purges":0,"victory":false,"max_hp_per_floor":[75,75,75,75,75,75,75,75,75,75,75,75,75,75,75,75],"card_choices":[{"not_picked":["Clash","Metallicize"],"picked":"Shrug It Off","floor":1.0},{"not_picked":["Hemokinesis","Twin Strike"],"picked":"Corruption","floor":2.0},{"not_picked":["Rupture","Dual Wield"],"picked":"Pommel Strike","floor":5.0},{"not_picked":["Clothesline","Reckless Charge"],"picked":"Inflame","floor":7.0},{"not_picked":["Juggernaut","Seeing Red"],"picked":"Rage","floor":10.0},{"not_picked":["Wild Strike","Pummel"],"picked":"True Grit+1","floor":14.0}],"player_experience":657307,"relics_obtained":[{"floor":7.0,"key":"Potion Belt"},{"floor":10.0,"key":"Toxic Egg 2"},{"floor":14.0,"key":"Smiling Mask"}],"event_choices":[{"damage_healed":0.0,"max_hp_gain":0.0,"max_hp_loss":0.0,"gold_gain":0.0,"event_name":"Upgrade Shrine","player_choice":"Upgraded","floor":3.0,"gold_loss":0.0,"damage_taken":0.0,"cards_upgraded":["Corruption"]},{"damage_healed":0.0,"max_hp_gain":0.0,"max_hp_loss":0.0,"gold_gain":150.0,"event_name":"Liars Game","player_choice":"AGREE","floor":11.0,"gold_loss":0.0,"damage_taken":0.0,"cards_obtained":["Doubt"]},{"cards_removed":["Doubt"],"damage_healed":0.0,"max_hp_gain":0.0,"max_hp_loss":0.0,"gold_gain":0.0,"event_name":"Fountain of Cleansing","player_choice":"Removed Curses","floor":12.0,"gold_loss":0.0,"damage_taken":0.0}],"is_beta":false,"boss_relics":[],"items_purged_floors":[],"is_endless":false,"potions_floor_spawned":[5,7,10,14],"killed_by":"The Guardian","ascension_level":20}