{"gold_per_floor":[118,118,134,144,157,157,189,189,189,189,207,207,260,260,260,364,364,384,384,287,287,287,287,297,325,351,351,351,351,365,376,376,473,473,483,758,758,776,776,776,810,830,855,870,870,870,897,897,897,897],"floor_reached":50,"playtime":3121,"items_purged":["Strike_B"],"score":847,"play_id":"08857884-47b4-426a-bcd4-7c71aedb4b3c","local_time":"20180825230816","is_ascension_mode":true,"campfire_choices":[{"floor":6,"key":"REST"},{"floor":8,"key":"REST"},{"data":"Reinforced Body","floor":12,"key":"SMITH"},{"floor":15,"key":"REST"},{"data":"Chill","floor":23,"key":"SMITH"},{"floor":27,"key":"REST"},{"data":"Go for the Eyes","floor":29,"key":"SMITH"},{"floor":32,"key":"REST"},{"data":"Doom and Gloom","floor":40,"key":"SMITH"},{"floor":45,"key":"REST"},{"floor":49,"key":"REST"}],"neow_cost":"","seed_source_timestamp":646422857209748,"circlet_count":0,"master_deck":["Strike_B+1","Strike_B","Defend_B","Defend_B","Defend_B","Zap","Dualcast","Sweeping Beam+1","BootSequence","Reinforced Body+1","Ball Lightning","Chill+1","BootSequence","Doom and Gloom+1","Seek","Necronomicurse","Coolheaded","Go for the Eyes+1","Hologram+1","Coolheaded","Creative AI+1","Decay","Clumsy","Decay","Regret","Defragment+1","Defragment+1","Buffer+1","Barrage+1","Writhe","Sunder+1"],"relics":["Cracked Core","Ornamental Fan","Letter Opener","Juzu Bracelet","Runic Pyramid","Necronomicon","Blue Candle","Frozen Egg 2","Regal Pillow","Calling Bell","Bag of Marbles","Mercury Hourglass","Unceasing Top","Pantograph","Oddly Smooth Stone","Art of War"],"potions_floor_usage":[16,16,33,41,50,50,50],"damage_taken":[{"damage":0,"enemies":"Small Slimes","floor":1,"turns":3},{"damage":1,"enemies":"Cultist","floor":3,"turns":4},{"damage":2,"enemies":"Jaw Worm","floor":4,"turns":2},{"damage":45,"enemies":"Gremlin Gang","floor":5,"turns":5},{"damage":25,"enemies":"3 Sentries","floor":7,"turns":6},{"damage":0,"enemies":"Exordium Wildlife","floor":11,"turns":4},{"damage":23,"enemies":"Hexaghost","floor":16,"turns":10},{"damage":1,"enemies":"Spheric Guardian","floor":18,"turns":3},{"damage":0,"enemies":"Shell Parasite","floor":24,"turns":4},{"damage":52,"enemies":"Book of Stabbing","floor":25,"turns":7},{"damage":18,"enemies":"Snake Plant","floor":30,"turns":4},{"damage":0,"enemies":"Shelled Parasite and Fungi","floor":31,"turns":5},{"damage":74,"enemies":"Automaton","floor":33,"turns":14},{"damage":3,"enemies":"3 Shapes","floor":35,"turns":5},{"damage":0,"enemies":"3 Darklings","floor":38,"turns":2},{"damage":46,"enemies":"2 Orb Walkers","floor":41,"turns":5},{"damage":3,"enemies":"Transient","floor":42,"turns":5},{"damage":0,"enemies":"4 Shapes","floor":44,"turns":2},{"damage":21,"enemies":"Nemesis","floor":47,"turns":10},{"damage":91,"enemies":"Time Eater","floor":50,"turns":11}],"seed_played":"4566757488891016246","potions_obtained":[{"floor":4,"key":"EssenceOfSteel"},{"floor":11,"key":"Block Potion"},{"floor":18,"key":"Dexterity Potion"},{"floor":30,"key":"GamblersBrew"},{"floor":33,"key":"SkillPotion"},{"floor":38,"key":"Fire Potion"},{"floor":41,"key":"SteroidPotion"},{"floor":44,"key":"Dexterity Potion"}],"is_trial":false,"path_per_floor":["M","?","M","M","M","R","E","R","T","?","M","R","T","?","R","B",null,"M","?","$","?","?","R","M","E","T","R","?","R","M","M","R","B",null,"M","?","?","M","?","R","E","M","T","M","R","?","E","?","R"],"character_chosen":"DEFECT","items_purchased":["Coolheaded"],"campfire_rested":7,"item_purchase_floors":[20],"current_hp_per_floor":[68,75,74,72,27,49,24,46,46,46,46,46,46,31,53,30,64,63,47,47,47,72,72,72,20,20,57,57,57,39,39,75,1,57,54,54,54,54,54,54,8,5,5,5,42,61,40,40,75,0],"gold":897,"neow_bonus":"","is_prod":false,"is_daily":false,"chose_seed":false,"campfire_upgraded":4,"win_rate":0,"timestamp":1535234896,"path_taken":["M","?","M","?","M","R","E","R","T","?","?","R","?","?","R","BOSS","M","?","$","?","?","R","M","E","T","R","?","R","M","M","R","BOSS","M","?","?","M","?","R","E","M","T","M","R","?","E","?","R","BOSS"],"build_version":"2018-08-23v2","purchased_purges":1,"victory":false,"max_hp_per_floor":[75,75,75,75,75,75,75,75,75,75,75,75,75,75,75,75,75,75,75,75,75,75,75,75,75,75,75,75,75,75,75,75,75,75,75,75,75,75,75,75,75,75,75,75,75,75,75,75,75,75],"card_choices":[{"not_picked":["Static Discharge","Conserve Battery"],"picked":"Sweeping Beam","floor":1},{"not_picked":["Beam Cell","Rebound"],"picked":"BootSequence","floor":3},{"not_picked":["Chaos","Sweeping Beam"],"picked":"Reinforced Body","floor":4},{"not_picked":["Gash","Aggregate"],"picked":"Ball Lightning","floor":5},{"not_picked":["Electrodynamics","Streamline"],"picked":"Chill","floor":7},{"not_picked":["Steam","Streamline"],"picked":"Doom and Gloom","floor":11},{"not_picked":["Hyperbeam","Meteor Strike"],"picked":"Seek","floor":16},{"not_picked":["Leap","Auto Shields","Chill+1"],"picked":"SKIP","floor":18},{"not_picked":["Sweeping Beam","Leap"],"picked":"Go for the Eyes","floor":24},{"not_picked":["Compile Driver","Heatsinks","Auto Shields+1"],"picked":"SKIP","floor":25},{"not_picked":["Turbo","Streamline"],"picked":"Hologram+1","floor":30},{"not_picked":["Fusion","Steam"],"picked":"Coolheaded","floor":31},{"not_picked":["Biased Cognition+1","Buffer+1"],"picked":"Creative AI+1","floor":33},{"not_picked":["Streamline+1","Compile Driver+1","Ball Lightning+1"],"picked":"SKIP","floor":35},{"not_picked":["Stack","Redo"],"picked":"Defragment+1","floor":38},{"not_picked":["Recycle+1","Sweeping Beam"],"picked":"Buffer+1","floor":41},{"not_picked":["Rebound+1","Steam"],"picked":"Barrage+1","floor":42},{"not_picked":["Steam","Genetic Algorithm","Cold Snap+1"],"picked":"SKIP","floor":44},{"not_picked":["Go for the Eyes","Redo"],"picked":"Sunder+1","floor":47}],"player_experience":605057,"relics_obtained":[{"floor":7,"key":"Ornamental Fan"},{"floor":9,"key":"Letter Opener"},{"floor":13,"key":"Juzu Bracelet"},{"floor":19,"key":"Necronomicon"},{"floor":25,"key":"Frozen Egg 2"},{"floor":26,"key":"Regal Pillow"},{"floor":34,"key":"Bag of Marbles"},{"floor":34,"key":"Mercury Hourglass"},{"floor":34,"key":"Unceasing Top"},{"floor":41,"key":"Pantograph"},{"floor":43,"key":"Oddly Smooth Stone"},{"floor":47,"key":"Art of War"}],"event_choices":[{"event_name":"Wheel of Change","player_choice":"Full Heal","floor":2,"damage_taken":0},{"event_name":"Transmorgrifier","player_choice":"Transform","floor":10,"damage_taken":0},{"event_name":"Shining Light","player_choice":"Entered Light","floor":14,"damage_taken":0},{"event_name":"Cursed Tome","player_choice":"Obtained Book","floor":19,"damage_taken":0},{"event_name":"The Mausoleum","player_choice":"Yes","floor":21,"damage_taken":0},{"event_name":"The Library","player_choice":"Heal","floor":22,"damage_taken":0},{"event_name":"Wheel of Change","player_choice":"Card Removal","floor":28,"damage_taken":0},{"event_name":"Golden Shrine","player_choice":"Desecrate","floor":36,"damage_taken":0},{"event_name":"Mysterious Sphere","player_choice":"Ignore","floor":37,"damage_taken":0},{"event_name":"Duplicator","player_choice":"One dupe","floor":39,"damage_taken":0},{"event_name":"Winding Halls","player_choice":"Writhe","floor":46,"damage_taken":0},{"event_name":"SensoryStone","player_choice":"Memory 1","floor":48,"damage_taken":0}],"is_beta":false,"boss_relics":[{"not_picked":["Eternal Feather","Snecko Eye"],"picked":"Runic Pyramid"},{"not_picked":["Lizard Tail","Empty Cage"],"picked":"Calling Bell"}],"items_purged_floors":[20],"is_endless":false,"potions_floor_spawned":[4,11,18,30,33,38,41,44],"killed_by":"Time Eater","ascension_level":8}