{"gold_per_floor":[116,116,130,130,130,130,187,237,262,288,301,331,48,59,59,59],"floor_reached":16,"playtime":684,"items_purged":["Strike_R"],"score":272,"play_id":"cc42e0c3-9453-4f58-b035-5ece6d21ca96","local_time":"20190813045222","is_ascension_mode":true,"campfire_choices":[{"data":"Demon Form","floor":6,"key":"SMITH"},{"data":"Armaments","floor":15,"key":"SMITH"}],"neow_cost":"NONE","seed_source_timestamp":906826366346700,"circlet_count":0,"master_deck":["AscendersBane","Strike_R","Strike_R","Strike_R","Strike_R","Defend_R","Defend_R","Defend_R","Defend_R","Bash","Iron Wave","Demon Form+1","Inflame","Shrug It Off","Armaments+1","Thunderclap","Rampage","Magnetism","Body Slam"],"relics":["Burning Blood","NeowsBlessing","Tiny Chest","Bag of Preparation","Ancient Tea Set","Strawberry"],"potions_floor_usage":[10,12,12,14],"damage_taken":[{"damage":0,"enemies":"Small Slimes","floor":1,"turns":1},{"damage":0,"enemies":"Cultist","floor":3,"turns":1},{"damage":0,"enemies":"Lagavulin","floor":7,"turns":2},{"damage":32,"enemies":"Gremlin Nob","floor":10,"turns":4},{"damage":1,"enemies":"2 Louse","floor":11,"turns":4},{"damage":37,"enemies":"3 Sentries","floor":12,"turns":9},{"damage":19,"enemies":"Exordium Thugs","floor":14,"turns":8},{"damage":13,"enemies":"Hexaghost","floor":16,"turns":7}],"seed_played":"2376471510624955296","potions_obtained":[{"floor":3,"key":"Poison Potion"},{"floor":7,"key":"PowerPotion"},{"floor":10,"key":"Dexterity Potion"},{"floor":12,"key":"SpeedPotion"}],"is_trial":false,"path_per_floor":["M","?","M","$","$","R","E","?","T","E","M","E","$","M","R","B"],"character_chosen":"IRONCLAD","items_purchased":["Magnetism"],"campfire_rested":0,"item_purchase_floors":[13],"current_hp_per_floor":[74,74,75,75,75,75,75,68,68,42,47,23,23,10,10,0],"gold":59,"neow_bonus":"THREE_ENEMY_KILL","is_prod":false,"is_daily":false,"chose_seed":false,"campfire_upgraded":2,"win_rate":0,"timestamp":1565664742,"path_taken":["M","?","?","?","$","R","E","?","T","E","M","E","$","M","R","BOSS"],"build_version":"2019-07-17","purchased_purges":1,"victory":false,"max_hp_per_floor":[75,75,75,75,75,75,75,75,75,75,75,82,82,82,82,82],"card_choices":[{"not_picked":["Perfected Strike","Power Through"],"picked":"Iron Wave","floor":1},{"not_picked":["Hemokinesis","Headbutt"],"picked":"Inflame","floor":3},{"not_picked":["Warcry","Intimidate"],"picked":"Shrug It Off","floor":7},{"not_picked":["Fire Breathing","Entrench"],"picked":"Armaments","floor":10},{"not_picked":["Sentinel","Flex"],"picked":"Thunderclap","floor":11},{"not_picked":["Heavy Blade","Flex"],"picked":"Rampage","floor":12},{"not_picked":["Burning Pact","Spot Weakness"],"picked":"Body Slam","floor":14}],"player_experience":1871956,"relics_obtained":[{"floor":7,"key":"Tiny Chest"},{"floor":9,"key":"Bag of Preparation"},{"floor":10,"key":"Ancient Tea Set"},{"floor":12,"key":"Strawberry"}],"event_choices":[{"damage_healed":0,"gold_gain":0,"player_choice":"1 cards matched","damage_taken":0,"max_hp_gain":0,"max_hp_loss":0,"event_name":"Match and Keep!","floor":2,"gold_loss":0,"cards_obtained":["Demon Form"]},{"damage_healed":0,"gold_gain":50,"player_choice":"Touch","damage_taken":7,"max_hp_gain":0,"max_hp_loss":0,"event_name":"FaceTrader","floor":8,"gold_loss":0}],"is_beta":false,"boss_relics":[],"items_purged_floors":[13],"is_endless":false,"potions_floor_spawned":[3,7,10,12],"killed_by":"Hexaghost","ascension_level":18}