{"gold_per_floor":[109,120,120,70,70,101,101,118,118,118,138,167,187,187,187,288,288,308,233,233,248,264,264,264,264,264,282,88,123,123,140,140,140],"floor_reached":33,"playtime":1599,"items_purged":["Strike_R","Writhe"],"score":300,"play_id":"ffa3637c-a463-4883-9b60-501f49e0caae","local_time":"20190708001057","is_ascension_mode":false,"campfire_choices":[{"data":"Bludgeon","floor":7,"key":"SMITH"},{"data":"True Grit","floor":10,"key":"SMITH"},{"data":"Battle Trance","floor":15,"key":"SMITH"},{"data":"Exhume","floor":23,"key":"SMITH"},{"data":"Shrug It Off","floor":25,"key":"SMITH"},{"data":"Dark Shackles","floor":32,"key":"SMITH"}],"neow_cost":"NONE","seed_source_timestamp":959539814257416,"circlet_count":0,"master_deck":["Strike_R","Strike_R","Defend_R","Defend_R","Defend_R","Defend_R","Bash","True Grit+1","Battle Trance+1","Bludgeon+1","Shrug It Off+1","Exhume+1","Reaper","Dark Shackles+1","Sentinel"],"relics":["Burning Blood","NeowsBlessing","Pear","Letter Opener","Potion Belt","Cursed Key","PreservedInsect","Singing Bowl"],"potions_floor_usage":[12,21,29,29,33,33,33],"damage_taken":[{"damage":0,"enemies":"Cultist","floor":1,"turns":1},{"damage":0,"enemies":"2 Louse","floor":2,"turns":1},{"damage":0,"enemies":"Lagavulin","floor":6,"turns":1},{"damage":5,"enemies":"Small Slimes","floor":8,"turns":2},{"damage":12,"enemies":"Exordium Thugs","floor":11,"turns":4},{"damage":13,"enemies":"3 Sentries","floor":12,"turns":5},{"damage":9,"enemies":"2 Fungi Beasts","floor":13,"turns":3},{"damage":50,"enemies":"Slime Boss","floor":16,"turns":14},{"damage":9,"enemies":"Shell Parasite","floor":18,"turns":5},{"damage":0,"enemies":"Spheric Guardian","floor":21,"turns":1},{"damage":0,"enemies":"Centurion and Healer","floor":22,"turns":5},{"damage":28,"enemies":"Sentry and Sphere","floor":27,"turns":6},{"damage":62,"enemies":"Gremlin Leader","floor":29,"turns":9},{"damage":3,"enemies":"Cultist and Chosen","floor":31,"turns":6},{"damage":112,"enemies":"Automaton","floor":33,"turns":16}],"seed_played":"-4958411901197504008","potions_obtained":[{"floor":8,"key":"SpeedPotion"},{"floor":11,"key":"Fire Potion"},{"floor":12,"key":"BloodPotion"},{"floor":16,"key":"Fire Potion"},{"floor":20,"key":"Weak Potion"},{"floor":20,"key":"Block Potion"},{"floor":20,"key":"SmokeBomb"},{"floor":21,"key":"SteroidPotion"},{"floor":29,"key":"Fire Potion"}],"is_trial":false,"path_per_floor":["M","M","?","?","$","E","R","M","T","R","M","E","M","?","R","B",null,"M","$","?","M","M","R","?","R","T","M","$","E","$","M","R","B"],"character_chosen":"IRONCLAD","items_purchased":["Dark Shackles"],"campfire_rested":0,"item_purchase_floors":[28],"current_hp_per_floor":[80,80,80,80,80,90,90,90,90,90,84,77,74,67,67,23,90,87,87,87,90,90,90,90,90,90,68,68,50,50,65,65,0],"gold":140,"neow_bonus":"THREE_ENEMY_KILL","is_prod":false,"is_daily":false,"chose_seed":false,"campfire_upgraded":6,"win_rate":0,"timestamp":1562559057,"path_taken":["M","?","?","?","$","E","R","?","T","R","M","E","M","?","R","BOSS","M","$","?","M","?","R","?","R","T","M","$","E","$","M","R","BOSS"],"build_version":"2019-07-05","purchased_purges":2,"victory":false,"max_hp_per_floor":[80,80,80,80,80,90,90,90,90,90,90,90,90,90,90,90,90,90,90,90,90,90,90,90,90,90,90,90,92,92,92,92,92],"card_choices":[{"not_picked":["Armaments","Ghostly Armor"],"picked":"True Grit","floor":1},{"not_picked":["Seeing Red","Body Slam"],"picked":"Battle Trance","floor":2},{"not_picked":["Anger","Armaments"],"picked":"Bludgeon","floor":6},{"not_picked":["Body Slam","Seeing Red"],"picked":"Shrug It Off","floor":8},{"not_picked":["Havoc","Iron Wave","Body Slam"],"picked":"SKIP","floor":11},{"not_picked":["Shrug It Off","Combust"],"picked":"Exhume","floor":12},{"not_picked":["Burning Pact","Entrench","Body Slam"],"picked":"SKIP","floor":13},{"not_picked":["Dark Embrace","Bludgeon"],"picked":"Reaper","floor":16},{"not_picked":["Warcry","Body Slam","Anger"],"picked":"SKIP","floor":18},{"not_picked":["Searing Blow+1","Cleave","Rupture+1"],"picked":"SKIP","floor":21},{"not_picked":["Flex+1","Body Slam+1","Iron Wave"],"picked":"SKIP","floor":22},{"not_picked":["Flex+1","Body Slam+1","Iron Wave"],"picked":"SKIP","floor":22},{"not_picked":["Twin Strike","Power Through","Clash"],"picked":"SKIP","floor":27},{"not_picked":["True Grit","Dropkick","Thunderclap"],"picked":"Singing Bowl","floor":29},{"not_picked":["Blood for Blood","Shrug It Off+1"],"picked":"Sentinel","floor":31}],"player_experience":270699,"relics_obtained":[{"floor":6,"key":"Pear"},{"floor":9,"key":"Letter Opener"},{"floor":26,"key":"PreservedInsect"},{"floor":29,"key":"Singing Bowl"}],"event_choices":[{"cards_removed":["Strike_R"],"damage_healed":0,"gold_gain":0,"player_choice":"Forget","damage_taken":0,"max_hp_gain":0,"max_hp_loss":0,"event_name":"Living Wall","floor":3,"gold_loss":0},{"cards_removed":["Strike_R"],"damage_healed":0,"gold_gain":0,"player_choice":"Card Removal","damage_taken":0,"max_hp_gain":0,"max_hp_loss":0,"event_name":"The Cleric","floor":4,"gold_loss":50},{"damage_healed":0,"gold_gain":0,"player_choice":"Success","damage_taken":7,"relics_obtained":["Potion Belt"],"max_hp_gain":0,"max_hp_loss":0,"event_name":"Scrap Ooze","floor":14,"gold_loss":0},{"damage_healed":0,"gold_gain":0,"player_choice":"Got Potions","damage_taken":0,"max_hp_gain":0,"max_hp_loss":0,"event_name":"Lab","floor":20,"gold_loss":0},{"damage_healed":0,"gold_gain":0,"player_choice":"Ignored","damage_taken":0,"max_hp_gain":0,"max_hp_loss":0,"event_name":"Vampires","floor":24,"gold_loss":0}],"is_beta":false,"boss_relics":[{"not_picked":["Tiny House","Coffee Dripper"],"picked":"Cursed Key"}],"items_purged_floors":[19,28],"is_endless":false,"potions_floor_spawned":[8,11,12,16,21,22,29],"killed_by":"Automaton","ascension_level":0}