{"gold_per_floor":[117,133,133,148,159,159,174,199,199,199,215,165,165,10,10,111,111,126,126],"floor_reached":19,"playtime":905,"items_purged":[],"score":169,"play_id":"c0518435-10e1-4f2d-995b-56cc2e242dba","local_time":"20190617220303","is_ascension_mode":false,"campfire_choices":[{"data":"Thunderclap","floor":6,"key":"SMITH"},{"data":"Body Slam","floor":15,"key":"SMITH"}],"neow_cost":"TEN_PERCENT_HP_LOSS","seed_source_timestamp":453997914362628,"circlet_count":0,"master_deck":["Strike_R","Strike_R","Defend_R","Defend_R","Defend_R","Defend_R","Bash","Entrench","Shrug It Off","Thunderclap+1","Body Slam+1","Disarm","Offering"],"relics":["Burning Blood","Champion Belt","Singing Bowl","Strawberry","Meat on the Bone","Vajra","Snecko Eye"],"potions_floor_usage":[8,8,16],"damage_taken":[{"damage":1,"enemies":"Cultist","floor":1,"turns":3},{"damage":8,"enemies":"Small Slimes","floor":2,"turns":4},{"damage":3,"enemies":"Jaw Worm","floor":4,"turns":3},{"damage":30,"enemies":"Large Slime","floor":5,"turns":15},{"damage":16,"enemies":"Blue Slaver","floor":7,"turns":6},{"damage":14,"enemies":"3 Sentries","floor":8,"turns":9},{"damage":2,"enemies":"Looter","floor":11,"turns":3},{"damage":22,"enemies":"The Guardian","floor":16,"turns":16},{"damage":19,"enemies":"Chosen","floor":18,"turns":7},{"damage":0,"enemies":"2 Thieves","floor":19,"turns":1}],"seed_played":"-6343456783069068344","potions_obtained":[{"floor":1,"key":"SteroidPotion"},{"floor":4,"key":"Block Potion"},{"floor":11,"key":"PowerPotion"},{"floor":16,"key":"Energy Potion"},{"floor":18,"key":"AttackPotion"}],"is_trial":false,"path_per_floor":["M","M","T","M","M","R","M","E","T","?","M","?","?","$","R","B",null,"M","M"],"character_chosen":"IRONCLAD","items_purchased":["Vajra"],"campfire_rested":0,"item_purchase_floors":[14],"current_hp_per_floor":[72,70,70,74,50,50,42,41,41,41,57,57,50,50,50,46,83,72,72],"gold":126,"neow_bonus":"ONE_RARE_RELIC","is_prod":false,"is_daily":false,"chose_seed":false,"campfire_upgraded":2,"win_rate":0,"timestamp":1560823383,"path_taken":["M","M","?","M","M","R","M","E","T","?","?","?","?","?","R","BOSS","M","M"],"build_version":"2019-01-23","purchased_purges":0,"victory":false,"max_hp_per_floor":[72,72,72,74,74,74,76,83,83,83,83,83,83,83,83,83,83,85,85],"card_choices":[{"not_picked":["Flex","Second Wind"],"picked":"Entrench","floor":1},{"not_picked":["Thunderclap","Hemokinesis"],"picked":"Shrug It Off","floor":2},{"not_picked":["Combust","Hemokinesis","Clash"],"picked":"Singing Bowl","floor":4},{"not_picked":["Searing Blow","Dropkick"],"picked":"Thunderclap","floor":5},{"not_picked":["Power Through","Seeing Red","Carnage"],"picked":"Singing Bowl","floor":7},{"not_picked":["Thunderclap","Fire Breathing"],"picked":"Body Slam","floor":8},{"not_picked":["Twin Strike","Hemokinesis"],"picked":"Disarm","floor":11},{"not_picked":["Bludgeon","Limit Break"],"picked":"Offering","floor":16},{"not_picked":["Heavy Blade","Perfected Strike","Power Through"],"picked":"Singing Bowl","floor":18}],"player_experience":219915,"relics_obtained":[{"floor":3,"key":"Singing Bowl"},{"floor":8,"key":"Strawberry"},{"floor":9,"key":"Meat on the Bone"}],"event_choices":[{"cards_removed":["Strike_R"],"damage_healed":0,"gold_gain":0,"player_choice":"Offered Basic","damage_taken":0,"max_hp_gain":0,"max_hp_loss":0,"event_name":"Bonfire Elementals","floor":10,"gold_loss":0},{"cards_removed":["Strike_R"],"damage_healed":0,"gold_gain":0,"player_choice":"Card Removal","damage_taken":0,"max_hp_gain":0,"max_hp_loss":0,"event_name":"The Cleric","floor":12,"gold_loss":50},{"cards_removed":["Strike_R"],"damage_healed":0,"gold_gain":0,"player_choice":"Card Removal","damage_taken":7,"max_hp_gain":0,"max_hp_loss":0,"event_name":"Golden Wing","floor":13,"gold_loss":0}],"is_beta":false,"boss_relics":[{"not_picked":["Lizard Tail","Velvet Choker"],"picked":"Snecko Eye"}],"items_purged_floors":[],"is_endless":false,"potions_floor_spawned":[1,4,11,16,18],"killed_by":"2 Thieves","ascension_level":0}