{"gold_per_floor":[112,127,144,144,161,161,171,121,121,49,49,77,77,92,92,190,190,202,220,135,145,156,156,181,181,181,14,14,28,43,43,43,141,141,156,174,174,174,74,74,74,74,128,128,142,17,27,27,27,27],"floor_reached":50,"playtime":2850,"items_purged":["Strike_G","Decay","Defend_G"],"score":487,"play_id":"aa73fdb4-c612-424e-88ee-7b1c240a5c4f","local_time":"20190609015845","is_ascension_mode":false,"campfire_choices":[{"data":"Leg Sweep","floor":6,"key":"SMITH"},{"floor":15,"key":"REST"},{"floor":23,"key":"REST"},{"floor":25,"key":"REST"},{"floor":32,"key":"REST"},{"floor":40,"key":"REST"},{"data":"Apotheosis","floor":42,"key":"SMITH"},{"floor":49,"key":"RECALL"}],"neow_cost":"PERCENT_DAMAGE","seed_source_timestamp":1325258914442184,"circlet_count":0,"master_deck":["Defend_G","Defend_G","Defend_G","Survivor","Neutralize","Deadly Poison","Leg Sweep+1","Backflip","Backflip","Corpse Explosion","Noxious Fumes","Corpse Explosion","Distraction","Deadly Poison+1","Venomology","Purity","Escape Plan+1","Burst","Apotheosis+1","Bouncing Flask","Poisoned Stab"],"relics":["Ring of the Snake","Ninja Scroll","Pear","Philosopher\u0027s Stone","Question Card","Bag of Preparation","Dead Branch","Runic Dome","Bottled Lightning"],"potions_floor_usage":[19,21,21,21,22,22,24,29,30,33,33,35,35,35,45,45,47,50],"damage_taken":[{"damage":0,"enemies":"Cultist","floor":1,"turns":5},{"damage":0,"enemies":"Jaw Worm","floor":2,"turns":4},{"damage":0,"enemies":"2 Louse","floor":3,"turns":3},{"damage":5,"enemies":"Exordium Wildlife","floor":5,"turns":8},{"damage":4,"enemies":"Large Slime","floor":7,"turns":12},{"damage":14,"enemies":"Lagavulin","floor":12,"turns":6},{"damage":9,"enemies":"2 Fungi Beasts","floor":14,"turns":2},{"damage":26,"enemies":"The Guardian","floor":16,"turns":10},{"damage":18,"enemies":"2 Thieves","floor":18,"turns":3},{"damage":3,"enemies":"Spheric Guardian","floor":19,"turns":4},{"damage":8,"enemies":"Shelled Parasite and Fungi","floor":21,"turns":7},{"damage":17,"enemies":"Centurion and Healer","floor":22,"turns":5},{"damage":36,"enemies":"Book of Stabbing","floor":24,"turns":7},{"damage":0,"enemies":"Sentry and Sphere","floor":29,"turns":2},{"damage":6,"enemies":"Snake Plant","floor":30,"turns":3},{"damage":30,"enemies":"Champ","floor":33,"turns":15},{"damage":19,"enemies":"Orb Walker","floor":35,"turns":5},{"damage":13,"enemies":"3 Shapes","floor":36,"turns":1},{"damage":0,"enemies":"Sphere and 2 Shapes","floor":45,"turns":3},{"damage":18,"enemies":"Transient","floor":47,"turns":5},{"damage":84,"enemies":"Time Eater","floor":50,"turns":7}],"seed_played":"40408550811503462","potions_obtained":[{"floor":12,"key":"SpeedPotion"},{"floor":14,"key":"Swift Potion"},{"floor":18,"key":"Dexterity Potion"},{"floor":21,"key":"AttackPotion"},{"floor":29,"key":"AttackPotion"},{"floor":33,"key":"SkillPotion"},{"floor":36,"key":"AttackPotion"},{"floor":47,"key":"Block Potion"}],"is_trial":false,"path_per_floor":["M","M","M","?","M","R","M","?","T","$","$","E","?","M","R","B",null,"M","M","?","M","M","R","E","R","T","$","?","M","M","$","R","B",null,"M","M","?","?","$","R","?","R","T","?","M","$","M","T","R","B"],"character_chosen":"THE_SILENT","items_purchased":["Noxious Fumes","Purity"],"campfire_rested":5,"item_purchase_floors":[10,27],"current_hp_per_floor":[49,49,49,49,44,44,40,40,40,40,40,36,62,53,77,51,80,62,59,59,51,34,58,22,46,46,46,46,46,40,40,64,34,80,61,48,48,48,48,72,72,72,72,72,72,72,68,68,68,0],"gold":27,"neow_bonus":"REMOVE_TWO","is_prod":false,"is_daily":false,"chose_seed":false,"campfire_upgraded":2,"win_rate":0,"timestamp":1560059925,"path_taken":["M","M","?","?","M","R","?","?","T","?","$","E","?","M","R","BOSS","M","M","?","M","M","R","E","R","T","$","?","M","M","$","R","BOSS","M","M","?","?","$","R","?","R","T","?","M","$","?","?","R","BOSS"],"build_version":"2019-01-23","purchased_purges":3,"victory":false,"max_hp_per_floor":[70,70,70,70,70,70,70,70,70,70,70,80,80,80,80,80,80,80,80,80,80,80,80,80,80,80,80,80,80,80,80,80,80,80,80,80,80,80,80,80,80,80,80,80,80,80,80,80,80,80],"card_choices":[{"not_picked":["PiercingWail","Dagger Spray"],"picked":"Deadly Poison","floor":1},{"not_picked":["Infinite Blades","Underhanded Strike"],"picked":"Leg Sweep","floor":2},{"not_picked":["Quick Slash","Deflect"],"picked":"Backflip","floor":3},{"not_picked":["Cloak And Dagger","Quick Slash"],"picked":"Backflip","floor":5},{"not_picked":["Dash","Finisher"],"picked":"Corpse Explosion","floor":7},{"not_picked":["Prepared","Quick Slash","Tactician"],"picked":"SKIP","floor":12},{"not_picked":["Quick Slash","Underhanded Strike","PiercingWail"],"picked":"SKIP","floor":14},{"not_picked":["Glass Knife","Malaise"],"picked":"Corpse Explosion","floor":16},{"not_picked":["Dodge and Roll","Underhanded Strike"],"picked":"Distraction","floor":18},{"not_picked":["Setup","Prepared"],"picked":"Venomology","floor":19},{"not_picked":["Slice","Predator+1","Heel Hook+1","Flying Knee+1"],"picked":"SKIP","floor":21},{"not_picked":["Acrobatics","Flying Knee","Accuracy"],"picked":"Deadly Poison+1","floor":22},{"not_picked":["Prepared","Tactician","Sucker Punch"],"picked":"Venomology","floor":24},{"not_picked":["Underhanded Strike","Backflip","Quick Slash"],"picked":"Escape Plan+1","floor":29},{"not_picked":["Dagger Throw","Endless Agony","Heel Hook","Finisher"],"picked":"SKIP","floor":30},{"not_picked":["Tools of the Trade","Die Die Die","Storm of Steel"],"picked":"Burst","floor":33},{"not_picked":["Heel Hook+1","Blade Dance+1","Prepared","Masterful Stab+1"],"picked":"SKIP","floor":35},{"not_picked":["Finisher+1","Dagger Throw","Blur","Accuracy+1"],"picked":"SKIP","floor":36},{"not_picked":["Transmutation","Dark Shackles","Bandage Up"],"picked":"Apotheosis","floor":41},{"not_picked":["Infinite Blades","Calculated Gamble","Dagger Throw+1"],"picked":"Bouncing Flask","floor":45},{"not_picked":["Deflect","Dodge and Roll","PiercingWail+1"],"picked":"Poisoned Stab","floor":47}],"player_experience":181513,"relics_obtained":[{"floor":9,"key":"Ninja Scroll"},{"floor":12,"key":"Pear"},{"floor":24,"key":"Bag of Preparation"},{"floor":26,"key":"Dead Branch"},{"floor":48,"key":"Bottled Lightning"}],"event_choices":[{"damage_healed":0,"gold_gain":0,"player_choice":"Cursed","damage_taken":0,"max_hp_gain":0,"max_hp_loss":0,"event_name":"Wheel of Change","floor":4,"gold_loss":0,"cards_obtained":["Decay"]},{"cards_removed":["Strike_G"],"damage_healed":0,"gold_gain":0,"player_choice":"Card Removal","damage_taken":0,"max_hp_gain":0,"max_hp_loss":0,"event_name":"The Cleric","floor":8,"gold_loss":50},{"damage_healed":26,"gold_gain":0,"player_choice":"Banana","damage_taken":0,"max_hp_gain":0,"max_hp_loss":0,"event_name":"Big Fish","floor":13,"gold_loss":0},{"damage_healed":0,"gold_gain":0,"player_choice":"Obtained Relic","damage_taken":0,"relics_obtained":["Question Card"],"max_hp_gain":0,"max_hp_loss":0,"event_name":"Addict","floor":20,"gold_loss":85},{"cards_removed":["Strike_G"],"damage_healed":0,"gold_gain":0,"player_choice":"Elegance","damage_taken":0,"max_hp_gain":0,"max_hp_loss":0,"event_name":"Back to Basics","floor":28,"gold_loss":0},{"damage_healed":0,"gold_gain":0,"player_choice":"Ignored","damage_taken":0,"max_hp_gain":0,"max_hp_loss":0,"event_name":"Tomb of Lord Red Mask","floor":37,"gold_loss":0},{"cards_removed":["Venomology"],"damage_healed":0,"gold_gain":0,"player_choice":"Removed Skill","damage_taken":0,"max_hp_gain":0,"max_hp_loss":0,"event_name":"Falling","floor":38,"gold_loss":0},{"damage_healed":0,"gold_gain":0,"player_choice":"Memory 1","damage_taken":0,"max_hp_gain":0,"max_hp_loss":0,"event_name":"SensoryStone","floor":41,"gold_loss":0},{"cards_removed":["Defend_G"],"damage_healed":0,"gold_gain":0,"player_choice":"Purged","damage_taken":0,"max_hp_gain":0,"max_hp_loss":0,"event_name":"Purifier","floor":44,"gold_loss":0}],"is_beta":false,"boss_relics":[{"not_picked":["Ectoplasm","Eternal Feather"],"picked":"Philosopher\u0027s Stone"},{"not_picked":["White Beast Statue","Ring of the Serpent"],"picked":"Runic Dome"}],"items_purged_floors":[27,39,46],"is_endless":false,"potions_floor_spawned":[12,14,18,21,29,33,36,47],"killed_by":"Time Eater","ascension_level":0}