{"gold_per_floor":[119,194,194,194,100,129,129,161,188,188,205,224,235,248,248,343,343,359,370,297,313,313,313,327,327,396,407,407,422,19,53,53,151,151,171,1170,1170,1182,208,208,223,239,239,39,39,87,100,119,119,119],"floor_reached":51,"playtime":2101,"items_purged":["Strike_R","Normality","Normality"],"score":784,"play_id":"6802d6c9-2950-4032-a946-5090f13169e8","local_time":"20191010234841","is_ascension_mode":false,"campfire_choices":[{"data":"Whirlwind","floor":7,"key":"SMITH"},{"data":"Bash","floor":15,"key":"SMITH"},{"data":"True Grit","floor":23,"key":"SMITH"},{"data":"Spot Weakness","floor":25,"key":"SMITH"},{"data":"True Grit","floor":32,"key":"SMITH"},{"data":"Fiend Fire","floor":40,"key":"SMITH"},{"data":"Heavy Blade","floor":49,"key":"SMITH"}],"neow_cost":"NONE","seed_source_timestamp":11876383172236,"circlet_count":0,"master_deck":["Strike_R","Strike_R","Defend_R","Defend_R","Defend_R","Defend_R","Bash+1","Whirlwind+1","Feel No Pain","Shrug It Off","Feel No Pain","True Grit+1","Disarm","Flame Barrier","Spot Weakness+1","Immolate","Shrug It Off+1","Disarm","Shrug It Off+1","Headbutt","Juggernaut","Whirlwind+1","Spot Weakness","True Grit+1","Fiend Fire+1","Havoc+1","Shrug It Off+1","Master of Strategy","Flame Barrier","Heavy Blade+1","Disarm+1","Shockwave","Reaper+1","Warcry+1"],"relics":["Burning Blood","NeowsBlessing","Toy Ornithopter","White Beast Statue","Bird Faced Urn","Red Skull","Coffee Dripper","InkBottle","Gambling Chip","Red Mask","Mark of Pain","Thread and Needle","Sling","Ancient Tea Set","Molten Egg 2","Magic Flower"],"potions_floor_usage":[19,27,46,50,50,50],"damage_taken":[{"damage":0,"enemies":"2 Louse","floor":1,"turns":1},{"damage":0,"enemies":"Lagavulin","floor":6,"turns":1},{"damage":0,"enemies":"Gremlin Nob","floor":8,"turns":1},{"damage":3,"enemies":"Jaw Worm","floor":11,"turns":3},{"damage":0,"enemies":"Small Slimes","floor":12,"turns":3},{"damage":0,"enemies":"Gremlin Gang","floor":13,"turns":1},{"damage":0,"enemies":"2 Fungi Beasts","floor":14,"turns":1},{"damage":52,"enemies":"Hexaghost","floor":16,"turns":8},{"damage":0,"enemies":"3 Byrds","floor":18,"turns":4},{"damage":0,"enemies":"2 Thieves","floor":19,"turns":1},{"damage":0,"enemies":"Snake Plant","floor":21,"turns":5},{"damage":6,"enemies":"Cultist and Chosen","floor":24,"turns":7},{"damage":0,"enemies":"Sentry and Sphere","floor":27,"turns":3},{"damage":1,"enemies":"Chosen and Byrds","floor":29,"turns":6},{"damage":6,"enemies":"Masked Bandits","floor":31,"turns":2},{"damage":68,"enemies":"Champ","floor":33,"turns":18},{"damage":7,"enemies":"3 Shapes","floor":35,"turns":3},{"damage":18,"enemies":"Orb Walker","floor":38,"turns":5},{"damage":0,"enemies":"Transient","floor":41,"turns":5},{"damage":0,"enemies":"4 Shapes","floor":42,"turns":4},{"damage":30,"enemies":"2 Orb Walkers","floor":46,"turns":3},{"damage":4,"enemies":"Maw","floor":47,"turns":7},{"damage":31,"enemies":"Spire Growth","floor":48,"turns":5},{"damage":5,"enemies":"Awakened One","floor":50,"turns":11}],"seed_played":"-6216871582053145728","potions_obtained":[{"floor":1,"key":"Dexterity Potion"},{"floor":8,"key":"Swift Potion"},{"floor":11,"key":"FearPotion"},{"floor":12,"key":"SteroidPotion"},{"floor":14,"key":"HeartOfIron"},{"floor":19,"key":"Ancient Potion"},{"floor":22,"key":"HeartOfIron"},{"floor":22,"key":"Energy Potion"},{"floor":27,"key":"BloodPotion"},{"floor":46,"key":"Energy Potion"}],"is_trial":false,"path_per_floor":["M","?","?","?","$","E","R","E","T","?","M","M","M","M","R","B",null,"M","M","$","M","?","R","M","R","T","M","?","M","$","?","R","B",null,"M","?","?","M","$","R","M","M","T","$","?","?","M","M","R","B",null],"character_chosen":"IRONCLAD","items_purchased":["Feel No Pain","Shrug It Off","Disarm","Spot Weakness","Gambling Chip","Master of Strategy","Thread and Needle","Flame Barrier","Heavy Blade","Sling","Ancient Tea Set","Shockwave"],"campfire_rested":0,"item_purchase_floors":[5,5,20,30,30,39,39,39,39,39,39,44],"current_hp_per_floor":[80,69,69,57,57,63,63,69,69,69,72,80,80,80,80,34,80,80,80,80,80,80,80,80,80,80,80,80,80,80,80,80,22,80,79,79,76,64,64,64,74,76,76,76,76,74,76,60,60,76],"gold":119,"neow_bonus":"THREE_ENEMY_KILL","is_prod":false,"is_daily":false,"chose_seed":false,"campfire_upgraded":7,"win_rate":0,"timestamp":1570765721,"path_taken":["M","?","?","?","$","E","R","E","T","?","?","M","M","M","R","BOSS","M","M","$","M","?","R","M","R","T","?","?","M","$","?","R","BOSS","M","?","?","M","$","R","M","M","T","$","?","?","M","M","R","BOSS"],"build_version":"2019-10-10","purchased_purges":3,"victory":true,"max_hp_per_floor":[80,80,80,80,80,80,80,80,80,80,80,80,80,80,80,80,80,80,80,80,80,80,80,80,80,80,80,80,80,80,80,80,80,80,80,80,76,76,76,76,76,76,76,76,76,76,76,76,76,76],"card_choices":[{"not_picked":["Ghostly Armor","Intimidate"],"picked":"Whirlwind","floor":1},{"not_picked":["Sever Soul","Entrench"],"picked":"Feel No Pain","floor":6},{"not_picked":["Twin Strike","Warcry"],"picked":"True Grit","floor":8},{"not_picked":["Rage","Pommel Strike","Iron Wave"],"picked":"SKIP","floor":11},{"not_picked":["Twin Strike","Sever Soul"],"picked":"Disarm","floor":12},{"not_picked":["Clothesline","Feel No Pain"],"picked":"Flame Barrier","floor":13},{"not_picked":["Perfected Strike","Clash"],"picked":"Spot Weakness","floor":14},{"not_picked":["Double Tap","Brutality"],"picked":"Immolate","floor":16},{"not_picked":["Fire Breathing","Headbutt"],"picked":"Shrug It Off+1","floor":18},{"not_picked":["Warcry","Iron Wave+1","Blood for Blood"],"picked":"SKIP","floor":19},{"not_picked":["Armaments+1","Dropkick+1"],"picked":"Shrug It Off+1","floor":21},{"not_picked":["Wild Strike+1","Reckless Charge+1"],"picked":"Headbutt","floor":24},{"not_picked":["True Grit","Twin Strike+1"],"picked":"Juggernaut","floor":27},{"not_picked":["Rupture","Metallicize"],"picked":"Whirlwind+1","floor":29},{"not_picked":["Perfected Strike","Blood for Blood"],"picked":"True Grit","floor":31},{"not_picked":["Feed","Bludgeon"],"picked":"Fiend Fire","floor":33},{"not_picked":["Headbutt","Armaments+1"],"picked":"Havoc+1","floor":35},{"not_picked":["Flex+1","Sword Boomerang+1"],"picked":"Shrug It Off+1","floor":38},{"not_picked":["Feel No Pain+1","Flame Barrier"],"picked":"Disarm+1","floor":41},{"not_picked":["Cleave+1","Sword Boomerang+1"],"picked":"Clothesline","floor":42},{"not_picked":["Heavy Blade+1","Infernal Blade+1"],"picked":"Reaper+1","floor":46},{"not_picked":["Cleave+1","Seeing Red+1","Wild Strike+1"],"picked":"SKIP","floor":47},{"not_picked":["Wild Strike+1","Ghostly Armor"],"picked":"Warcry+1","floor":48}],"player_experience":501119,"relics_obtained":[{"floor":6,"key":"White Beast Statue"},{"floor":8,"key":"Bird Faced Urn"},{"floor":9,"key":"Red Skull"},{"floor":26,"key":"InkBottle"},{"floor":31,"key":"Red Mask"},{"floor":43,"key":"Molten Egg 2"},{"floor":46,"key":"Magic Flower"}],"event_choices":[{"damage_healed":0,"gold_gain":75,"player_choice":"Gather Gold","damage_taken":11,"max_hp_gain":0,"max_hp_loss":0,"event_name":"World of Goop","floor":2,"gold_loss":0},{"cards_removed":["Strike_R"],"damage_healed":0,"gold_gain":0,"player_choice":"Forget","damage_taken":0,"max_hp_gain":0,"max_hp_loss":0,"event_name":"Living Wall","floor":3,"gold_loss":0},{"damage_healed":0,"gold_gain":0,"player_choice":"Success","damage_taken":12,"relics_obtained":["Toy Ornithopter"],"max_hp_gain":0,"max_hp_loss":0,"event_name":"Scrap Ooze","floor":4,"gold_loss":0},{"cards_removed":["Strike_R"],"damage_healed":0,"gold_gain":0,"player_choice":"Purged","damage_taken":0,"max_hp_gain":0,"max_hp_loss":0,"event_name":"Purifier","floor":10,"gold_loss":0},{"damage_healed":0,"gold_gain":0,"player_choice":"Got Potions","damage_taken":0,"max_hp_gain":0,"max_hp_loss":0,"event_name":"Lab","floor":22,"gold_loss":0},{"damage_healed":0,"gold_gain":0,"player_choice":"Ignored","damage_taken":0,"max_hp_gain":0,"max_hp_loss":0,"event_name":"Ghosts","floor":28,"gold_loss":0},{"damage_healed":0,"gold_gain":0,"player_choice":"Fought Bandits","damage_taken":0,"max_hp_gain":0,"max_hp_loss":0,"event_name":"Masked Bandits","floor":31,"gold_loss":0},{"damage_healed":0,"gold_gain":999,"player_choice":"Gold","damage_taken":0,"max_hp_gain":0,"max_hp_loss":0,"event_name":"MindBloom","floor":36,"gold_loss":0,"cards_obtained":["Normality","Normality"]},{"damage_healed":0,"gold_gain":0,"player_choice":"Max HP","damage_taken":0,"max_hp_gain":0,"max_hp_loss":4,"event_name":"Winding Halls","floor":37,"gold_loss":0},{"cards_removed":["Clothesline"],"damage_healed":0,"gold_gain":0,"player_choice":"Removed Attack","damage_taken":0,"max_hp_gain":0,"max_hp_loss":0,"event_name":"Falling","floor":45,"gold_loss":0},{"damage_healed":0,"gold_gain":0,"player_choice":"Fight","damage_taken":0,"max_hp_gain":0,"max_hp_loss":0,"event_name":"Mysterious Sphere","floor":46,"gold_loss":0}],"is_beta":true,"boss_relics":[{"not_picked":["SlaversCollar","Ectoplasm"],"picked":"Coffee Dripper"},{"not_picked":["Tiny House","Empty Cage"],"picked":"Mark of Pain"}],"items_purged_floors":[30,39,44],"is_endless":false,"potions_floor_spawned":[1,8,11,12,13,14,16,18,19,21,24,27,29,31,33,35,38,41,42,46,47,48],"ascension_level":0}