{"gold_per_floor":[118,268,298,298,240,265,265,300,300,300,317,336,356,382,394,479,491,503],"floor_reached":18,"playtime":843,"items_purged":[],"score":522,"play_id":"3130b685-ec48-4b55-af8c-4ca66adf1c0d","local_time":"20181018223703","is_ascension_mode":true,"campfire_choices":[{"data":"True Grit","floor":7,"key":"SMITH"},{"data":"Power Through","floor":10,"key":"SMITH"},{"data":"True Grit","floor":15,"key":"SMITH"}],"neow_cost":"NONE","seed_source_timestamp":706190728472331,"circlet_count":0,"master_deck":["Strike_R","Strike_R","Strike_R","Strike_R","Strike_R","Defend_R","Defend_R","Defend_R","Defend_R","Bash","AscendersBane","Perfected Strike","Doubt","True Grit+1","Brutality","Power Through+1","True Grit+1","Shockwave","Infernal Blade","Feel No Pain","Reaper","Normality","Parasite","Shame"],"relics":["Burning Blood","NeowsBlessing","Tiny Chest","Boot","Letter Opener","Blue Candle","MawBank","Calling Bell","Ginger","Pantograph","Regal Pillow"],"potions_floor_usage":[16,16],"damage_taken":[{"damage":0,"enemies":"Small Slimes","floor":1,"turns":1},{"damage":0,"enemies":"Lagavulin","floor":6,"turns":1},{"damage":0,"enemies":"3 Sentries","floor":8,"turns":2},{"damage":0,"enemies":"Cultist","floor":11,"turns":5},{"damage":7,"enemies":"2 Louse","floor":12,"turns":3},{"damage":23,"enemies":"Exordium Wildlife","floor":13,"turns":5},{"damage":24,"enemies":"Lagavulin","floor":14,"turns":7},{"damage":43,"enemies":"Slime Boss","floor":16,"turns":10},{"damage":62,"enemies":"Spheric Guardian","floor":18,"turns":9}],"seed_played":"-1765100725560135921","potions_obtained":[{"floor":6,"key":"SkillPotion"},{"floor":8,"key":"LiquidBronze"},{"floor":14,"key":"SteroidPotion"}],"is_trial":false,"path_per_floor":["M","?","?","?","$","E","R","E","T","R","M","M","M","E","R","B",null],"character_chosen":"IRONCLAD","items_purchased":["True Grit"],"campfire_rested":0,"item_purchase_floors":[5],"current_hp_per_floor":[74,74,69,74,74,80,80,80,80,80,80,79,62,44,44,7,62,0],"gold":503,"neow_bonus":"THREE_ENEMY_KILL","is_prod":false,"is_daily":false,"chose_seed":false,"campfire_upgraded":3,"win_rate":0,"timestamp":1539898623,"path_taken":["M","?","?","?","?","E","R","E","T","R","M","?","M","E","R","BOSS","M"],"build_version":"2018-10-11","purchased_purges":0,"victory":false,"max_hp_per_floor":[75,75,75,80,80,80,80,80,80,80,80,80,80,80,80,80,80,80],"card_choices":[{"not_picked":["Armaments","Havoc"],"picked":"Perfected Strike","floor":1},{"not_picked":["True Grit","Sentinel"],"picked":"Brutality","floor":6},{"not_picked":["Entrench","Hemokinesis"],"picked":"Power Through","floor":8},{"not_picked":["Flex","Intimidate"],"picked":"True Grit","floor":11},{"not_picked":["Rage","Wild Strike"],"picked":"Shockwave","floor":12},{"not_picked":["Reckless Charge","Twin Strike"],"picked":"Infernal Blade","floor":13},{"not_picked":["Sword Boomerang","Headbutt"],"picked":"Feel No Pain","floor":14},{"not_picked":["Offering","Double Tap"],"picked":"Reaper","floor":16}],"player_experience":899433,"relics_obtained":[{"floor":6,"key":"Boot"},{"floor":8,"key":"Letter Opener"},{"floor":9,"key":"Blue Candle"},{"floor":14,"key":"MawBank"},{"floor":17,"key":"Ginger"},{"floor":17,"key":"Pantograph"},{"floor":17,"key":"Regal Pillow"}],"event_choices":[{"event_name":"Liars Game","player_choice":"agreed","floor":2,"damage_taken":0},{"event_name":"Scrap Ooze","player_choice":"success","floor":3,"damage_taken":5},{"event_name":"Big Fish","player_choice":"Donut","floor":4,"damage_taken":0}],"is_beta":false,"boss_relics":[{"not_picked":["Coffee Dripper","Runic Pyramid"],"picked":"Calling Bell"}],"items_purged_floors":[],"is_endless":false,"potions_floor_spawned":[6,8,13,14],"killed_by":"Spheric Guardian","ascension_level":17}