{"gold_per_floor":[117,128,1,13,13,38,38,38,38,55,85,85,120,134,134,213,213,230,230,255,31,48,48,82,82,112,112,124,124,156,166,166,166],"floor_reached":33,"playtime":4149,"items_purged":["Strike_G","Strike_G"],"score":498,"play_id":"e8b82508-896f-4d90-822d-0a8e3ff882c0","local_time":"20190330181426","is_ascension_mode":true,"campfire_choices":[{"floor":8,"key":"REST"},{"floor":12,"key":"REST"},{"floor":15,"key":"REST"},{"data":"Wraith Form v2","floor":23,"key":"SMITH"},{"floor":25,"key":"REST"},{"floor":29,"key":"REST"},{"floor":32,"key":"REST"}],"neow_cost":"CURSE","seed_source_timestamp":384742310034300,"circlet_count":0,"master_deck":["AscendersBane","Defend_G","Defend_G","Defend_G","Defend_G","Defend_G","Strike_G","Strike_G","Strike_G","Survivor","Neutralize+1","Deadly Poison","Backflip","Blade Dance","Dagger Spray","Poisoned Stab","Deflect","Die Die Die","Wraith Form v2+1","Caltrops","Blade Dance","Tools of the Trade+1","Deadly Poison+1","Footwork"],"relics":["Ring of the Snake","The Specimen","Nunchaku","Ninja Scroll","Odd Mushroom","Lantern","Busted Crown","Red Mask","Paper Crane","Tiny Chest","Art of War"],"potions_floor_usage":[11,13,16,20,33],"damage_taken":[{"damage":6,"enemies":"Small Slimes","floor":1,"turns":6},{"damage":5,"enemies":"Jaw Worm","floor":2,"turns":4},{"damage":2,"enemies":"2 Louse","floor":4,"turns":3},{"damage":34,"enemies":"3 Sentries","floor":6,"turns":15},{"damage":1,"enemies":"Looter","floor":10,"turns":4},{"damage":4,"enemies":"The Mushroom Lair","floor":11,"turns":4},{"damage":27,"enemies":"Gremlin Nob","floor":13,"turns":5},{"damage":4,"enemies":"Large Slime","floor":14,"turns":4},{"damage":24,"enemies":"The Guardian","floor":16,"turns":12},{"damage":3,"enemies":"Chosen","floor":18,"turns":4},{"damage":0,"enemies":"Masked Bandits","floor":20,"turns":2},{"damage":1,"enemies":"Spheric Guardian","floor":22,"turns":4},{"damage":37,"enemies":"Gremlin Leader","floor":24,"turns":9},{"damage":0,"enemies":"Centurion and Healer","floor":28,"turns":8},{"damage":18,"enemies":"Book of Stabbing","floor":30,"turns":6},{"damage":2,"enemies":"Snecko","floor":31,"turns":6},{"damage":55,"enemies":"Automaton","floor":33,"turns":10}],"seed_played":"-2611522858677647522","potions_obtained":[{"floor":6,"key":"Strength Potion"},{"floor":11,"key":"SpeedPotion"},{"floor":13,"key":"EssenceOfSteel"},{"floor":22,"key":"Energy Potion"}],"is_trial":false,"path_per_floor":["M","M","$","M","?","E","?","R","T","M","?","R","E","M","R","B",null,"M","?","?","$","M","R","E","R","T","?","M","R","E","M","R","B"],"character_chosen":"THE_SILENT","items_purchased":["Dexterity Potion","Caltrops","Blade Dance"],"campfire_rested":6,"item_purchase_floors":[3,21,21],"current_hp_per_floor":[53,48,48,46,39,5,5,24,24,23,19,38,11,7,26,2,50,47,47,47,47,46,46,9,28,28,28,28,47,29,27,46,0],"gold":166,"neow_bonus":"ONE_RARE_RELIC","is_prod":false,"is_daily":false,"chose_seed":false,"campfire_upgraded":1,"win_rate":0,"timestamp":1553966066,"path_taken":["M","M","$","M","?","E","?","R","T","?","?","R","E","M","R","BOSS","M","?","?","$","M","R","E","R","T","?","?","R","E","M","R","BOSS"],"build_version":"2019-01-23","purchased_purges":2,"victory":false,"max_hp_per_floor":[66,66,66,66,66,66,66,66,66,66,66,66,66,66,66,66,66,66,66,66,66,66,66,66,66,66,66,66,66,66,66,66,66],"card_choices":[{"not_picked":["Quick Slash","Flying Knee"],"picked":"Deadly Poison","floor":1},{"not_picked":["Heel Hook","Outmaneuver"],"picked":"Backflip","floor":2},{"not_picked":["Slice","Eviscerate"],"picked":"Blade Dance","floor":4},{"not_picked":["Prepared","Tactician"],"picked":"Dagger Spray","floor":6},{"not_picked":["Quick Slash","Predator"],"picked":"Poisoned Stab","floor":10},{"not_picked":["Outmaneuver","PiercingWail"],"picked":"Deflect","floor":11},{"not_picked":["Outmaneuver","Deflect"],"picked":"Die Die Die","floor":13},{"not_picked":["Slice","Outmaneuver","Masterful Stab"],"picked":"SKIP","floor":14},{"not_picked":["Night Terror","Phantasmal Killer"],"picked":"Wraith Form v2","floor":16},{"not_picked":["Dagger Spray"],"picked":"SKIP","floor":18},{"not_picked":["Prepared"],"picked":"SKIP","floor":22},{"not_picked":[],"picked":"Tools of the Trade","floor":24},{"not_picked":[],"picked":"Deadly Poison+1","floor":28},{"not_picked":["Masterful Stab"],"picked":"SKIP","floor":30},{"not_picked":[],"picked":"Footwork","floor":31}],"player_experience":1011575,"relics_obtained":[{"floor":6,"key":"Nunchaku"},{"floor":9,"key":"Ninja Scroll"},{"floor":11,"key":"Odd Mushroom"},{"floor":13,"key":"Lantern"},{"floor":20,"key":"Red Mask"},{"floor":24,"key":"Paper Crane"},{"floor":26,"key":"Tiny Chest"},{"floor":30,"key":"Art of War"}],"event_choices":[{"cards_removed":["Pain"],"damage_healed":0,"gold_gain":0,"player_choice":"Card Removal","damage_taken":7,"max_hp_gain":0,"max_hp_loss":0,"event_name":"Golden Wing","floor":5,"gold_loss":0},{"damage_healed":0,"gold_gain":0,"player_choice":"Grow","damage_taken":0,"max_hp_gain":0,"max_hp_loss":0,"event_name":"Living Wall","floor":7,"gold_loss":0,"cards_upgraded":["Neutralize"]},{"damage_healed":0,"gold_gain":0,"player_choice":"Fought Mushrooms","damage_taken":0,"max_hp_gain":0,"max_hp_loss":0,"event_name":"Mushrooms","floor":11,"gold_loss":0},{"damage_healed":0,"gold_gain":0,"player_choice":"Ignored","damage_taken":0,"max_hp_gain":0,"max_hp_loss":0,"event_name":"Ghosts","floor":19,"gold_loss":0},{"damage_healed":0,"gold_gain":0,"player_choice":"Fought Bandits","damage_taken":0,"max_hp_gain":0,"max_hp_loss":0,"event_name":"Masked Bandits","floor":20,"gold_loss":0},{"damage_healed":0,"gold_gain":0,"player_choice":"Forge","damage_taken":0,"max_hp_gain":0,"max_hp_loss":0,"event_name":"Accursed Blacksmith","floor":27,"gold_loss":0,"cards_upgraded":["Tools of the Trade"]}],"is_beta":false,"boss_relics":[{"not_picked":["Coffee Dripper","Tiny House"],"picked":"Busted Crown"}],"items_purged_floors":[3,21],"is_endless":false,"potions_floor_spawned":[6,11,13,22],"killed_by":"Automaton","ascension_level":14}