{"gold_per_floor":[112,83,8,83,83,83,102,132,132,132,157,170,320,349,349,349],"floor_reached":16,"playtime":319,"items_purged":[],"score":282,"play_id":"4f8fb54f-8dd4-426a-882f-afd5155e7ab6","local_time":"20190602085739","is_ascension_mode":true,"campfire_choices":[{"floor":6.0,"key":"REST"},{"data":"Multi-Cast","floor":10.0,"key":"SMITH"},{"data":"1","floor":15,"key":"LIFT"}],"neow_cost":"NONE","seed_source_timestamp":1344769891693263,"circlet_count":0,"master_deck":["AscendersBane","Strike_B","Strike_B","Strike_B","Strike_B+1","Defend_B","Defend_B+1","Defend_B","Zap","Dualcast","Cold Snap","Leap","Ball Lightning","Multi-Cast+1","Doubt","Ball Lightning"],"special_seed":0,"relics":["Cracked Core","NeowsBlessing","Nunchaku","Happy Flower","Bottled Flame","Girya"],"potions_floor_usage":[14,16,16],"damage_taken":[{"damage":0.0,"enemies":"Small Slimes","floor":1.0,"turns":1.0},{"damage":0.0,"enemies":"Jaw Worm","floor":7.0,"turns":1.0},{"damage":0.0,"enemies":"3 Sentries","floor":8.0,"turns":1.0},{"damage":8.0,"enemies":"Lagavulin","floor":11.0,"turns":6.0},{"damage":0.0,"enemies":"2 Louse","floor":12.0,"turns":2.0},{"damage":2,"enemies":"Gremlin Nob","floor":14,"turns":3},{"damage":61,"enemies":"Hexaghost","floor":16,"turns":9}],"seed_played":"7102937812769426078","potions_obtained":[{"floor":1.0,"key":"Regen Potion"},{"floor":8.0,"key":"Poison Potion"},{"floor":12.0,"key":"PowerPotion"},{"floor":14,"key":"GamblersBrew"}],"is_trial":false,"path_per_floor":["M","$","?","?","?","R","M","E","T","R","E","M","?","E","R","B"],"character_chosen":"DEFECT","items_purchased":["Leap"],"campfire_rested":1,"item_purchase_floors":[2],"current_hp_per_floor":[64,64,64,53,32,53,53,53,53,53,45,45,45,43,43,0],"gold":349,"neow_bonus":"THREE_ENEMY_KILL","is_prod":false,"is_daily":false,"chose_seed":false,"campfire_upgraded":1,"win_rate":0,"timestamp":1559458659,"path_taken":["M","$","?","?","?","R","M","E","T","R","E","M","?","E","R","BOSS"],"build_version":"2019-01-23","purchased_purges":0,"victory":false,"max_hp_per_floor":[71,71,71,71,71,71,71,71,71,71,71,71,71,71,71,71],"card_choices":[{"not_picked":["Reprogram","Steam"],"picked":"Cold Snap","floor":1.0},{"not_picked":["Hologram","Leap"],"picked":"Ball Lightning","floor":7.0},{"not_picked":["Rebound","Hologram"],"picked":"Multi-Cast","floor":8.0},{"not_picked":["Storm","Redo","Chill"],"picked":"SKIP","floor":11.0},{"not_picked":["Streamline","Barrage","Turbo"],"picked":"SKIP","floor":12.0},{"not_picked":["Turbo","Hello World"],"picked":"Ball Lightning","floor":14}],"player_experience":817722,"relics_obtained":[{"floor":8.0,"key":"Nunchaku"},{"floor":9.0,"key":"Happy Flower"},{"floor":11.0,"key":"Bottled Flame"},{"floor":14,"key":"Girya"}],"event_choices":[{"cards_removed":["Defend_B"],"damage_healed":0.0,"max_hp_gain":0.0,"max_hp_loss":0.0,"gold_gain":0.0,"event_name":"The Cleric","player_choice":"Card Removal","floor":3.0,"gold_loss":75.0,"damage_taken":0.0},{"damage_healed":0.0,"max_hp_gain":0.0,"max_hp_loss":0.0,"gold_gain":75.0,"event_name":"World of Goop","player_choice":"Gather Gold","floor":4.0,"gold_loss":0.0,"damage_taken":11.0},{"damage_healed":0.0,"max_hp_gain":0.0,"max_hp_loss":0.0,"gold_gain":0.0,"event_name":"Shining Light","player_choice":"Entered Light","floor":5.0,"gold_loss":0.0,"damage_taken":21.0,"cards_upgraded":["Strike_B","Defend_B"]},{"damage_healed":0.0,"max_hp_gain":0.0,"max_hp_loss":0.0,"gold_gain":150.0,"event_name":"Liars Game","player_choice":"AGREE","floor":13.0,"gold_loss":0.0,"damage_taken":0.0,"cards_obtained":["Doubt"]}],"is_beta":false,"boss_relics":[],"items_purged_floors":[],"is_endless":false,"potions_floor_spawned":[1,8,12,14],"killed_by":"Hexaghost","ascension_level":20}