{"gold_per_floor":[114,39,114,114,130,130,160,175,220,251,251,280,312,312,312,389,389,405,423,305,317,330,330,174,190,241,241,254,254,285,314,326,338],"floor_reached":33,"playtime":1120,"items_purged":["Strike_R","Strike_R"],"score":574,"play_id":"fee36d4a-97c7-47d5-ae4f-5a664561de42","local_time":"20190718034018","is_ascension_mode":true,"campfire_choices":[{"data":"Bash","floor":6,"key":"SMITH"},{"floor":15,"key":"REST"},{"data":"Feel No Pain","floor":23,"key":"SMITH"},{"floor":27,"key":"REST"},{"floor":29,"key":"REST"},{"floor":32,"key":"REST"}],"neow_cost":"NONE","seed_source_timestamp":456525482253800,"circlet_count":0,"master_deck":["AscendersBane","Strike_R","Strike_R","Defend_R+1","Defend_R","Defend_R+1","Defend_R","Bash+1","Inflame","Iron Wave","Second Wind","Anger","Armaments+1","Disarm","Clash","Fiend Fire","Heavy Blade","Feel No Pain+1","Body Slam","Flex","Clash+1","Pommel Strike","Anger","Clash"],"relics":["Burning Blood","NeowsBlessing","Bronze Scales","War Paint","Lantern","StoneCalendar","Odd Mushroom","Mummified Hand","Omamori","Runic Cube","Potion Belt","MawBank"],"potions_floor_usage":[10,16,21,22,28,30,33],"damage_taken":[{"damage":0,"enemies":"2 Louse","floor":1,"turns":2},{"damage":0,"enemies":"Small Slimes","floor":5,"turns":1},{"damage":0,"enemies":"Gremlin Nob","floor":7,"turns":1},{"damage":1,"enemies":"Cultist","floor":8,"turns":3},{"damage":5,"enemies":"Lagavulin","floor":10,"turns":6},{"damage":20,"enemies":"The Mushroom Lair","floor":12,"turns":5},{"damage":19,"enemies":"Gremlin Nob","floor":13,"turns":5},{"damage":32,"enemies":"The Guardian","floor":16,"turns":9},{"damage":22,"enemies":"Chosen","floor":18,"turns":5},{"damage":0,"enemies":"3 Byrds","floor":19,"turns":3},{"damage":10,"enemies":"Centurion and Healer","floor":21,"turns":5},{"damage":11,"enemies":"Snake Plant","floor":22,"turns":4},{"damage":18,"enemies":"Snecko","floor":25,"turns":5},{"damage":21,"enemies":"3 Cultists","floor":28,"turns":5},{"damage":36,"enemies":"Gremlin Leader","floor":30,"turns":6},{"damage":18,"enemies":"Snake Plant","floor":31,"turns":3},{"damage":76,"enemies":"Automaton","floor":33,"turns":6}],"seed_played":"6244210209148945815","potions_obtained":[{"floor":1,"key":"SpeedPotion"},{"floor":7,"key":"Weak Potion"},{"floor":12,"key":"SpeedPotion"},{"floor":13,"key":"Explosive Potion"},{"floor":16,"key":"Energy Potion"},{"floor":18,"key":"GamblersBrew"},{"floor":21,"key":"EssenceOfSteel"},{"floor":22,"key":"SpeedPotion"},{"floor":30,"key":"AttackPotion"}],"is_trial":false,"path_per_floor":["M","?","?","?","M","R","E","M","T","E","?","?","E","?","R","B",null,"M","M","$","M","M","R","$","M","T","R","M","R","E","M","R","B"],"character_chosen":"IRONCLAD","items_purchased":["Feel No Pain","Flex"],"campfire_rested":4,"item_purchase_floors":[20,24],"current_hp_per_floor":[74,74,63,45,51,51,57,62,62,63,63,49,36,36,58,32,64,48,54,54,50,45,45,45,33,33,55,40,62,32,20,42,0],"gold":338,"neow_bonus":"THREE_ENEMY_KILL","is_prod":false,"is_daily":false,"chose_seed":false,"campfire_upgraded":2,"win_rate":0,"timestamp":1563414018,"path_taken":["M","?","?","?","M","R","E","M","T","E","?","?","E","?","R","BOSS","M","M","$","M","?","R","$","M","T","R","M","R","E","M","R","BOSS"],"build_version":"2019-07-17","purchased_purges":2,"victory":false,"max_hp_per_floor":[75,75,75,75,75,75,75,75,75,75,75,75,75,75,75,75,75,75,75,75,75,75,75,75,75,75,75,75,75,75,75,75,75],"card_choices":[{"not_picked":["Sever Soul","Rupture"],"picked":"Inflame","floor":1},{"not_picked":["Entrench","Clash"],"picked":"Iron Wave","floor":5},{"not_picked":["Havoc","Bloodletting"],"picked":"Second Wind","floor":7},{"not_picked":["Thunderclap","Exhume"],"picked":"Anger","floor":8},{"not_picked":["Disarm","Combust"],"picked":"Armaments","floor":10},{"not_picked":["Cleave","Wild Strike"],"picked":"Disarm","floor":12},{"not_picked":["Reaper","Second Wind"],"picked":"Clash","floor":13},{"not_picked":["Berserk","Demon Form"],"picked":"Fiend Fire","floor":16},{"not_picked":["Evolve","Twin Strike","Cleave"],"picked":"SKIP","floor":18},{"not_picked":["Second Wind","Cleave"],"picked":"Heavy Blade","floor":19},{"not_picked":["Uppercut","Fiend Fire"],"picked":"Body Slam","floor":21},{"not_picked":["Thunderclap","Bloodletting","Twin Strike"],"picked":"SKIP","floor":22},{"not_picked":["Iron Wave","Disarm"],"picked":"Clash+1","floor":25},{"not_picked":["Armaments","Perfected Strike"],"picked":"Pommel Strike","floor":28},{"not_picked":["Pummel","Cleave"],"picked":"Anger","floor":30},{"not_picked":["Havoc","Pommel Strike"],"picked":"Clash","floor":31}],"player_experience":1668633,"relics_obtained":[{"floor":7,"key":"War Paint"},{"floor":9,"key":"Lantern"},{"floor":10,"key":"StoneCalendar"},{"floor":12,"key":"Odd Mushroom"},{"floor":13,"key":"Mummified Hand"},{"floor":26,"key":"Potion Belt"},{"floor":30,"key":"MawBank"}],"event_choices":[{"cards_removed":["Strike_R"],"damage_healed":0,"gold_gain":0,"player_choice":"Card Removal","damage_taken":0,"max_hp_gain":0,"max_hp_loss":0,"event_name":"The Cleric","floor":2,"gold_loss":75},{"damage_healed":0,"gold_gain":75,"player_choice":"Gather Gold","damage_taken":11,"max_hp_gain":0,"max_hp_loss":0,"event_name":"World of Goop","floor":3,"gold_loss":0},{"damage_healed":0,"gold_gain":0,"player_choice":"Success","damage_taken":18,"relics_obtained":["Bronze Scales"],"max_hp_gain":0,"max_hp_loss":0,"event_name":"Scrap Ooze","floor":4,"gold_loss":0},{"damage_healed":0,"gold_gain":0,"player_choice":"Grow","damage_taken":0,"max_hp_gain":0,"max_hp_loss":0,"event_name":"Living Wall","floor":11,"gold_loss":0,"cards_upgraded":["Armaments"]},{"damage_healed":0,"gold_gain":0,"player_choice":"Fought Mushrooms","damage_taken":0,"max_hp_gain":0,"max_hp_loss":0,"event_name":"Mushrooms","floor":12,"gold_loss":0},{"damage_healed":0,"gold_gain":0,"player_choice":"Gave Potion","damage_taken":0,"relics_obtained":["Omamori"],"max_hp_gain":0,"max_hp_loss":0,"event_name":"WeMeetAgain","floor":14,"gold_loss":0}],"is_beta":false,"boss_relics":[{"not_picked":["Snecko Eye","Tiny House"],"picked":"Runic Cube"}],"items_purged_floors":[20,24],"is_endless":false,"potions_floor_spawned":[1,7,12,13,16,18,21,22,30],"killed_by":"Automaton","ascension_level":17}