{"path_per_floor":["M","$","?","M","M","R","E","$","T","R","M","?","R","E","R","B",null,"M","?","M","M","M","E","?","?","T","R","M","$","M","$","R","B",null,"M","?","$","?","?","R","M","?","T","R","M","?","T","M","R","B"],"character_chosen":"DEFECT","items_purchased":["Defragment","Doom and Gloom","Panache","Strawberry","Seek","Electrodynamics","Dexterity Potion"],"gold_per_floor":[212,66,121,140,157,157,184,109,133,133,148,148,148,173,173,272,272,292,292,312,332,350,375,375,403,403,403,420,88,101,27,27,130,160,175,175,51,51,51,51,61,61,87,87,106,106,159,177,177,177],"floor_reached":51,"campfire_rested":5,"playtime":3071,"item_purchase_floors":[],"current_hp_per_floor":[71,71,71,63,58,58,51,51,51,51,46,46,46,49,49,49,75,55,75,62,52,43,32,32,26,26,48,43,50,37,37,61,20,87,82,82,82,82,82,82,82,82,82,82,82,71,71,71,71,7],"items_purged":["Strike_B"],"gold":177,"score":765,"play_id":"1e26e277-66ab-459a-8547-28038fa6f2a5","local_time":"20180615195618","is_prod":false,"is_daily":false,"chose_seed":false,"is_ascension_mode":true,"campfire_upgraded":4,"win_rate":0,"timestamp":1529088978,"campfire_choices":[{"data":"Defragment","floor":6.0,"key":"SMITH"},{"data":"Chill","floor":10.0,"key":"SMITH"},{"data":"Streamline","floor":13.0,"key":"SMITH"},{"data":"Beam Cell","floor":15.0,"key":"SMITH"},{"floor":27,"key":"REST"},{"floor":32,"key":"REST"},{"floor":40,"key":"REST"},{"floor":44,"key":"REST"},{"floor":49,"key":"REST"}],"path_taken":["M","$","?","M","M","R","E","$","T","R","M","?","R","E","R","BOSS","M","?","M","M","?","E","?","?","T","R","M","$","M","$","R","BOSS","M","?","$","?","?","R","M","?","T","R","?","?","?","?","R","BOSS"],"build_version":"2018-06-14v2","seed_source_timestamp":0,"purchased_purges":1,"victory":true,"master_deck":["Strike_B+1","Strike_B+1","Defend_B+1","Defend_B+1","Zap+1","Streamline+1","Defragment+1","Doom and Gloom+1","Chill+1","Beam Cell+1","All For One+1","Hologram+1","Machine Learning+1","Loop+1","Redo+1","Blizzard+1","Melter+1","Loop+1","Static Discharge+1","Panache+1","Capacitor+1","Seek+1","Tempest+1","Leap+1","Buffer+1","Electrodynamics+1","Doom and Gloom+1","Capacitor+1","Madness","Madness","Darkness+1"],"max_hp_per_floor":[75,75,75,75,75,75,75,75,75,75,75,75,75,75,75,75,75,75,75,75,75,75,75,75,75,75,75,75,82,82,82,82,82,87,87,87,87,87,87,87,87,87,87,87,87,87,87,87,87,87],"special_seed":0,"relics":["Cracked Core","Orichalcum","Ancient Tea Set","Matryoshka","Fusion Hammer","Lantern","Red Mask","Mercury Hourglass","Question Card","Strawberry","Tiny House","Mark of the Bloom","Bag of Marbles","War Paint","Bronze Scales"],"card_choices":[{"not_picked":["Rebound","Glacier"],"picked":"Streamline","floor":1.0},{"not_picked":["Rebound","Compile Driver"],"picked":"Chill","floor":4.0},{"not_picked":["Lockon","Barrage"],"picked":"Beam Cell","floor":5.0},{"not_picked":["Steam Power","Gash","Steam"],"picked":"SKIP","floor":7.0},{"not_picked":["Turbo","Rebound","FTL"],"picked":"SKIP","floor":11.0},{"not_picked":["Stack","Compile Driver"],"picked":"Hologram","floor":14.0},{"not_picked":["All For One","Reboot"],"picked":"Machine Learning","floor":16.0},{"not_picked":["Leap","Glacier"],"picked":"Loop","floor":18},{"not_picked":["Conserve Battery","Steam Power"],"picked":"Redo","floor":20},{"not_picked":["Steam Power","Coolheaded"],"picked":"Blizzard+1","floor":21},{"not_picked":["Rebound+1","Sweeping Beam+1","FTL"],"picked":"SKIP","floor":22},{"not_picked":["Doom and Gloom","Rebound+1"],"picked":"Melter","floor":23},{"not_picked":["Coolheaded","Turbo"],"picked":"Loop","floor":25},{"not_picked":["Rebound","Redo","Sweeping Beam+1"],"picked":"Static Discharge","floor":28},{"not_picked":["Sunder","Steam","Turbo+1"],"picked":"Capacitor","floor":30},{"not_picked":["Turbo+1","Force Field","Reinforced Body"],"picked":"Tempest","floor":34},{"not_picked":["Barrage","Compile Driver+1","FTL+1"],"picked":"Leap+1","floor":35},{"not_picked":["Blizzard","Conserve Battery","Beam Cell"],"picked":"Doom and Gloom+1","floor":41},{"not_picked":["Coolheaded","Barrage+1","Gash+1"],"picked":"Capacitor+1","floor":45},{"not_picked":["Doom and Gloom","Fusion+1","Redo"],"picked":"Darkness+1","floor":48}],"player_experience":438644,"potions_floor_usage":[23,25,33,33,50,50,50],"damage_taken":[{"damage":4.0,"enemies":"Jaw Worm","floor":1.0,"turns":5.0},{"damage":8.0,"enemies":"2 Louse","floor":4.0,"turns":2.0},{"damage":5.0,"enemies":"Small Slimes","floor":5.0,"turns":2.0},{"damage":7.0,"enemies":"3 Sentries","floor":7.0,"turns":7.0},{"damage":5.0,"enemies":"Exordium Wildlife","floor":11.0,"turns":4.0},{"damage":6.0,"enemies":"Gremlin Nob","floor":14.0,"turns":3.0},{"damage":0.0,"enemies":"Slime Boss","floor":16.0,"turns":5.0},{"damage":20,"enemies":"Shell Parasite","floor":18,"turns":4},{"damage":13,"enemies":"2 Thieves","floor":20,"turns":4},{"damage":10,"enemies":"Snecko","floor":21,"turns":3},{"damage":9,"enemies":"Cultist and Chosen","floor":22,"turns":6},{"damage":11,"enemies":"Gremlin Leader","floor":23,"turns":6},{"damage":6,"floor":25,"turns":4},{"damage":5,"enemies":"3 Cultists","floor":28,"turns":4},{"damage":13,"enemies":"Sentry and Sphere","floor":30,"turns":4},{"damage":41,"enemies":"Champ","floor":33,"turns":9},{"damage":5,"enemies":"3 Shapes","floor":35,"turns":4},{"damage":0,"enemies":"Orb Walker","floor":41,"turns":2},{"damage":0,"enemies":"3 Darklings","floor":45,"turns":2},{"damage":0,"enemies":"Sphere and 2 Shapes","floor":48,"turns":5},{"damage":64,"enemies":"Time Eater","floor":50,"turns":6}],"relics_obtained":[{"floor":7.0,"key":"Orichalcum"},{"floor":9.0,"key":"Ancient Tea Set"},{"floor":14.0,"key":"Matryoshka"},{"floor":23,"key":"Lantern"},{"floor":25,"key":"Red Mask"},{"floor":26,"key":"Mercury Hourglass"},{"floor":26,"key":"Question Card"},{"floor":43,"key":"Bag of Marbles"},{"floor":43,"key":"War Paint"},{"floor":47,"key":"Bronze Scales"}],"event_choices":[{"event_name":"Golden Wing","player_choice":"Gained Gold","floor":3.0,"damage_taken":0.0},{"event_name":"Transmorgrifier","player_choice":"Transform","floor":12.0,"damage_taken":0.0},{"event_name":"The Library","player_choice":"Heal","floor":19,"damage_taken":0},{"event_name":"Wheel of Change","player_choice":"Card Removal","floor":24,"damage_taken":0},{"event_name":"Masked Bandits","player_choice":"Fought over 375 gold","floor":25,"damage_taken":0},{"event_name":"Transmorgrifier","player_choice":"Transform","floor":36,"damage_taken":0},{"event_name":"MindBloom","player_choice":"Upgrade","floor":38,"damage_taken":0},{"event_name":"SensoryStone","player_choice":"Memory 1","floor":39,"damage_taken":0},{"event_name":"Falling","player_choice":"Removed Attack","floor":42,"damage_taken":0},{"event_name":"Winding Halls","player_choice":"Embrace Madness","floor":46,"damage_taken":0}],"boss_relics":[{"not_picked":["Pandora\u0027s Box","Philosopher\u0027s Stone"],"picked":"Fusion Hammer"},{"not_picked":["Empty Cage","Sozu"],"picked":"Tiny House"}],"items_purged_floors":[],"is_endless":false,"potions_floor_spawned":[7,14,16,18,21,23,28,41,45],"seed_played":"-1189459373284501785","ascension_level":2,"potions_obtained":[{"floor":7.0,"key":"Regen Potion"},{"floor":14.0,"key":"FearPotion"},{"floor":16.0,"key":"SteroidPotion"},{"floor":18,"key":"Fire Potion"},{"floor":21,"key":"Block Potion"},{"floor":23,"key":"FearPotion"},{"floor":28,"key":"PowerPotion"},{"floor":34,"key":"PowerPotion"}],"is_trial":false}