{"gold_per_floor":[128,65,125,151,182,194,206,243,308,330,342,365,377,389,401,413],"floor_reached":16,"playtime":734,"items_purged":[],"score":185,"play_id":"1ff2d488-6d0e-45e4-a127-46ad20128f7f","local_time":"20190704070652","is_ascension_mode":true,"campfire_choices":[{"data":"Bash","floor":6,"key":"SMITH"},{"data":"Feel No Pain","floor":11,"key":"SMITH"},{"data":"Shockwave","floor":13,"key":"SMITH"},{"data":"Dual Wield","floor":15,"key":"SMITH"}],"neow_cost":"NONE","seed_source_timestamp":1407202022778700,"circlet_count":0,"master_deck":["AscendersBane","Strike_R","Strike_R","Strike_R","Defend_R","Defend_R","Defend_R","Defend_R","Bash+1","Feel No Pain+1","Rampage","Dual Wield+1","Burning Pact","Anger","Shockwave+1"],"relics":["Burning Blood","MawBank","Potion Belt","Orichalcum","Regal Pillow"],"potions_floor_usage":[8,10,12,16],"damage_taken":[{"damage":4,"enemies":"2 Louse","floor":1,"turns":3},{"damage":6,"enemies":"Jaw Worm","floor":4,"turns":5},{"damage":4,"enemies":"Small Slimes","floor":5,"turns":5},{"damage":25,"enemies":"3 Sentries","floor":8,"turns":7},{"damage":20,"enemies":"Exordium Wildlife","floor":10,"turns":6},{"damage":6,"enemies":"Blue Slaver","floor":12,"turns":5},{"damage":42,"enemies":"Slime Boss","floor":16,"turns":8}],"seed_played":"-6117062969301872271","potions_obtained":[{"floor":5,"key":"AttackPotion"},{"floor":8,"key":"Weak Potion"},{"floor":10,"key":"Fire Potion"},{"floor":12,"key":"PowerPotion"}],"is_trial":false,"path_per_floor":["M","?","T","M","M","R","?","E","T","M","R","M","R","?","R","B"],"character_chosen":"IRONCLAD","items_purchased":[],"campfire_rested":0,"item_purchase_floors":[],"current_hp_per_floor":[70,70,70,70,72,72,77,58,58,44,44,44,44,37,37,0],"gold":413,"neow_bonus":"RANDOM_COMMON_RELIC","is_prod":false,"is_daily":false,"chose_seed":false,"campfire_upgraded":4,"win_rate":0,"timestamp":1562216812,"path_taken":["M","?","?","M","M","R","?","E","T","M","R","?","R","?","R","BOSS"],"build_version":"2019-07-01","purchased_purges":0,"victory":false,"max_hp_per_floor":[75,75,75,75,75,75,80,80,80,80,80,80,80,80,80,80],"card_choices":[{"not_picked":["Wild Strike","Disarm"],"picked":"Feel No Pain","floor":1},{"not_picked":["Sever Soul","Thunderclap"],"picked":"Rampage","floor":4},{"not_picked":["Heavy Blade","Clash"],"picked":"Dual Wield","floor":5},{"not_picked":["Carnage","Sword Boomerang"],"picked":"Burning Pact","floor":8},{"not_picked":["Perfected Strike","Thunderclap"],"picked":"Anger","floor":10},{"not_picked":["Twin Strike","Armaments"],"picked":"Shockwave","floor":12}],"player_experience":1577775,"relics_obtained":[{"floor":3,"key":"Potion Belt"},{"floor":8,"key":"Orichalcum"},{"floor":9,"key":"Regal Pillow"}],"event_choices":[{"cards_removed":["Strike_R"],"damage_healed":0,"gold_gain":0,"player_choice":"Card Removal","damage_taken":0,"max_hp_gain":0,"max_hp_loss":0,"event_name":"The Cleric","floor":2,"gold_loss":75},{"damage_healed":0,"gold_gain":0,"player_choice":"Donut","damage_taken":0,"max_hp_gain":5,"max_hp_loss":0,"event_name":"Big Fish","floor":7,"gold_loss":0},{"cards_removed":["Strike_R"],"damage_healed":0,"gold_gain":0,"player_choice":"Card Removal","damage_taken":7,"max_hp_gain":0,"max_hp_loss":0,"event_name":"Golden Wing","floor":14,"gold_loss":0}],"is_beta":false,"boss_relics":[],"items_purged_floors":[],"is_endless":false,"potions_floor_spawned":[5,8,10,12],"killed_by":"Slime Boss","ascension_level":17}