{"gold_per_floor":[119,119,35,46,56,56,71,103,157,157,157,183,183,183],"floor_reached":14,"playtime":548,"items_purged":[],"score":176,"play_id":"5783579d-65e2-4ab0-882c-b3fe3b1439d1","local_time":"20181102001045","is_ascension_mode":true,"campfire_choices":[{"data":"Neutralize","floor":6.0,"key":"SMITH"},{"data":"Noxious Fumes","floor":11.0,"key":"SMITH"}],"neow_cost":"NONE","seed_source_timestamp":1492525801201340,"circlet_count":0,"master_deck":["Defend_G","Defend_G","Defend_G","Defend_G","Strike_G","Strike_G","Strike_G","Strike_G","Strike_G","Survivor","Neutralize+1","AscendersBane","Dagger Throw","Choke","All Out Attack","Dagger Spray","Quick Slash","Noxious Fumes+1","Die Die Die","Night Terror"],"special_seed":0,"relics":["Sozu","Sundial","Juzu Bracelet","Blood Vial"],"potions_floor_usage":[],"damage_taken":[{"damage":4.0,"enemies":"2 Louse","floor":1.0,"turns":3.0},{"damage":7.0,"enemies":"Jaw Worm","floor":4.0,"turns":3.0},{"damage":0.0,"enemies":"Cultist","floor":5.0,"turns":3.0},{"damage":0.0,"enemies":"Red Slaver","floor":7.0,"turns":2.0},{"damage":19.0,"enemies":"3 Sentries","floor":8.0,"turns":6.0},{"damage":28.0,"enemies":"Gremlin Nob","floor":12.0,"turns":4.0},{"damage":4,"enemies":"Lots of Slimes","floor":14,"turns":2}],"seed_played":"6650154358824281179","potions_obtained":[],"is_trial":false,"path_per_floor":["M","?","$","M","M","R","M","E","T","?","R","E","?"],"character_chosen":"THE_SILENT","items_purchased":["All Out Attack"],"campfire_rested":0,"item_purchase_floors":[3],"current_hp_per_floor":[55,55,55,48,48,48,48,29,29,34,34,6,6,4],"gold":183,"neow_bonus":"BOSS_RELIC","is_prod":false,"is_daily":false,"chose_seed":false,"campfire_upgraded":2,"win_rate":0,"timestamp":1541113845,"path_taken":["M","?","?","?","?","R","M","E","T","?","R","E","?","M"],"build_version":"2018-10-25v2","purchased_purges":0,"victory":false,"max_hp_per_floor":[66,66,66,66,66,66,66,66,66,71,71,71,71,71],"card_choices":[{"not_picked":["Blade Dance","Sucker Punch"],"picked":"Dagger Throw","floor":1.0},{"not_picked":["Infinite Blades","Finisher"],"picked":"Dagger Spray","floor":4.0},{"not_picked":["Blade Dance","Crippling Poison"],"picked":"Quick Slash","floor":5.0},{"not_picked":["Underhanded Strike","Poisoned Stab"],"picked":"Noxious Fumes","floor":7.0},{"not_picked":["Blur","Endless Agony"],"picked":"Die Die Die","floor":8.0},{"not_picked":["Tactician","Setup"],"picked":"Night Terror","floor":12.0}],"player_experience":473179,"relics_obtained":[{"floor":8.0,"key":"Sundial"},{"floor":9.0,"key":"Juzu Bracelet"},{"floor":12.0,"key":"Blood Vial"}],"event_choices":[{"damage_healed":0.0,"max_hp_gain":0.0,"max_hp_loss":0.0,"gold_gain":0.0,"cards_transformed":["Defend_G"],"event_name":"Living Wall","player_choice":"Change","floor":2.0,"gold_loss":0.0,"damage_taken":0.0,"cards_obtained":["Choke"]},{"damage_healed":0.0,"max_hp_gain":5.0,"max_hp_loss":0.0,"gold_gain":0.0,"event_name":"Big Fish","player_choice":"Donut","floor":10.0,"gold_loss":0.0,"damage_taken":0.0},{"damage_healed":0.0,"max_hp_gain":0.0,"max_hp_loss":0.0,"gold_gain":0.0,"event_name":"Dead Adventurer","player_choice":"Searched \u00270\u0027 times","floor":13.0,"gold_loss":0.0,"damage_taken":0.0}],"is_beta":false,"boss_relics":[],"items_purged_floors":[],"is_endless":false,"potions_floor_spawned":[5,7,8],"killed_by":"Lots of Slimes","ascension_level":16}