{"gold_per_floor":[116,41,57,3,18,48,48,80,80,80,98,118,145,156,156,156],"floor_reached":16,"playtime":422,"items_purged":[],"score":244,"play_id":"514978f7-03a2-4627-a4b0-0ad1e3d08234","local_time":"20190331104947","is_ascension_mode":true,"campfire_choices":[{"floor":7,"key":"REST"},{"data":"Fission","floor":10,"key":"SMITH"},{"data":"Steam","floor":15,"key":"SMITH"}],"neow_cost":"NONE","seed_source_timestamp":1207788828730308,"circlet_count":0,"master_deck":["AscendersBane","Strike_B","Strike_B","Strike_B+1","Defend_B","Defend_B","Defend_B","Defend_B","Zap","Dualcast","Doom and Gloom","Hologram","Barrage+1","Compile Driver","Self Repair","Fission+1","Steam+1","Conserve Battery","FTL"],"relics":["Runic Dome","DataDisk","The Courier","Pantograph","Whetstone"],"potions_floor_usage":[6,6],"damage_taken":[{"damage":10,"enemies":"Small Slimes","floor":1,"turns":3},{"damage":7,"enemies":"Jaw Worm","floor":3,"turns":2},{"damage":1,"enemies":"Cultist","floor":5,"turns":3},{"damage":23,"enemies":"Lagavulin","floor":6,"turns":6},{"damage":15,"enemies":"3 Sentries","floor":8,"turns":4},{"damage":14,"enemies":"Blue Slaver","floor":11,"turns":4},{"damage":5,"enemies":"Looter","floor":12,"turns":3},{"damage":8,"enemies":"Gremlin Nob","floor":13,"turns":3},{"damage":11,"enemies":"Large Slime","floor":14,"turns":6},{"damage":47,"enemies":"Slime Boss","floor":16,"turns":5}],"seed_played":"-4101056155096293941","potions_obtained":[{"floor":3,"key":"Block Potion"},{"floor":5,"key":"FearPotion"},{"floor":12,"key":"EssenceOfSteel"}],"is_trial":false,"path_per_floor":["M","?","M","$","M","E","R","E","T","R","M","M","E","M","R","B"],"character_chosen":"DEFECT","items_purchased":["Barrage"],"campfire_rested":1,"item_purchase_floors":[4],"current_hp_per_floor":[54,54,47,47,46,23,44,36,36,36,29,31,23,19,19,0],"gold":156,"neow_bonus":"BOSS_RELIC","is_prod":false,"is_daily":false,"chose_seed":false,"campfire_upgraded":2,"win_rate":0,"timestamp":1554022187,"path_taken":["M","?","M","$","M","E","R","E","T","R","M","M","E","M","R","BOSS"],"build_version":"2019-01-23","purchased_purges":0,"victory":false,"max_hp_per_floor":[71,71,71,71,71,71,71,71,71,71,71,71,71,71,71,71],"card_choices":[{"not_picked":["Beam Cell","Coolheaded"],"picked":"Doom and Gloom","floor":1},{"not_picked":["Lockon","Turbo"],"picked":"Hologram","floor":3},{"not_picked":["Conserve Battery","Coolheaded"],"picked":"Compile Driver","floor":5},{"not_picked":["Rip and Tear","Beam Cell"],"picked":"Self Repair","floor":6},{"not_picked":["Aggregate","Leap"],"picked":"Fission","floor":8},{"not_picked":["Gash","Go for the Eyes"],"picked":"Steam","floor":11},{"not_picked":["Redo","BootSequence"],"picked":"Conserve Battery","floor":12},{"not_picked":["Reprogram","Aggregate","Go for the Eyes"],"picked":"SKIP","floor":13},{"not_picked":["White Noise","Go for the Eyes"],"picked":"FTL","floor":14}],"player_experience":748877,"relics_obtained":[{"floor":6,"key":"DataDisk"},{"floor":8,"key":"The Courier"},{"floor":9,"key":"Pantograph"},{"floor":13,"key":"Whetstone"}],"event_choices":[{"cards_removed":["Strike_B"],"damage_healed":0,"gold_gain":0,"player_choice":"Card Removal","damage_taken":0,"max_hp_gain":0,"max_hp_loss":0,"event_name":"The Cleric","floor":2,"gold_loss":75}],"is_beta":false,"boss_relics":[],"items_purged_floors":[],"is_endless":false,"potions_floor_spawned":[3,5,12],"killed_by":"Slime Boss","ascension_level":20}