{"gold_per_floor":[112,112,187,199,199,226,66,66,66,66,92,92,106,133,133,211,211,228,208,222,44,44,78,78,78],"floor_reached":25,"playtime":752,"items_purged":["Strike_B","Strike_B"],"score":480,"play_id":"1570d457-c285-4293-a953-7e9516746d79","local_time":"20190518004810","is_ascension_mode":true,"campfire_choices":[{"data":"Capacitor","floor":8,"key":"SMITH"},{"data":"Genetic Algorithm","floor":10,"key":"SMITH"},{"data":"Conserve Battery","floor":12,"key":"SMITH"},{"floor":15,"key":"REST"},{"data":"Echo Form","floor":24,"key":"SMITH"}],"neow_cost":"NONE","seed_source_timestamp":351150952600100,"circlet_count":0,"master_deck":["AscendersBane","Strike_B","Strike_B","Defend_B","Defend_B","Defend_B","Defend_B","Zap+1","Dualcast","Gash","Genetic Algorithm+1","Gash","Capacitor+1","Hologram","Conserve Battery+1","Barrage","Rainbow","Echo Form+1","Compile Driver","Storm","BootSequence","Doom and Gloom"],"relics":["Cracked Core","NeowsBlessing","Mango","Ginger","Letter Opener","Bottled Tornado","StoneCalendar","Nuclear Battery","Toxic Egg 2"],"potions_floor_usage":[14,16,16,23,25],"damage_taken":[{"damage":0,"enemies":"Cultist","floor":1,"turns":1},{"damage":0,"enemies":"Small Slimes","floor":4,"turns":1},{"damage":0,"enemies":"3 Sentries","floor":6,"turns":1},{"damage":10,"enemies":"Lagavulin","floor":11,"turns":6},{"damage":7,"enemies":"2 Louse","floor":13,"turns":3},{"damage":43,"enemies":"3 Sentries","floor":14,"turns":11},{"damage":7,"enemies":"Hexaghost","floor":16,"turns":8},{"damage":14,"enemies":"Spheric Guardian","floor":18,"turns":4},{"damage":16,"enemies":"Shell Parasite","floor":20,"turns":4},{"damage":11,"enemies":"Book of Stabbing","floor":23,"turns":5},{"damage":44,"enemies":"Gremlin Leader","floor":25,"turns":6}],"seed_played":"9068133667295951054","potions_obtained":[{"floor":11,"key":"LiquidBronze"},{"floor":14,"key":"Swift Potion"},{"floor":16,"key":"Fruit Juice"},{"floor":18,"key":"EssenceOfSteel"},{"floor":19,"key":"EssenceOfSteel"}],"is_trial":false,"path_per_floor":["M","?","?","M","?","E","$","R","T","R","E","R","M","E","R","B",null,"M","?","M","$","?","E","R","E"],"character_chosen":"DEFECT","items_purchased":["Capacitor","Hologram","BootSequence"],"campfire_rested":1,"item_purchase_floors":[7,7,21],"current_hp_per_floor":[64,73,62,62,62,62,62,62,62,62,52,52,45,2,27,25,74,60,60,44,44,44,33,33,0],"gold":78,"neow_bonus":"THREE_ENEMY_KILL","is_prod":false,"is_daily":false,"chose_seed":false,"campfire_upgraded":4,"win_rate":0,"timestamp":1558133290,"path_taken":["M","?","?","M","?","E","$","R","T","R","E","R","?","E","R","BOSS","M","?","?","$","?","E","R","E"],"build_version":"2019-01-23","purchased_purges":2,"victory":false,"max_hp_per_floor":[71,85,85,85,85,85,85,85,85,85,85,85,85,85,85,90,90,90,90,90,90,90,90,90,90],"card_choices":[{"not_picked":["Rebound","Streamline"],"picked":"Gash","floor":1},{"not_picked":["Compile Driver","Stack"],"picked":"Genetic Algorithm","floor":4},{"not_picked":["Sweeping Beam","Darkness"],"picked":"Gash","floor":6},{"not_picked":["Seek","Beam Cell"],"picked":"Conserve Battery","floor":11},{"not_picked":["Steam","Redo"],"picked":"Barrage","floor":13},{"not_picked":["Redo","Defragment"],"picked":"Rainbow","floor":14},{"not_picked":["Hyperbeam","Multi-Cast"],"picked":"Echo Form","floor":16},{"not_picked":["Ball Lightning","Go for the Eyes"],"picked":"Compile Driver","floor":18},{"not_picked":["Turbo","Coolheaded"],"picked":"Storm","floor":20},{"not_picked":["Rebound+1","Darkness"],"picked":"Doom and Gloom","floor":23}],"player_experience":1138471,"relics_obtained":[{"floor":6,"key":"Ginger"},{"floor":9,"key":"Letter Opener"},{"floor":11,"key":"Bottled Tornado"},{"floor":14,"key":"StoneCalendar"},{"floor":23,"key":"Toxic Egg 2"}],"event_choices":[{"damage_healed":0,"gold_gain":0,"player_choice":"Success","damage_taken":5,"relics_obtained":["Mango"],"max_hp_gain":0,"max_hp_loss":0,"event_name":"Scrap Ooze","floor":2,"gold_loss":0},{"damage_healed":0,"gold_gain":75,"player_choice":"Gather Gold","damage_taken":11,"max_hp_gain":0,"max_hp_loss":0,"event_name":"World of Goop","floor":3,"gold_loss":0},{"damage_healed":0,"gold_gain":0,"player_choice":"Forge","damage_taken":0,"max_hp_gain":0,"max_hp_loss":0,"event_name":"Accursed Blacksmith","floor":5,"gold_loss":0,"cards_upgraded":["Zap"]},{"damage_healed":0,"gold_gain":0,"player_choice":"Bought 1 Potion","damage_taken":0,"max_hp_gain":0,"max_hp_loss":0,"event_name":"The Woman in Blue","floor":19,"gold_loss":0},{"damage_healed":0,"gold_gain":0,"player_choice":"Ignored","damage_taken":0,"max_hp_gain":0,"max_hp_loss":0,"event_name":"Beggar","floor":22,"gold_loss":0}],"is_beta":false,"boss_relics":[{"not_picked":["Runic Dome","Philosopher\u0027s Stone"],"picked":"Nuclear Battery"}],"items_purged_floors":[7,21],"is_endless":false,"potions_floor_spawned":[11,14,16,18,20],"killed_by":"Gremlin Leader","ascension_level":15}