{"gold_per_floor":[112,128,128,128,147,174,174,207,207,207,232,232,260,260,260,334,334,348,348,348,263,273,273,145,155,182,201,201,201,212,47,47,126,126,144,419,380,380,73,73,92,92,92,92,105,117,117,129,129,129],"floor_reached":50,"playtime":1809,"items_purged":["Bash"],"score":957,"play_id":"439b6c91-732e-4a44-b8dd-c527c780cbfa","local_time":"20190217220726","is_ascension_mode":true,"campfire_choices":[{"data":"Perfected Strike","floor":7.0,"key":"SMITH"},{"data":"Flex","floor":10.0,"key":"SMITH"},{"floor":12.0,"key":"REST"},{"data":"Flex","floor":15.0,"key":"SMITH"},{"floor":23.0,"key":"REST"},{"data":"Limit Break","floor":32.0,"key":"SMITH"},{"floor":40.0,"key":"REST"},{"floor":42.0,"key":"REST"},{"data":"Metallicize","floor":44.0,"key":"SMITH"},{"floor":49.0,"key":"REST"}],"neow_cost":"NONE","seed_source_timestamp":121503058712437,"circlet_count":0,"master_deck":["AscendersBane","Strike_R+1","Strike_R+1","Strike_R+1","Strike_R+1","Strike_R+1","Defend_R+1","Clash+1","Perfected Strike+1","Flex+1","Clash","Clash","Pummel","Clash","Flex+1","Double Tap","Pummel","Inflame","Iron Wave","Anger+1","Shrug It Off","Limit Break+1","Limit Break","Fire Breathing+1","Metallicize+1","Fire Breathing","Rampage+1","Shame","Clothesline","Anger+1","Doubt","Anger"],"special_seed":0,"relics":["Burning Blood","NeowsBlessing","Champion Belt","Shuriken","Strawberry","Self Forming Clay","Omamori","Oddly Smooth Stone","Empty Cage","Juzu Bracelet","Red Skull","Cursed Key","Whetstone"],"potions_floor_usage":[],"damage_taken":[{"damage":0.0,"enemies":"Small Slimes","floor":1.0,"turns":1.0},{"damage":0.0,"enemies":"2 Louse","floor":2.0,"turns":1.0},{"damage":0.0,"enemies":"Jaw Worm","floor":5.0,"turns":1.0},{"damage":25.0,"enemies":"Lagavulin","floor":6.0,"turns":4.0},{"damage":20.0,"enemies":"3 Sentries","floor":8.0,"turns":7.0},{"damage":27.0,"enemies":"Lagavulin","floor":11.0,"turns":4.0},{"damage":12.0,"enemies":"3 Sentries","floor":13.0,"turns":3.0},{"damage":35.0,"enemies":"The Guardian","floor":16.0,"turns":6.0},{"damage":11.0,"enemies":"Spheric Guardian","floor":18.0,"turns":3.0},{"damage":22.0,"enemies":"2 Thieves","floor":22.0,"turns":2.0},{"damage":18.0,"enemies":"Shelled Parasite and Fungi","floor":25.0,"turns":3.0},{"damage":18.0,"enemies":"Snecko","floor":27.0,"turns":3.0},{"damage":11.0,"enemies":"3 Cultists","floor":30.0,"turns":4.0},{"damage":37.0,"enemies":"Collector","floor":33.0,"turns":6.0},{"damage":36.0,"enemies":"3 Darklings","floor":35.0,"turns":6.0},{"damage":19.0,"enemies":"Orb Walker","floor":41.0,"turns":3.0},{"damage":54.0,"enemies":"Spire Growth","floor":45.0,"turns":4.0},{"damage":20.0,"enemies":"Jaw Worm Horde","floor":46.0,"turns":3.0},{"damage":30.0,"enemies":"3 Darklings","floor":48.0,"turns":4.0},{"damage":96,"enemies":"Time Eater","floor":50,"turns":6}],"seed_played":"-3603210200089934262","potions_obtained":[{"floor":1.0,"key":"Energy Potion"},{"floor":11.0,"key":"AttackPotion"},{"floor":13.0,"key":"AttackPotion"},{"floor":22.0,"key":"Regen Potion"},{"floor":27.0,"key":"Dexterity Potion"},{"floor":33.0,"key":"SkillPotion"},{"floor":45.0,"key":"FairyPotion"}],"is_trial":false,"path_per_floor":["M","M","?","?","M","E","R","E","T","R","E","R","E","?","R","B",null,"M","?","?","?","M","R","$","M","T","M","?","?","M","$","R","B",null,"M","?","$","?","$","R","M","R","T","R","M","M","?","M","R","B"],"character_chosen":"IRONCLAD","items_purchased":["SteroidPotion","Limit Break","Metallicize","Fire Breathing","Whetstone","Fire Potion"],"campfire_rested":5,"item_purchase_floors":[24,31,37,39,39,39],"current_hp_per_floor":[74,75,75,70,75,56,56,49,49,49,28,52,46,46,46,17,66,61,61,61,61,45,69,69,66,66,54,46,46,41,41,41,10,64,34,34,34,50,50,74,61,82,82,82,34,20,82,58,82,0],"gold":129,"neow_bonus":"THREE_ENEMY_KILL","is_prod":false,"is_daily":false,"chose_seed":false,"campfire_upgraded":5,"win_rate":0,"timestamp":1550437646,"path_taken":["M","M","?","?","M","E","R","E","T","R","E","R","E","?","R","BOSS","M","?","?","?","M","R","$","M","T","M","?","?","M","$","R","BOSS","M","?","$","?","$","R","M","R","T","R","M","M","?","M","R","BOSS"],"build_version":"2019-01-23","purchased_purges":1,"victory":false,"max_hp_per_floor":[75,75,75,75,75,75,75,82,82,82,82,82,82,82,82,82,82,82,82,82,82,82,82,82,82,82,82,82,82,82,82,82,82,82,82,82,82,82,82,82,82,82,82,82,82,82,82,82,82,82],"card_choices":[{"not_picked":["Entrench","True Grit"],"picked":"Clash","floor":1.0},{"not_picked":["Searing Blow","Shockwave"],"picked":"Perfected Strike","floor":2.0},{"not_picked":["Headbutt","Warcry"],"picked":"Clash","floor":5.0},{"not_picked":["Armaments","Anger"],"picked":"Clash","floor":6.0},{"not_picked":["Flame Barrier","Barricade"],"picked":"Pummel","floor":8.0},{"not_picked":["Burning Pact","Flex"],"picked":"Clash","floor":11.0},{"not_picked":["Spot Weakness","Sword Boomerang"],"picked":"Flex","floor":13.0},{"not_picked":["Bludgeon","Impervious"],"picked":"Double Tap","floor":16.0},{"not_picked":["Flex","Flame Barrier"],"picked":"Pummel","floor":18.0},{"not_picked":["Entrench","Flame Barrier"],"picked":"Inflame","floor":22.0},{"not_picked":["Havoc","Twin Strike"],"picked":"Iron Wave","floor":25.0},{"not_picked":["Clothesline","Wild Strike"],"picked":"Anger","floor":27.0},{"not_picked":["Carnage","Rupture"],"picked":"Shrug It Off","floor":30.0},{"not_picked":["Barricade","Brutality"],"picked":"Limit Break","floor":33.0},{"not_picked":["Uppercut","Bloodletting"],"picked":"Fire Breathing+1","floor":35.0},{"not_picked":["Corruption","Body Slam"],"picked":"Rampage+1","floor":41.0},{"not_picked":["Body Slam","Rupture"],"picked":"Clothesline","floor":45.0},{"not_picked":["Havoc+1","Second Wind"],"picked":"Anger+1","floor":46.0},{"not_picked":["Havoc+1","Sever Soul"],"picked":"Anger","floor":48.0}],"player_experience":640348,"relics_obtained":[{"floor":6.0,"key":"Shuriken"},{"floor":8.0,"key":"Strawberry"},{"floor":9.0,"key":"Self Forming Clay"},{"floor":11.0,"key":"Omamori"},{"floor":13.0,"key":"Oddly Smooth Stone"},{"floor":26.0,"key":"Red Skull"}],"event_choices":[{"damage_healed":0.0,"max_hp_gain":0.0,"max_hp_loss":0.0,"gold_gain":0.0,"cards_transformed":["Defend_R"],"event_name":"Living Wall","player_choice":"Change","floor":3.0,"gold_loss":0.0,"damage_taken":0.0,"cards_obtained":["Flex"]},{"damage_healed":0.0,"max_hp_gain":0.0,"max_hp_loss":0.0,"gold_gain":0.0,"event_name":"Scrap Ooze","player_choice":"Success","floor":4.0,"gold_loss":0.0,"damage_taken":5.0,"relics_obtained":["Champion Belt"]},{"damage_healed":0.0,"max_hp_gain":0.0,"max_hp_loss":0.0,"gold_gain":0.0,"event_name":"Shining Light","player_choice":"Ignored","floor":14.0,"gold_loss":0.0,"damage_taken":0.0},{"damage_healed":0.0,"max_hp_gain":0.0,"max_hp_loss":0.0,"gold_gain":0.0,"event_name":"Cursed Tome","player_choice":"Ignored","floor":19.0,"gold_loss":0.0,"damage_taken":0.0},{"damage_healed":0.0,"max_hp_gain":0.0,"max_hp_loss":0.0,"gold_gain":0.0,"event_name":"Back to Basics","player_choice":"Simplicity","floor":20.0,"gold_loss":0.0,"damage_taken":0.0,"cards_upgraded":["Strike_R","Strike_R","Strike_R","Strike_R","Strike_R","Defend_R"]},{"damage_healed":0.0,"max_hp_gain":0.0,"max_hp_loss":0.0,"gold_gain":0.0,"event_name":"Addict","player_choice":"Obtained Relic","floor":21.0,"gold_loss":85.0,"damage_taken":0.0,"relics_obtained":["Juzu Bracelet"]},{"damage_healed":0.0,"max_hp_gain":0.0,"max_hp_loss":0.0,"gold_gain":0.0,"event_name":"Knowing Skull","player_choice":"","floor":28.0,"potions_obtained":[],"gold_loss":0.0,"damage_taken":8.0,"cards_obtained":[]},{"damage_healed":0.0,"max_hp_gain":0.0,"max_hp_loss":0.0,"gold_gain":0.0,"event_name":"Match and Keep!","player_choice":"0 cards matched","floor":29.0,"gold_loss":0.0,"damage_taken":0.0,"cards_obtained":[]},{"damage_healed":0.0,"max_hp_gain":0.0,"max_hp_loss":0.0,"gold_gain":275.0,"event_name":"Golden Shrine","player_choice":"Desecrate","floor":36.0,"gold_loss":0.0,"damage_taken":0.0,"cards_obtained":["Regret"]},{"damage_healed":16.0,"max_hp_gain":0.0,"max_hp_loss":0.0,"gold_gain":0.0,"event_name":"Winding Halls","player_choice":"Writhe","floor":38.0,"gold_loss":0.0,"damage_taken":0.0,"cards_obtained":["Writhe"]},{"damage_healed":62.0,"max_hp_gain":0.0,"max_hp_loss":0.0,"gold_gain":0.0,"event_name":"MindBloom","player_choice":"Heal","floor":47.0,"gold_loss":0.0,"damage_taken":0.0,"cards_obtained":["Doubt"]}],"is_beta":false,"boss_relics":[{"not_picked":["Mark of Pain","Pandora\u0027s Box"],"picked":"Empty Cage"},{"not_picked":["Snecko Eye","Velvet Choker"],"picked":"Cursed Key"}],"items_purged_floors":[24],"is_endless":false,"potions_floor_spawned":[1,11,13,22,27,33,41,45],"killed_by":"Time Eater","ascension_level":20}