{"gold_per_floor":[115,125,50,68,68,68,97,22,22,22],"floor_reached":10,"playtime":298,"items_purged":["Strike_R"],"score":119,"play_id":"d30614c4-994c-4001-be20-11e045794169","local_time":"20190610022524","is_ascension_mode":true,"campfire_choices":[{"data":"Spot Weakness","floor":6,"key":"SMITH"}],"neow_cost":"NONE","seed_source_timestamp":251511925602300,"circlet_count":0,"master_deck":["AscendersBane","Strike_R","Strike_R","Defend_R","Defend_R","Defend_R","Defend_R","Bash","Metallicize","Body Slam","Spot Weakness+1","Intimidate","Inflame"],"relics":["Burning Blood","Potion Belt","Darkstone Periapt","Smiling Mask"],"potions_floor_usage":[7],"damage_taken":[{"damage":10,"enemies":"2 Louse","floor":1,"turns":3},{"damage":9,"enemies":"Small Slimes","floor":2,"turns":4},{"damage":7,"enemies":"Jaw Worm","floor":4,"turns":5},{"damage":54,"enemies":"Lagavulin","floor":7,"turns":9},{"damage":29,"enemies":"Gremlin Nob","floor":10,"turns":3}],"seed_played":"-7234420893003127191","potions_obtained":[{"floor":4,"key":"SkillPotion"}],"is_trial":false,"path_per_floor":["M","M","?","M","?","R","E","$","T","E"],"character_chosen":"IRONCLAD","items_purchased":[],"campfire_rested":0,"item_purchase_floors":[],"current_hp_per_floor":[64,61,61,60,60,60,12,12,12,0],"gold":22,"neow_bonus":"RANDOM_COMMON_RELIC","is_prod":false,"is_daily":false,"chose_seed":false,"campfire_upgraded":1,"win_rate":0,"timestamp":1560126324,"path_taken":["M","M","?","M","?","R","E","?","T","E"],"build_version":"2019-01-23","purchased_purges":1,"victory":false,"max_hp_per_floor":[75,75,75,75,75,75,75,75,75,75],"card_choices":[{"not_picked":["Wild Strike","Inflame"],"picked":"Metallicize","floor":1},{"not_picked":["Power Through","True Grit"],"picked":"Body Slam","floor":2},{"not_picked":["Carnage","Perfected Strike"],"picked":"Spot Weakness","floor":4},{"not_picked":["Sentinel","Havoc"],"picked":"Inflame","floor":7}],"player_experience":1262521,"relics_obtained":[{"floor":7,"key":"Darkstone Periapt"},{"floor":9,"key":"Smiling Mask"}],"event_choices":[{"cards_removed":["Strike_R"],"damage_healed":0,"gold_gain":0,"player_choice":"Card Removal","damage_taken":0,"max_hp_gain":0,"max_hp_loss":0,"event_name":"The Cleric","floor":3,"gold_loss":75},{"damage_healed":0,"gold_gain":0,"cards_transformed":["Strike_R"],"player_choice":"Change","damage_taken":0,"max_hp_gain":0,"max_hp_loss":0,"event_name":"Living Wall","floor":5,"gold_loss":0,"cards_obtained":["Intimidate"]}],"is_beta":false,"boss_relics":[],"items_purged_floors":[8],"is_endless":false,"potions_floor_spawned":[4],"killed_by":"Gremlin Nob","ascension_level":16}