{"gold_per_floor":[109,121,45,60,60,60,75,75,75,93,106,135,135,148,148,226,226,239,239,258,7,7,7,7],"floor_reached":24,"playtime":1364,"items_purged":[],"score":396,"play_id":"30fc04d3-8e10-4154-8eaa-d8b4e8b4944b","local_time":"20190715194015","is_ascension_mode":true,"campfire_choices":[{"data":"Defragment","floor":6.0,"key":"SMITH"},{"data":"Zap","floor":8.0,"key":"SMITH"},{"data":"White Noise","floor":13.0,"key":"SMITH"},{"data":"Genetic Algorithm","floor":15.0,"key":"SMITH"},{"floor":23,"key":"REST"}],"neow_cost":"NONE","seed_source_timestamp":0,"circlet_count":0,"master_deck":["AscendersBane","Strike_B","Strike_B","Strike_B","Strike_B","Defend_B","Defend_B","Defend_B","Defend_B","Zap+1","Dualcast","Coolheaded","Defragment+1","Chill","Cold Snap","Core Surge","White Noise+1","Genetic Algorithm+1","Echo Form","Loop","Self Repair"],"special_seed":0,"relics":["Cracked Core","Smiling Mask","Dead Branch","Bottled Lightning","Snecko Eye","Nilry\u0027s Codex","Membership Card"],"potions_floor_usage":[24],"damage_taken":[{"damage":4.0,"enemies":"Small Slimes","floor":1.0,"turns":3.0},{"damage":5.0,"enemies":"Jaw Worm","floor":2.0,"turns":4.0},{"damage":0.0,"enemies":"Cultist","floor":4.0,"turns":4.0},{"damage":5.0,"enemies":"Looter","floor":7.0,"turns":4.0},{"damage":6.0,"enemies":"3 Louse","floor":10.0,"turns":3.0},{"damage":0.0,"enemies":"Exordium Wildlife","floor":11.0,"turns":4.0},{"damage":4.0,"enemies":"Gremlin Nob","floor":12.0,"turns":4.0},{"damage":0.0,"enemies":"Blue Slaver","floor":14.0,"turns":3.0},{"damage":24.0,"enemies":"Hexaghost","floor":16.0,"turns":12.0},{"damage":2.0,"enemies":"Chosen","floor":18.0,"turns":4.0},{"damage":38,"enemies":"2 Thieves","floor":20,"turns":5},{"damage":27,"enemies":"Book of Stabbing","floor":24,"turns":4}],"seed_played":"3985637617134248113","potions_obtained":[{"floor":1.0,"key":"Ancient Potion"},{"floor":7.0,"key":"FocusPotion"},{"floor":14.0,"key":"Dexterity Potion"}],"is_trial":false,"path_per_floor":["M","M","$","M","?","R","M","R","T","M","M","E","R","M","R","B",null,"M","?","M","$","?","R","E"],"character_chosen":"DEFECT","items_purchased":["Defragment","Membership Card","Loop"],"campfire_rested":1,"item_purchase_floors":[3,21,21],"current_hp_per_floor":[60,55,55,55,60,60,55,55,55,49,49,45,45,45,45,21,62,60,39,1,1,1,23,0],"gold":7,"neow_bonus":"RANDOM_COMMON_RELIC","is_prod":false,"is_daily":false,"chose_seed":false,"campfire_upgraded":4,"win_rate":0,"timestamp":1563216015,"path_taken":["M","M","$","M","?","R","M","R","T","M","M","E","R","M","R","BOSS","M","?","M","$","?","R","E"],"build_version":"2019-07-05","purchased_purges":0,"victory":false,"max_hp_per_floor":[71,71,71,71,76,76,76,76,76,76,76,76,76,76,76,76,76,76,76,76,76,76,76,76],"card_choices":[{"not_picked":["Undo","Conserve Battery"],"picked":"Coolheaded","floor":1.0},{"not_picked":["Recycle","Rebound","Sweeping Beam"],"picked":"SKIP","floor":2.0},{"not_picked":["Hologram","Streamline"],"picked":"Chill","floor":4.0},{"not_picked":["Scrape","Leap"],"picked":"Cold Snap","floor":7.0},{"not_picked":["Melter","Stack"],"picked":"Core Surge","floor":10.0},{"not_picked":["BootSequence","Leap","Coolheaded"],"picked":"SKIP","floor":11.0},{"not_picked":["Creative AI","Ball Lightning"],"picked":"White Noise","floor":12.0},{"not_picked":["BootSequence","Melter"],"picked":"Genetic Algorithm","floor":14.0},{"not_picked":["All For One","Machine Learning"],"picked":"Echo Form","floor":16.0},{"not_picked":["Redo+1","Rebound","Leap"],"picked":"SKIP","floor":18.0},{"not_picked":["Streamline","Rebound","Sweeping Beam"],"picked":"SKIP","floor":20},{"not_picked":["Streamline","Rebound","Sweeping Beam"],"picked":"SKIP","floor":20}],"player_experience":1171426,"relics_obtained":[{"floor":9.0,"key":"Dead Branch"},{"floor":12.0,"key":"Bottled Lightning"},{"floor":19.0,"key":"Nilry\u0027s Codex"}],"event_choices":[{"damage_healed":0.0,"max_hp_gain":5.0,"max_hp_loss":0.0,"gold_gain":0.0,"event_name":"Big Fish","player_choice":"Donut","floor":5.0,"gold_loss":0.0,"damage_taken":0.0},{"damage_healed":0.0,"max_hp_gain":0.0,"max_hp_loss":0.0,"gold_gain":0.0,"event_name":"Cursed Tome","player_choice":"Obtained Book","floor":19.0,"gold_loss":0.0,"damage_taken":21.0},{"damage_healed":0,"gold_gain":0,"player_choice":"Read","damage_taken":0,"max_hp_gain":0,"max_hp_loss":0,"event_name":"The Library","floor":22,"gold_loss":0,"cards_obtained":["Self Repair"]}],"is_beta":false,"boss_relics":[{"not_picked":["Lizard Tail","Fusion Hammer"],"picked":"Snecko Eye"}],"items_purged_floors":[],"is_endless":false,"potions_floor_spawned":[1,7,14,16],"killed_by":"Book of Stabbing","ascension_level":20}