{"gold_per_floor":[112,129,129,195,214,249,249,274,274,274,289,289,307,340,340,413,413,428,445,445,455,469,469],"floor_reached":23,"playtime":1011,"items_purged":[],"score":426,"play_id":"29c1f35a-265b-450f-b7cf-7cf86ec9bbe2","local_time":"20190222105126","is_ascension_mode":true,"campfire_choices":[{"floor":7.0,"key":"REST"},{"floor":12.0,"key":"REST"},{"floor":15.0,"key":"REST"}],"neow_cost":"TEN_PERCENT_HP_LOSS","seed_source_timestamp":513692001080138,"circlet_count":0,"master_deck":["AscendersBane","Strike_B","Defend_B","Defend_B","Defend_B","Defend_B","Zap","Dualcast","Capacitor","Compile Driver","Doom and Gloom","Cold Snap","Cold Snap","Leap","Consume+1","Glacier+1","Creative AI","Core Surge","Leap+1","Coolheaded+1","BootSequence+1","Compile Driver","Conserve Battery+1","Force Field+1"],"special_seed":0,"relics":["Cracked Core","Nunchaku","Question Card","Mango","Pocketwatch","Toxic Egg 2","Smiling Mask","Cursed Key"],"potions_floor_usage":[],"damage_taken":[{"damage":4.0,"enemies":"Jaw Worm","floor":1.0,"turns":3.0},{"damage":7.0,"enemies":"2 Louse","floor":2.0,"turns":2.0},{"damage":0.0,"enemies":"Small Slimes","floor":5.0,"turns":2.0},{"damage":24.0,"enemies":"Gremlin Nob","floor":6.0,"turns":4.0},{"damage":31.0,"enemies":"Lagavulin","floor":8.0,"turns":6.0},{"damage":1.0,"enemies":"3 Louse","floor":11.0,"turns":3.0},{"damage":4.0,"enemies":"Large Slime","floor":13.0,"turns":5.0},{"damage":8.0,"enemies":"Gremlin Nob","floor":14.0,"turns":5.0},{"damage":15.0,"enemies":"Slime Boss","floor":16.0,"turns":9.0},{"damage":10.0,"enemies":"2 Thieves","floor":18.0,"turns":3.0},{"damage":6.0,"enemies":"Chosen","floor":19.0,"turns":7.0},{"damage":12.0,"enemies":"Snake Plant","floor":21.0,"turns":7.0},{"damage":13.0,"enemies":"Cultist and Chosen","floor":22.0,"turns":9.0},{"damage":33,"enemies":"Gremlin Leader","floor":23,"turns":4}],"seed_played":"6853497245427683238","potions_obtained":[{"floor":1.0,"key":"FocusPotion"},{"floor":5.0,"key":"SteroidPotion"},{"floor":11.0,"key":"FearPotion"},{"floor":14.0,"key":"Explosive Potion"},{"floor":18.0,"key":"Weak Potion"}],"is_trial":false,"path_per_floor":["M","M","?","?","M","E","R","E","T","?","M","R","M","E","R","B",null,"M","M","?","M","M","E"],"character_chosen":"DEFECT","items_purchased":[],"campfire_rested":3,"item_purchase_floors":[],"current_hp_per_floor":[60,53,53,53,53,29,48,31,31,20,19,42,38,30,53,38,68,58,52,52,40,27,0],"gold":469,"neow_bonus":"ONE_RARE_RELIC","is_prod":false,"is_daily":false,"chose_seed":false,"campfire_upgraded":0,"win_rate":0,"timestamp":1550829086,"path_taken":["M","M","?","?","M","E","R","E","T","?","M","R","M","E","R","BOSS","M","M","?","M","M","E"],"build_version":"2019-01-23","purchased_purges":0,"victory":false,"max_hp_per_floor":[64,64,64,64,64,64,64,78,78,78,78,78,78,78,78,78,78,78,78,78,78,78,78],"card_choices":[{"not_picked":["Undo","Hello World"],"picked":"Capacitor","floor":1.0},{"not_picked":["Reprogram","Stack"],"picked":"Compile Driver","floor":2.0},{"not_picked":["Steam Power","Steam"],"picked":"Cold Snap","floor":5.0},{"not_picked":["Rebound","Hello World"],"picked":"Cold Snap","floor":6.0},{"not_picked":["Barrage","Chaos","Chill"],"picked":"Leap","floor":8.0},{"not_picked":["Turbo+1","Stack+1","Gash"],"picked":"Consume+1","floor":11.0},{"not_picked":["Gash","Leap+1","Darkness+1"],"picked":"Glacier+1","floor":13.0},{"not_picked":["Ball Lightning","Barrage","Auto Shields+1"],"picked":"Creative AI","floor":14.0},{"not_picked":["All For One","Multi-Cast+1","Hyperbeam"],"picked":"Core Surge","floor":16.0},{"not_picked":["Cold Snap","Rebound","Compile Driver"],"picked":"Leap+1","floor":18.0},{"not_picked":["Hello World","Sweeping Beam","Beam Cell+1"],"picked":"Coolheaded+1","floor":19.0},{"not_picked":["Stack+1","Beam Cell","Sweeping Beam"],"picked":"Conserve Battery+1","floor":21.0},{"not_picked":["Streamline","Coolheaded+1","Undo+1"],"picked":"Force Field+1","floor":22.0}],"player_experience":656296,"relics_obtained":[{"floor":6.0,"key":"Question Card"},{"floor":8.0,"key":"Mango"},{"floor":9.0,"key":"Pocketwatch"},{"floor":14.0,"key":"Smiling Mask"}],"event_choices":[{"damage_healed":0.0,"max_hp_gain":0.0,"max_hp_loss":0.0,"gold_gain":0.0,"cards_transformed":["Strike_B"],"event_name":"Living Wall","player_choice":"Change","floor":3.0,"gold_loss":0.0,"damage_taken":0.0,"cards_obtained":["Doom and Gloom"]},{"damage_healed":0.0,"max_hp_gain":0.0,"max_hp_loss":0.0,"gold_gain":66.0,"event_name":"Golden Wing","player_choice":"Gained Gold","floor":4.0,"gold_loss":0.0,"damage_taken":0.0},{"damage_healed":0.0,"max_hp_gain":0.0,"max_hp_loss":0.0,"gold_gain":0.0,"event_name":"Scrap Ooze","player_choice":"Success","floor":10.0,"gold_loss":0.0,"damage_taken":11.0,"relics_obtained":["Toxic Egg 2"]},{"damage_healed":0.0,"max_hp_gain":0.0,"max_hp_loss":0.0,"gold_gain":0.0,"cards_transformed":["Strike_B","Strike_B"],"event_name":"Drug Dealer","player_choice":"Became Test Subject","floor":20.0,"gold_loss":0.0,"damage_taken":0.0,"cards_obtained":["BootSequence","Compile Driver"]}],"is_beta":false,"boss_relics":[{"not_picked":["Coffee Dripper","Runic Pyramid"],"picked":"Cursed Key"}],"items_purged_floors":[],"is_endless":false,"potions_floor_spawned":[1,5,11,14,18],"killed_by":"Gremlin Leader","ascension_level":20}