{"gold_per_floor":[111,111,16,28,28,63,79,79,79,79,254,309,9,37,37,37],"floor_reached":16,"playtime":874,"items_purged":["Strike_G"],"score":159,"play_id":"27cf65e9-c4c6-4844-a905-26606b4f6091","local_time":"20180907152907","is_ascension_mode":true,"campfire_choices":[{"floor":8,"key":"REST"},{"data":"Neutralize","floor":10,"key":"SMITH"},{"floor":15,"key":"REST"}],"neow_cost":"NONE","seed_source_timestamp":1744358964776693,"circlet_count":0,"master_deck":["Defend_G","Defend_G","Defend_G","Defend_G","Defend_G","Strike_G","Strike_G","Strike_G","Survivor","Neutralize+1","AscendersBane","Wraith Form v2","Dagger Throw","Footwork","Cloak And Dagger","Riddle With Holes","Die Die Die","Flechettes","Doubt","A Thousand Cuts","Panacea","Caltrops"],"relics":["Ring of the Snake","Letter Opener","Smiling Mask","MawBank","Mummified Hand"],"potions_floor_usage":[16,16,16],"damage_taken":[{"damage":0,"enemies":"2 Louse","floor":1,"turns":3},{"damage":0,"enemies":"Small Slimes","floor":4,"turns":6},{"damage":50,"enemies":"Lagavulin","floor":6,"turns":11},{"damage":0,"enemies":"Cultist","floor":7,"turns":4},{"damage":19,"enemies":"3 Sentries","floor":14,"turns":7},{"damage":44,"enemies":"Hexaghost","floor":16,"turns":16}],"seed_played":"6158963637644951902","potions_obtained":[{"floor":6,"key":"Weak Potion"},{"floor":7,"key":"SpeedPotion"},{"floor":14,"key":"Block Potion"}],"is_trial":false,"path_per_floor":["M","?","$","M","?","E","M","R","T","R","?","T","$","E","R"],"character_chosen":"THE_SILENT","items_purchased":["Footwork","Cloak And Dagger","A Thousand Cuts","Panacea"],"campfire_rested":2,"item_purchase_floors":[3,3,13,13],"current_hp_per_floor":[63,56,56,56,70,20,20,41,41,41,41,41,41,22,43,0],"gold":37,"neow_bonus":"ONE_RANDOM_RARE_CARD","is_prod":false,"is_daily":false,"chose_seed":false,"campfire_upgraded":1,"win_rate":0,"timestamp":1536330547,"path_taken":["M","?","$","?","?","E","M","R","T","R","?","?","$","E","R","BOSS"],"build_version":"2018-09-06","purchased_purges":1,"victory":false,"max_hp_per_floor":[70,70,70,70,70,70,70,70,70,70,70,70,70,70,70,70],"card_choices":[{"not_picked":["Flying Knee","Acrobatics"],"picked":"Dagger Throw","floor":1},{"not_picked":["Backflip","Prepared"],"picked":"Riddle With Holes","floor":4},{"not_picked":["Flechettes","Bane"],"picked":"Die Die Die","floor":6},{"not_picked":["Underhanded Strike","All Out Attack"],"picked":"Flechettes","floor":7},{"not_picked":["Slice","Prepared"],"picked":"Caltrops","floor":14}],"player_experience":656494,"relics_obtained":[{"floor":6,"key":"Letter Opener"},{"floor":9,"key":"Smiling Mask"},{"floor":12,"key":"MawBank"},{"floor":14,"key":"Mummified Hand"}],"event_choices":[{"event_name":"Golden Wing","player_choice":"Card Removal","floor":2,"damage_taken":0},{"event_name":"Big Fish","player_choice":"Banana","floor":5,"damage_taken":0},{"event_name":"Liars Game","player_choice":"agreed","floor":11,"damage_taken":0}],"is_beta":false,"boss_relics":[],"items_purged_floors":[13],"is_endless":false,"potions_floor_spawned":[6,7,14],"killed_by":"Hexaghost","ascension_level":10}