{"gold_per_floor":[14,25,25,25,36,61,76,76,154,168,186,186,15,26,26,26],"floor_reached":16,"playtime":709,"items_purged":["Strike_G"],"score":187,"play_id":"42bbece0-d650-4f4b-9563-479bb46814f2","local_time":"20190616234114","is_ascension_mode":true,"campfire_choices":[{"data":"Neutralize","floor":8,"key":"SMITH"},{"data":"Footwork","floor":12,"key":"SMITH"},{"data":"Finisher","floor":15,"key":"SMITH"}],"neow_cost":"NO_GOLD","seed_source_timestamp":429591734391800,"circlet_count":0,"master_deck":["AscendersBane","Defend_G","Defend_G","Defend_G+1","Defend_G","Defend_G","Strike_G","Strike_G","Strike_G","Strike_G+1","Survivor","Neutralize+1","PanicButton","Purity","Footwork+1","Endless Agony","Distraction","Endless Agony","Endless Agony","Blade Dance","Finisher+1","Noxious Fumes","Dagger Spray","Infinite Blades"],"relics":["Ring of the Snake","Meat on the Bone","PreservedInsect","Tiny Chest"],"potions_floor_usage":[6,14,16],"damage_taken":[{"damage":0,"enemies":"2 Louse","floor":1,"turns":4},{"damage":0,"enemies":"Jaw Worm","floor":2,"turns":8},{"damage":2,"enemies":"Small Slimes","floor":5,"turns":4},{"damage":21,"enemies":"3 Sentries","floor":6,"turns":14},{"damage":8,"enemies":"2 Fungi Beasts","floor":7,"turns":4},{"damage":1,"enemies":"Blue Slaver","floor":10,"turns":4},{"damage":0,"enemies":"Exordium Wildlife","floor":11,"turns":3},{"damage":3,"enemies":"Looter","floor":14,"turns":4},{"damage":48,"enemies":"Slime Boss","floor":16,"turns":9}],"seed_played":"-3690797356141263227","potions_obtained":[{"floor":1,"key":"PowerPotion"},{"floor":6,"key":"LiquidBronze"},{"floor":7,"key":"Swift Potion"}],"is_trial":false,"path_per_floor":["M","M","?","T","M","E","M","R","T","M","M","R","$","M","R","B"],"character_chosen":"THE_SILENT","items_purchased":["Noxious Fumes","Dagger Spray"],"campfire_rested":0,"item_purchase_floors":[13,13],"current_hp_per_floor":[59,59,39,39,37,28,32,32,32,43,43,43,43,40,40,0],"gold":26,"neow_bonus":"RANDOM_COLORLESS_2","is_prod":false,"is_daily":false,"chose_seed":false,"campfire_upgraded":3,"win_rate":0,"timestamp":1560721274,"path_taken":["M","M","?","?","M","E","M","R","T","M","M","R","$","M","R","BOSS"],"build_version":"2019-01-23","purchased_purges":1,"victory":false,"max_hp_per_floor":[66,66,66,66,66,66,66,66,66,66,66,66,66,66,66,66],"card_choices":[{"not_picked":["Dagger Spray","PiercingWail"],"picked":"Footwork","floor":1},{"not_picked":["Slice","Well Laid Plans"],"picked":"Endless Agony","floor":2},{"not_picked":["Terror","Poisoned Stab"],"picked":"Distraction","floor":5},{"not_picked":["Dagger Spray","Blade Dance"],"picked":"Endless Agony","floor":6},{"not_picked":["Terror","Riddle With Holes"],"picked":"Endless Agony","floor":7},{"not_picked":["Heel Hook","Acrobatics"],"picked":"Blade Dance","floor":10},{"not_picked":["Distraction","Deadly Poison"],"picked":"Finisher","floor":11},{"not_picked":["Dagger Throw","Dodge and Roll"],"picked":"Infinite Blades","floor":14}],"player_experience":1377962,"relics_obtained":[{"floor":4,"key":"Meat on the Bone"},{"floor":6,"key":"PreservedInsect"},{"floor":9,"key":"Tiny Chest"}],"event_choices":[{"damage_healed":0,"gold_gain":0,"player_choice":"Entered Light","damage_taken":20,"max_hp_gain":0,"max_hp_loss":0,"event_name":"Shining Light","floor":3,"gold_loss":0,"cards_upgraded":["Defend_G","Strike_G"]}],"is_beta":false,"boss_relics":[],"items_purged_floors":[13],"is_endless":false,"potions_floor_spawned":[1,6,7,11],"killed_by":"Slime Boss","ascension_level":16}