{"gold_per_floor":[15,15,30,30,45,45,83,108,108,121,121,121],"floor_reached":12,"playtime":345,"items_purged":[],"score":148,"play_id":"f3674045-e6ca-46ba-94d7-87e4e823a50b","local_time":"20190722013808","is_ascension_mode":true,"campfire_choices":[{"data":"Zap","floor":6,"key":"SMITH"},{"data":"Storm","floor":11,"key":"SMITH"}],"neow_cost":"NO_GOLD","seed_source_timestamp":57085832038000,"circlet_count":0,"master_deck":["AscendersBane","Strike_B","Strike_B","Strike_B","Defend_B","Defend_B","Defend_B+1","Defend_B","Zap+1","Dualcast","Electrodynamics","Beam Cell","Injury","Leap+1","Skim","Storm+1","Buffer","Gash","Genetic Algorithm"],"relics":["Cracked Core","Golden Idol","Smiling Mask","War Paint"],"potions_floor_usage":[8,10],"damage_taken":[{"damage":0,"enemies":"Cultist","floor":1,"turns":3},{"damage":11,"enemies":"2 Louse","floor":3,"turns":3},{"damage":10,"enemies":"Small Slimes","floor":5,"turns":3},{"damage":20,"enemies":"3 Sentries","floor":7,"turns":5},{"damage":0,"enemies":"Exordium Thugs","floor":8,"turns":3},{"damage":19,"enemies":"3 Louse","floor":10,"turns":3},{"damage":12,"enemies":"Exordium Wildlife","floor":12,"turns":1}],"seed_played":"-3279001295924130506","potions_obtained":[{"floor":7,"key":"Fire Potion"},{"floor":8,"key":"AttackPotion"}],"is_trial":false,"path_per_floor":["M","?","M","?","M","R","E","M","T","M","R","M"],"character_chosen":"DEFECT","items_purchased":[],"campfire_rested":0,"item_purchase_floors":[],"current_hp_per_floor":[64,64,53,53,43,43,23,23,23,4,4,0],"gold":121,"neow_bonus":"THREE_RARE_CARDS","is_prod":false,"is_daily":false,"chose_seed":false,"campfire_upgraded":2,"win_rate":0,"timestamp":1563752288,"path_taken":["M","?","M","?","M","R","E","M","T","M","R","M"],"build_version":"2019-07-17","purchased_purges":0,"victory":false,"max_hp_per_floor":[71,71,71,71,71,71,71,71,71,71,71,71],"card_choices":[{"not_picked":["Meteor Strike","Multi-Cast"],"picked":"Electrodynamics","floor":0},{"not_picked":["Coolheaded","Heatsinks"],"picked":"Beam Cell","floor":1},{"not_picked":["Double Energy","Ball Lightning"],"picked":"Leap","floor":3},{"not_picked":["BootSequence","Glacier"],"picked":"Storm","floor":5},{"not_picked":["Fusion","Rip and Tear"],"picked":"Buffer","floor":7},{"not_picked":["Leap","Go for the Eyes"],"picked":"Gash","floor":8},{"not_picked":["Sweeping Beam","Undo"],"picked":"Genetic Algorithm","floor":10}],"player_experience":1723338,"relics_obtained":[{"floor":7,"key":"Smiling Mask"},{"floor":9,"key":"War Paint"}],"event_choices":[{"damage_healed":0,"gold_gain":0,"player_choice":"Take Wound","damage_taken":0,"relics_obtained":["Golden Idol"],"max_hp_gain":0,"max_hp_loss":0,"event_name":"Golden Idol","floor":2,"gold_loss":0,"cards_obtained":["Injury"]},{"damage_healed":0,"gold_gain":0,"cards_transformed":["Strike_B"],"player_choice":"Change","damage_taken":0,"max_hp_gain":0,"max_hp_loss":0,"event_name":"Living Wall","floor":4,"gold_loss":0,"cards_obtained":["Skim"]}],"is_beta":false,"boss_relics":[],"items_purged_floors":[],"is_endless":false,"potions_floor_spawned":[7,8],"killed_by":"Exordium Wildlife","ascension_level":17}