{"gold_per_floor":[10,85,105,105,30,74,74,118,118,118,139,139,1,22,22,112,112,128,53,72,72,90,90,90],"floor_reached":24,"playtime":869,"items_purged":["Strike_R"],"score":367,"play_id":"c1bc2742-dfd1-41da-bf33-05b787fe23a5","local_time":"20190610134103","is_ascension_mode":true,"campfire_choices":[{"data":"Uppercut","floor":7,"key":"SMITH"},{"floor":10,"key":"REST"},{"data":"Bash","floor":12,"key":"SMITH"},{"floor":15,"key":"REST"},{"floor":23,"key":"REST"}],"neow_cost":"NO_GOLD","seed_source_timestamp":291477792106500,"circlet_count":0,"master_deck":["AscendersBane","Strike_R","Defend_R","Defend_R","Defend_R","Defend_R","Bash+1","Shrug It Off","Uppercut+1","Heavy Blade","Sword Boomerang","Thunderclap","Rampage","Barricade","Bludgeon","Spot Weakness","True Grit","Heavy Blade"],"relics":["Burning Blood","Golden Idol","Sundial","Darkstone Periapt","The Courier","Sozu"],"potions_floor_usage":[6,8,16,16,18],"damage_taken":[{"damage":3,"enemies":"Small Slimes","floor":1,"turns":5},{"damage":3,"enemies":"2 Louse","floor":3,"turns":4},{"damage":36,"enemies":"Lagavulin","floor":6,"turns":7},{"damage":12,"enemies":"3 Sentries","floor":8,"turns":9},{"damage":12,"enemies":"Jaw Worm","floor":11,"turns":3},{"damage":13,"enemies":"Exordium Wildlife","floor":14,"turns":4},{"damage":51,"enemies":"Slime Boss","floor":16,"turns":10},{"damage":3,"enemies":"Chosen","floor":18,"turns":3},{"damage":19,"enemies":"Spheric Guardian","floor":20,"turns":5},{"damage":21,"enemies":"3 Cultists","floor":22,"turns":6},{"damage":67,"enemies":"Gremlin Leader","floor":24,"turns":6}],"seed_played":"-1062674699413428705","potions_obtained":[{"floor":1,"key":"EssenceOfSteel"},{"floor":6,"key":"Block Potion"},{"floor":8,"key":"BloodPotion"},{"floor":16,"key":"SneckoOil"}],"is_trial":false,"path_per_floor":["M","?","M","?","?","E","R","E","T","R","M","R","$","M","R","B",null,"M","?","M","?","M","R","E"],"character_chosen":"IRONCLAD","items_purchased":["Rampage","Strength Potion"],"campfire_rested":3,"item_purchase_floors":[13,13],"current_hp_per_floor":[71,60,63,63,63,33,33,27,27,49,43,43,43,36,58,20,61,64,64,51,51,36,58,0],"gold":90,"neow_bonus":"REMOVE_TWO","is_prod":false,"is_daily":false,"chose_seed":false,"campfire_upgraded":2,"win_rate":0,"timestamp":1560166863,"path_taken":["M","?","M","?","?","E","R","E","T","R","M","R","?","M","R","BOSS","M","?","M","?","M","R","E"],"build_version":"2019-01-23","purchased_purges":1,"victory":false,"max_hp_per_floor":[75,75,75,75,75,75,75,75,75,75,75,75,75,75,75,75,75,75,75,75,75,75,75,75],"card_choices":[{"not_picked":["Havoc","Perfected Strike"],"picked":"Shrug It Off","floor":1},{"not_picked":["Havoc","Sword Boomerang"],"picked":"Uppercut","floor":3},{"not_picked":["True Grit","Burning Pact"],"picked":"Heavy Blade","floor":6},{"not_picked":["Corruption","Perfected Strike"],"picked":"Sword Boomerang","floor":8},{"not_picked":["Carnage","Rupture"],"picked":"Thunderclap","floor":11},{"not_picked":["Intimidate","Wild Strike"],"picked":"Barricade","floor":14},{"not_picked":["Exhume","Reaper"],"picked":"Bludgeon","floor":16},{"not_picked":["Havoc","Seeing Red"],"picked":"Spot Weakness","floor":18},{"not_picked":["Cleave","Warcry"],"picked":"True Grit","floor":20},{"not_picked":["Uppercut","Clothesline"],"picked":"Heavy Blade","floor":22}],"player_experience":1281727,"relics_obtained":[{"floor":6,"key":"Sundial"},{"floor":8,"key":"Darkstone Periapt"},{"floor":9,"key":"The Courier"}],"event_choices":[{"damage_healed":0,"gold_gain":75,"player_choice":"Gather Gold","damage_taken":11,"max_hp_gain":0,"max_hp_loss":0,"event_name":"World of Goop","floor":2,"gold_loss":0},{"damage_healed":0,"gold_gain":0,"player_choice":"Take Wound","damage_taken":0,"relics_obtained":["Golden Idol"],"max_hp_gain":0,"max_hp_loss":0,"event_name":"Golden Idol","floor":4,"gold_loss":0,"cards_obtained":["Injury"]},{"cards_removed":["Injury"],"damage_healed":0,"gold_gain":0,"player_choice":"Card Removal","damage_taken":0,"max_hp_gain":0,"max_hp_loss":0,"event_name":"The Cleric","floor":5,"gold_loss":75},{"cards_removed":["Strike_R"],"damage_healed":0,"gold_gain":0,"player_choice":"Gave Gold","damage_taken":0,"max_hp_gain":0,"max_hp_loss":0,"event_name":"Beggar","floor":19,"gold_loss":75},{"damage_healed":0,"gold_gain":0,"player_choice":"Got Potions","damage_taken":0,"max_hp_gain":0,"max_hp_loss":0,"event_name":"Lab","floor":21,"gold_loss":0}],"is_beta":false,"boss_relics":[{"not_picked":["Ectoplasm","Eternal Feather"],"picked":"Sozu"}],"items_purged_floors":[13],"is_endless":false,"potions_floor_spawned":[1,6,8,16,18,20],"killed_by":"Gremlin Leader","ascension_level":16}