{"gold_per_floor":[118,118,83,8,18,18,36,36,36,36,71,102,146,182,194,282,294,289,314,326,354,45,45,45,57,57,57,70,70,70,70,70,70],"floor_reached":33,"playtime":1166,"items_purged":["Strike_B","Strike_B"],"score":455,"play_id":"02966d2c-0f36-4d93-8569-6bc15edbb728","local_time":"20190620124627","is_ascension_mode":true,"campfire_choices":[{"data":"Zap","floor":6,"key":"SMITH"},{"data":"White Noise","floor":8,"key":"SMITH"},{"floor":15,"key":"REST"},{"data":"Fission","floor":23,"key":"SMITH"},{"floor":27,"key":"REST"},{"data":"Double Energy","floor":29,"key":"SMITH"},{"floor":32,"key":"REST"}],"neow_cost":"PERCENT_DAMAGE","seed_source_timestamp":217511480053600,"circlet_count":0,"master_deck":["AscendersBane","Defend_B","Defend_B","Defend_B","Defend_B","Zap+1","Dualcast+1","Dramatic Entrance","Blind","Cold Snap+1","White Noise+1","Double Energy+1","Undo","Reinforced Body","Auto Shields","Fission+1","Melter+1","Conserve Battery","Sweeping Beam","Leap","Fusion","Beam Cell","Writhe","Core Surge","Cold Snap"],"relics":["Cracked Core","Oddly Smooth Stone","MawBank","Mercury Hourglass","Vajra","Empty Cage","DataDisk","Blood Vial","Pen Nib"],"potions_floor_usage":[11,13,18,33],"damage_taken":[{"damage":0,"enemies":"Small Slimes","floor":1,"turns":3},{"damage":2,"enemies":"Jaw Worm","floor":5,"turns":3},{"damage":2,"enemies":"Cultist","floor":7,"turns":4},{"damage":8,"enemies":"Lagavulin","floor":11,"turns":9},{"damage":0,"enemies":"Large Slime","floor":12,"turns":6},{"damage":22,"enemies":"Gremlin Nob","floor":13,"turns":5},{"damage":4,"enemies":"The Guardian","floor":16,"turns":13},{"damage":0,"enemies":"2 Thieves","floor":18,"turns":4},{"damage":0,"enemies":"3 Byrds","floor":19,"turns":6},{"damage":18,"enemies":"Snecko","floor":21,"turns":6},{"damage":14,"enemies":"Shelled Parasite and Fungi","floor":25,"turns":6},{"damage":0,"enemies":"Sentry and Sphere","floor":28,"turns":4},{"damage":59,"enemies":"Collector","floor":33,"turns":14}],"seed_played":"-945510739860405654","potions_obtained":[{"floor":1,"key":"SkillPotion"},{"floor":12,"key":"EssenceOfSteel"},{"floor":13,"key":"AttackPotion"},{"floor":25,"key":"SpeedPotion"}],"is_trial":false,"path_per_floor":["M","?","?","$","M","R","M","R","T","$","E","M","E","T","R","B",null,"M","M","?","M","$","R","$","M","T","R","M","R","?","?","R","B"],"character_chosen":"DEFECT","items_purchased":["DataDisk","Leap"],"campfire_rested":3,"item_purchase_floors":[22,22],"current_hp_per_floor":[46,25,42,42,40,40,38,38,38,38,30,30,8,8,29,25,60,60,60,40,22,22,22,22,8,8,30,32,32,32,32,54,0],"gold":70,"neow_bonus":"RANDOM_COLORLESS_2","is_prod":false,"is_daily":false,"chose_seed":false,"campfire_upgraded":4,"win_rate":0,"timestamp":1561027587,"path_taken":["M","?","?","$","M","R","M","R","T","$","E","M","E","?","R","BOSS","M","?","?","M","$","R","$","M","T","R","M","R","?","?","R","BOSS"],"build_version":"2019-01-23","purchased_purges":2,"victory":false,"max_hp_per_floor":[71,71,71,71,71,71,71,71,71,71,71,71,71,71,71,71,71,71,71,76,76,76,76,76,76,76,76,76,76,76,76,76,76],"card_choices":[{"not_picked":["Steam","Double Energy"],"picked":"Cold Snap","floor":1},{"not_picked":["Gash","Heatsinks"],"picked":"White Noise","floor":5},{"not_picked":["Redo","Hello World"],"picked":"Double Energy","floor":7},{"not_picked":["Streamline","Darkness"],"picked":"Undo","floor":11},{"not_picked":["Gash","Streamline"],"picked":"Reinforced Body","floor":12},{"not_picked":["Barrage","Compile Driver"],"picked":"Auto Shields","floor":13},{"not_picked":["Thunder Strike","Reboot"],"picked":"Fission","floor":16},{"not_picked":["Recycle","Gash"],"picked":"Melter+1","floor":18},{"not_picked":["Turbo+1","Undo+1"],"picked":"Conserve Battery","floor":19},{"not_picked":["Rebound","Reinforced Body"],"picked":"Sweeping Beam","floor":21},{"not_picked":["Conserve Battery","Recycle"],"picked":"Fusion","floor":25},{"not_picked":["Rebound","Cold Snap"],"picked":"Beam Cell","floor":28}],"player_experience":1416770,"relics_obtained":[{"floor":9,"key":"Oddly Smooth Stone"},{"floor":11,"key":"MawBank"},{"floor":13,"key":"Mercury Hourglass"},{"floor":14,"key":"Vajra"},{"floor":26,"key":"Blood Vial"}],"event_choices":[{"damage_healed":0,"gold_gain":0,"player_choice":"Entered Light","damage_taken":21,"max_hp_gain":0,"max_hp_loss":0,"event_name":"Shining Light","floor":2,"gold_loss":0,"cards_upgraded":["Dualcast","Cold Snap"]},{"damage_healed":17,"gold_gain":0,"player_choice":"Healed","damage_taken":0,"max_hp_gain":0,"max_hp_loss":0,"event_name":"The Cleric","floor":3,"gold_loss":35},{"damage_healed":0,"gold_gain":0,"player_choice":"Shed Blood","damage_taken":25,"max_hp_gain":5,"max_hp_loss":0,"event_name":"Forgotten Altar","floor":20,"gold_loss":0},{"damage_healed":0,"gold_gain":0,"player_choice":"Opened","damage_taken":0,"relics_obtained":["Pen Nib"],"max_hp_gain":0,"max_hp_loss":0,"event_name":"The Mausoleum","floor":30,"gold_loss":0,"cards_obtained":["Writhe"]},{"damage_healed":0,"gold_gain":0,"player_choice":"2 cards matched","damage_taken":0,"max_hp_gain":0,"max_hp_loss":0,"event_name":"Match and Keep!","floor":31,"gold_loss":0,"cards_obtained":["Core Surge","Cold Snap"]}],"is_beta":false,"boss_relics":[{"not_picked":["Runic Dome","Cursed Key"],"picked":"Empty Cage"}],"items_purged_floors":[4,22],"is_endless":false,"potions_floor_spawned":[1,12,13,25],"killed_by":"Collector","ascension_level":16}