{"gold_per_floor":[113,131,1,1,1,1,1,13,13,28,28,28,57,69,69,69],"floor_reached":16,"playtime":555,"items_purged":["Strike_G"],"score":180,"play_id":"da538336-2689-43bb-acb0-d2f615b862ba","local_time":"20190623040932","is_ascension_mode":true,"campfire_choices":[{"data":"Skewer","floor":6,"key":"SMITH"},{"data":"Neutralize","floor":12,"key":"SMITH"},{"data":"Backflip","floor":15,"key":"SMITH"}],"neow_cost":"NONE","seed_source_timestamp":446319642520900,"circlet_count":0,"master_deck":["AscendersBane","Defend_G","Defend_G","Defend_G","Defend_G","Defend_G","Strike_G","Strike_G","Strike_G","Survivor","Neutralize+1","Blade Dance","Catalyst","Skewer+1","Deflect","Backflip+1","PiercingWail","Backstab"],"relics":["Ring of the Snake","Smiling Mask","Darkstone Periapt","Letter Opener","Bag of Preparation"],"potions_floor_usage":[2],"damage_taken":[{"damage":5,"enemies":"2 Louse","floor":1,"turns":4},{"damage":11,"enemies":"Jaw Worm","floor":2,"turns":5},{"damage":0,"enemies":"Cultist","floor":8,"turns":3},{"damage":0,"enemies":"2 Fungi Beasts","floor":10,"turns":3},{"damage":21,"enemies":"3 Sentries","floor":13,"turns":10},{"damage":1,"enemies":"Looter","floor":14,"turns":3},{"damage":35,"enemies":"Hexaghost","floor":16,"turns":14}],"seed_played":"60139214447220179","potions_obtained":[{"floor":1,"key":"Regen Potion"},{"floor":13,"key":"Ancient Potion"}],"is_trial":false,"path_per_floor":["M","M","$","?","?","R","?","M","T","M","$","R","E","M","R","B"],"character_chosen":"THE_SILENT","items_purchased":["Skewer"],"campfire_rested":0,"item_purchase_floors":[3],"current_hp_per_floor":[54,55,55,50,55,55,55,55,55,55,55,55,34,33,33,0],"gold":69,"neow_bonus":"RANDOM_COMMON_RELIC","is_prod":false,"is_daily":false,"chose_seed":false,"campfire_upgraded":3,"win_rate":0,"timestamp":1561255772,"path_taken":["M","M","$","?","?","R","?","M","T","M","$","R","E","M","R","BOSS"],"build_version":"2019-01-23","purchased_purges":1,"victory":false,"max_hp_per_floor":[66,66,66,66,71,71,71,71,71,71,71,71,71,71,71,71],"card_choices":[{"not_picked":["Setup","PiercingWail"],"picked":"Blade Dance","floor":1},{"not_picked":["Prepared","Underhanded Strike"],"picked":"Catalyst","floor":2},{"not_picked":["PiercingWail","Concentrate"],"picked":"Deflect","floor":8},{"not_picked":["Prepared","Terror"],"picked":"Backflip","floor":10},{"not_picked":["Prepared","Riddle With Holes"],"picked":"PiercingWail","floor":13},{"not_picked":["Cloak And Dagger","Terror"],"picked":"Backstab","floor":14}],"player_experience":1454798,"relics_obtained":[{"floor":9,"key":"Letter Opener"},{"floor":13,"key":"Bag of Preparation"}],"event_choices":[{"damage_healed":0,"gold_gain":0,"player_choice":"Success","damage_taken":5,"relics_obtained":["Darkstone Periapt"],"max_hp_gain":0,"max_hp_loss":0,"event_name":"Scrap Ooze","floor":4,"gold_loss":0},{"damage_healed":0,"gold_gain":0,"player_choice":"Donut","damage_taken":0,"max_hp_gain":5,"max_hp_loss":0,"event_name":"Big Fish","floor":5,"gold_loss":0},{"cards_removed":["Strike_G"],"damage_healed":0,"gold_gain":0,"player_choice":"Purged","damage_taken":0,"max_hp_gain":0,"max_hp_loss":0,"event_name":"Purifier","floor":7,"gold_loss":0}],"is_beta":false,"boss_relics":[],"items_purged_floors":[3],"is_endless":false,"potions_floor_spawned":[1,13],"killed_by":"Hexaghost","ascension_level":16}