{"gold_per_floor":[218,232,232,232,250,285,285,317,317,331,63,75,90,90,90,194,194,204,204,37,54,54,54,83,110,175,187,209,250,276,302,314,422,434,460,149,162,162,0,17,35,35,35,35,64,80,80,92,92,92],"floor_reached":50,"playtime":2822,"items_purged":["Strike_G","Normality"],"score":626,"play_id":"f33f940a-90a6-4cc0-a27b-ca0c1185deb5","local_time":"20181117131908","is_ascension_mode":false,"campfire_choices":[{"floor":7,"key":"REST"},{"floor":15,"key":"REST"},{"data":"Neutralize","floor":23,"key":"SMITH"},{"data":"Wraith Form v2","floor":32,"key":"SMITH"},{"floor":42,"key":"RECALL"},{"data":"Wraith Form v2","floor":44,"key":"SMITH"},{"data":"After Image","floor":49,"key":"SMITH"}],"neow_cost":"NONE","seed_source_timestamp":301998089530031,"circlet_count":0,"master_deck":["Defend_G+1","Defend_G","Defend_G","Defend_G","Defend_G+1","Strike_G","Strike_G","Strike_G","Strike_G","Survivor","Neutralize+1","Backflip","Deadly Poison","Blur","Skewer+1","Caltrops","Backstab+1","Malaise","Malaise","Masterful Stab+1","After Image","Clumsy","Injury","Dodge and Roll","Poisoned Stab+1","Slice+1","Cloak And Dagger+1","Well Laid Plans","Dash+1","Deadly Poison","Catalyst","Poisoned Stab+1","Wraith Form v2+1","Wraith Form v2+1","Poisoned Stab+1","Leg Sweep+1","Footwork","Noxious Fumes","Noxious Fumes","Footwork","Footwork","Acrobatics+1","Escape Plan+1","Dodge and Roll+1","PiercingWail+1","Normality","After Image+1","Poisoned Stab+1","Acrobatics+1","Panache","Panacea","Bouncing Flask+1","Deflect+1"],"relics":["Ring of the Snake","Molten Egg 2","Question Card","Pear","Calling Bell","Calipers","The Courier","Bronze Scales","MutagenicStrength","Chemical X","MawBank","Tiny Chest","Prayer Wheel","Cursed Key","Bag of Marbles","Meat on the Bone","Bottled Tornado"],"potions_floor_usage":[6,6,24,29,33,50,50],"damage_taken":[{"damage":0,"enemies":"Small Slimes","floor":1,"turns":3},{"damage":0,"enemies":"Cultist","floor":2,"turns":6},{"damage":2,"enemies":"2 Louse","floor":5,"turns":3},{"damage":23,"enemies":"Gremlin Nob","floor":6,"turns":5},{"damage":20,"enemies":"Lagavulin","floor":8,"turns":9},{"damage":0,"enemies":"Looter","floor":10,"turns":4},{"damage":0,"enemies":"3 Louse","floor":12,"turns":3},{"damage":0,"enemies":"Exordium Wildlife","floor":13,"turns":2},{"damage":6,"enemies":"Hexaghost","floor":16,"turns":14},{"damage":1,"enemies":"3 Byrds","floor":18,"turns":1},{"damage":2,"enemies":"2 Thieves","floor":21,"turns":4},{"damage":11,"enemies":"Book of Stabbing","floor":24,"turns":5},{"damage":0,"enemies":"Shelled Parasite and Fungi","floor":25,"turns":4},{"damage":7,"enemies":"Centurion and Healer","floor":28,"turns":6},{"damage":8,"enemies":"Slavers","floor":29,"turns":6},{"damage":0,"enemies":"Snecko","floor":30,"turns":6},{"damage":0,"enemies":"Cultist and Chosen","floor":31,"turns":8},{"damage":41,"enemies":"Champ","floor":33,"turns":13},{"damage":5,"enemies":"3 Shapes","floor":35,"turns":5},{"damage":11,"enemies":"3 Darklings","floor":37,"turns":7},{"damage":0,"enemies":"Jaw Worm Horde","floor":40,"turns":5},{"damage":14,"enemies":"Spire Growth","floor":41,"turns":5},{"damage":6,"enemies":"Nemesis","floor":45,"turns":9},{"damage":0,"enemies":"Maw","floor":46,"turns":9},{"damage":0,"enemies":"4 Shapes","floor":48,"turns":7},{"damage":45,"enemies":"Awakened One","floor":50,"turns":17}],"seed_played":"3679678455637637269","potions_obtained":[{"floor":1,"key":"PowerPotion"},{"floor":2,"key":"Fire Potion"},{"floor":12,"key":"Fire Potion"},{"floor":21,"key":"Regen Potion"},{"floor":24,"key":"Block Potion"},{"floor":30,"key":"Strength Potion"},{"floor":31,"key":"Poison Potion"},{"floor":35,"key":"FairyPotion"}],"is_trial":false,"path_per_floor":["M","M","?","?","M","E","R","E","T","M","$","M","M","$","R","B",null,"M","?","$","M","?","R","E","M","T","?","M","E","M","M","R","B",null,"M","$","M","?","$","M","M","R","T","R","E","M","?","M","R","B"],"character_chosen":"THE_SILENT","items_purchased":["Malaise","SteroidPotion","Chemical X","Footwork","Noxious Fumes","Noxious Fumes","Footwork","Bag of Marbles","PowerPotion"],"campfire_rested":2,"item_purchase_floors":[11,11,20,36,36,36,36,39,39],"current_hp_per_floor":[70,70,56,49,47,24,45,25,35,35,35,35,35,35,59,53,80,79,79,79,77,77,77,79,79,79,64,57,49,49,49,49,8,85,80,80,69,69,69,69,55,55,55,55,49,49,44,44,44,0],"gold":92,"neow_bonus":"HUNDRED_GOLD","is_prod":false,"is_daily":false,"chose_seed":false,"campfire_upgraded":4,"win_rate":0,"timestamp":1542460748,"path_taken":["M","M","?","?","M","E","R","E","T","M","$","M","?","$","R","BOSS","M","?","$","M","?","R","E","M","T","?","M","E","M","M","R","BOSS","M","$","M","?","$","M","M","R","T","R","E","M","?","M","R","BOSS"],"build_version":"2018-11-15","purchased_purges":2,"victory":false,"max_hp_per_floor":[70,70,70,70,70,70,70,70,80,80,80,80,80,80,80,80,80,80,80,80,80,80,80,80,80,80,85,85,85,85,85,85,85,85,85,85,85,85,85,85,85,85,85,85,85,85,85,85,85,85],"card_choices":[{"not_picked":["Eviscerate","Quick Slash"],"picked":"Backflip","floor":1},{"not_picked":["Slice","Calculated Gamble"],"picked":"Deadly Poison","floor":2},{"not_picked":["Flechettes","Deflect"],"picked":"Blur","floor":5},{"not_picked":["Quick Slash","Deadly Poison"],"picked":"Skewer","floor":6},{"not_picked":["Leg Sweep","Quick Slash+1"],"picked":"Caltrops","floor":8},{"not_picked":["Slice+1","PiercingWail","Caltrops"],"picked":"Backstab+1","floor":10},{"not_picked":["Deadly Poison","Distraction","Expertise"],"picked":"Malaise","floor":12},{"not_picked":["Deflect","Bane+1","Terror"],"picked":"Masterful Stab+1","floor":13},{"not_picked":["Night Terror","Malaise","Phantasmal Killer"],"picked":"After Image","floor":16},{"not_picked":["Cloak And Dagger","Blade Dance","Acrobatics"],"picked":"Dodge and Roll","floor":18},{"not_picked":["Dash+1","Flying Knee+1","Bullet Time"],"picked":"Poisoned Stab+1","floor":21},{"not_picked":["Masterful Stab+1","Outmaneuver","Quick Slash+1"],"picked":"Slice+1","floor":24},{"not_picked":["Quick Slash+1","Calculated Gamble+1","Bane+1"],"picked":"Cloak And Dagger+1","floor":25},{"not_picked":["Escape Plan","Accuracy","Slice+1"],"picked":"Well Laid Plans","floor":28},{"not_picked":["Accuracy","Choke+1","Masterful Stab+1"],"picked":"Dash+1","floor":29},{"not_picked":["Quick Slash+1","Choke+1","Blade Dance+1"],"picked":"Deadly Poison","floor":30},{"not_picked":["Setup","Eviscerate+1","Bane+1"],"picked":"Catalyst","floor":30},{"not_picked":["Blade Dance","Dodge and Roll","Backflip+1"],"picked":"Poisoned Stab+1","floor":31},{"not_picked":["Dodge and Roll","Bane+1","PiercingWail"],"picked":"Wraith Form v2","floor":31},{"not_picked":["Unload+1","Die Die Die+1","Venomology"],"picked":"Wraith Form v2","floor":33},{"not_picked":["Outmaneuver","Sucker Punch+1","Underhanded Strike+1"],"picked":"Poisoned Stab+1","floor":35},{"not_picked":["PiercingWail","Terror","Blade Dance+1"],"picked":"Leg Sweep+1","floor":35},{"not_picked":["Bane+1","Accuracy","Acrobatics+1"],"picked":"Footwork","floor":37},{"not_picked":["Poisoned Stab+1","Deadly Poison","Slice+1"],"picked":"Acrobatics+1","floor":37},{"not_picked":["Sucker Punch+1","Prepared+1","Storm of Steel"],"picked":"Escape Plan+1","floor":40},{"not_picked":["Deadly Poison","Sucker Punch+1","Finisher+1"],"picked":"Dodge and Roll+1","floor":40},{"not_picked":["Outmaneuver+1","Blur","Blade Dance+1"],"picked":"PiercingWail+1","floor":41},{"not_picked":["Acrobatics","Heel Hook+1","Bane+1","Backflip"],"picked":"SKIP","floor":41},{"not_picked":["Noxious Fumes","Setup","Dagger Throw+1"],"picked":"After Image","floor":45},{"not_picked":["Underhanded Strike+1","Deflect","Deadly Poison"],"picked":"Poisoned Stab+1","floor":46},{"not_picked":["Cloak And Dagger","Underhanded Strike+1","Deadly Poison"],"picked":"Acrobatics+1","floor":46},{"not_picked":["Madness","Dramatic Entrance+1","Chrysalis"],"picked":"Panache","floor":47},{"not_picked":["Finesse","Deep Breath","Enlightenment"],"picked":"Panacea","floor":47},{"not_picked":["Flechettes+1","Backflip+1","Dash+1"],"picked":"Bouncing Flask+1","floor":48},{"not_picked":["Choke+1","Acrobatics+1","Slice+1"],"picked":"Deflect+1","floor":48}],"player_experience":988021,"relics_obtained":[{"floor":6,"key":"Molten Egg 2"},{"floor":8,"key":"Question Card"},{"floor":9,"key":"Pear"},{"floor":17,"key":"Calipers"},{"floor":17,"key":"The Courier"},{"floor":17,"key":"Bronze Scales"},{"floor":24,"key":"MawBank"},{"floor":26,"key":"Tiny Chest"},{"floor":29,"key":"Prayer Wheel"},{"floor":43,"key":"Meat on the Bone"},{"floor":45,"key":"Bottled Tornado"}],"event_choices":[{"damage_healed":0,"gold_gain":0,"player_choice":"Entered Light","damage_taken":14,"max_hp_gain":0,"max_hp_loss":0,"event_name":"Shining Light","floor":3,"gold_loss":0,"cards_upgraded":["Defend_G","Defend_G"]},{"damage_healed":0,"gold_gain":0,"player_choice":"Damaged","damage_taken":7,"max_hp_gain":0,"max_hp_loss":0,"event_name":"Wheel of Change","floor":4,"gold_loss":0},{"damage_healed":0,"gold_gain":0,"player_choice":"Inject Mutagens","damage_taken":0,"relics_obtained":["MutagenicStrength"],"max_hp_gain":0,"max_hp_loss":0,"event_name":"Drug Dealer","floor":19,"gold_loss":0},{"damage_healed":0,"gold_gain":0,"player_choice":"Shed Blood","damage_taken":20,"max_hp_gain":5,"max_hp_loss":0,"event_name":"Forgotten Altar","floor":27,"gold_loss":0},{"damage_healed":0,"gold_gain":0,"player_choice":"Ignored","damage_taken":0,"max_hp_gain":0,"max_hp_loss":0,"event_name":"Tomb of Lord Red Mask","floor":38,"gold_loss":0},{"damage_healed":0,"gold_gain":0,"player_choice":"Memory 2","damage_taken":5,"max_hp_gain":0,"max_hp_loss":0,"event_name":"SensoryStone","floor":47,"gold_loss":0}],"is_beta":false,"boss_relics":[{"not_picked":["Busted Crown","White Beast Statue"],"picked":"Calling Bell"},{"not_picked":["Astrolabe","HoveringKite"],"picked":"Cursed Key"}],"items_purged_floors":[11,36],"is_endless":false,"potions_floor_spawned":[1,2,12,21,24,28,30,31,35,40,41],"killed_by":"Awakened One","ascension_level":0}