{"gold_per_floor":[118,118,17,35,35,70,40,66,118,148,90,100,111,136,136,212,212,226,226,206,206,219,219,249,249,272,272,307,318,337,50,50,50],"floor_reached":33,"playtime":84707,"items_purged":["Strike_R","Bash"],"score":603,"play_id":"f3ddd5bc-fe5a-49bc-83ae-bf7824a9d44e","local_time":"20181018181051","is_ascension_mode":true,"campfire_choices":[{"data":"Flame Barrier","floor":15,"key":"SMITH"},{"data":"Uppercut","floor":23,"key":"SMITH"},{"floor":25,"key":"REST"},{"data":"J.A.X.","floor":27,"key":"SMITH"},{"data":"Armaments","floor":32,"key":"SMITH"}],"neow_cost":"NONE","seed_source_timestamp":607212471900581,"circlet_count":0,"master_deck":["AscendersBane","Shrug It Off","True Grit","Flame Barrier+1","Twin Strike","Anger","Thunderclap","Feed","Clothesline","Shrug It Off","Shrug It Off","Reaper","Armaments+1","Combust","Cleave","True Grit","Metallicize","Headbutt","Iron Wave","J.A.X.+1","Uppercut+1","Whirlwind","Disarm"],"relics":["Burning Blood","NeowsBlessing","Smiling Mask","Ancient Tea Set","Red Skull","Dream Catcher","Centennial Puzzle","Pandora\u0027s Box","Boot","Bag of Preparation","Self Forming Clay","Vajra"],"potions_floor_usage":[16,20,24,24,33],"damage_taken":[{"damage":0,"enemies":"Small Slimes","floor":1,"turns":1},{"damage":0,"enemies":"2 Louse","floor":4,"turns":2},{"damage":0,"enemies":"Gremlin Nob","floor":6,"turns":1},{"damage":57,"enemies":"Lagavulin","floor":8,"turns":7},{"damage":2,"enemies":"Gremlin Nob","floor":10,"turns":3},{"damage":0,"enemies":"Jaw Worm","floor":12,"turns":2},{"damage":0,"enemies":"2 Fungi Beasts","floor":13,"turns":3},{"damage":14,"enemies":"The Guardian","floor":16,"turns":11},{"damage":31,"enemies":"Chosen","floor":18,"turns":6},{"damage":22,"enemies":"3 Byrds","floor":22,"turns":5},{"damage":10,"enemies":"Book of Stabbing","floor":24,"turns":5},{"damage":11,"enemies":"Gremlin Leader","floor":28,"turns":5},{"damage":25,"enemies":"Snecko","floor":29,"turns":7},{"damage":14,"enemies":"3 Cultists","floor":30,"turns":4},{"damage":85,"enemies":"Champ","floor":33,"turns":10}],"seed_played":"-4104607243554897416","potions_obtained":[{"floor":4,"key":"Fire Potion"},{"floor":10,"key":"PowerPotion"},{"floor":20,"key":"Fruit Juice"},{"floor":22,"key":"GamblersBrew"},{"floor":24,"key":"LiquidBronze"}],"is_trial":false,"path_per_floor":["M","?","$","M","?","E","$","E","T","E","$","M","M","T","R","B",null,"M","?","?","?","M","R","E","R","T","R","E","M","M","$","R"],"character_chosen":"IRONCLAD","items_purchased":["True Grit","Anger","Clothesline","Vajra","AttackPotion"],"campfire_rested":1,"item_purchase_floors":[3,7,11,31,31],"current_hp_per_floor":[74,51,51,57,62,68,68,17,17,21,21,27,33,33,33,25,66,45,45,50,50,34,34,30,56,56,56,75,58,71,71,71,0],"gold":50,"neow_bonus":"THREE_ENEMY_KILL","is_prod":false,"is_daily":false,"chose_seed":false,"campfire_upgraded":4,"win_rate":0,"timestamp":1539882651,"path_taken":["M","?","?","M","?","E","$","E","T","E","$","?","M","?","R","BOSS","M","?","?","?","?","R","E","R","T","R","E","M","M","?","R","BOSS"],"build_version":"2018-10-11","purchased_purges":2,"victory":false,"max_hp_per_floor":[75,75,75,75,80,80,80,80,80,80,80,80,80,80,80,80,80,84,84,89,89,89,89,89,89,89,89,89,89,92,92,92,92],"card_choices":[{"not_picked":["Armaments","Ghostly Armor"],"picked":"Shrug It Off","floor":1},{"not_picked":["Heavy Blade","Fire Breathing"],"picked":"Flame Barrier","floor":4},{"not_picked":["Ghostly Armor","Entrench"],"picked":"Twin Strike","floor":6},{"not_picked":["Sword Boomerang","Flex"],"picked":"Thunderclap","floor":8},{"not_picked":["True Grit","Sever Soul"],"picked":"Feed","floor":10},{"not_picked":["Twin Strike","True Grit"],"picked":"Shrug It Off","floor":12},{"not_picked":["Combust","Twin Strike"],"picked":"Shrug It Off","floor":13},{"not_picked":["Offering","Barricade"],"picked":"Reaper","floor":16},{"not_picked":["Fire Breathing+1","Second Wind","Reckless Charge"],"picked":"SKIP","floor":18},{"not_picked":["Burning Pact","Anger+1"],"picked":"Uppercut","floor":22},{"not_picked":["Wild Strike","Iron Wave","Hemokinesis"],"picked":"SKIP","floor":24},{"not_picked":["Seeing Red","Thunderclap","Clash"],"picked":"SKIP","floor":28},{"not_picked":["Sword Boomerang+1","Cleave"],"picked":"Whirlwind","floor":29},{"not_picked":["Spot Weakness","Intimidate"],"picked":"Disarm","floor":30}],"player_experience":814079,"relics_obtained":[{"floor":6,"key":"Smiling Mask"},{"floor":8,"key":"Ancient Tea Set"},{"floor":9,"key":"Red Skull"},{"floor":10,"key":"Dream Catcher"},{"floor":14,"key":"Centennial Puzzle"},{"floor":24,"key":"Boot"},{"floor":26,"key":"Bag of Preparation"},{"floor":28,"key":"Self Forming Clay"}],"event_choices":[{"event_name":"Shining Light","player_choice":"Entered Light","floor":2,"damage_taken":0},{"event_name":"Big Fish","player_choice":"Donut","floor":5,"damage_taken":0},{"event_name":"Drug Dealer","player_choice":"Got JAX","floor":19,"damage_taken":0},{"event_name":"The Woman in Blue","player_choice":"Bought 1 Potion","floor":20,"damage_taken":0},{"event_name":"Back to Basics","player_choice":"Elegance","floor":21,"damage_taken":0}],"is_beta":false,"boss_relics":[{"not_picked":["Runic Dome","Busted Crown"],"picked":"Pandora\u0027s Box"}],"items_purged_floors":[3,31],"is_endless":false,"potions_floor_spawned":[4,10,12,13,22,24],"killed_by":"Champ","ascension_level":17}