{"gold_per_floor":[115,17,33,44,64,92,110,110,110,126,139,39,39,51,51,51],"floor_reached":16,"playtime":910,"items_purged":["Writhe","Strike_R"],"score":136,"play_id":"411d3006-e9f1-4b94-bb5a-fb66ed650145","local_time":"20190528212944","is_ascension_mode":true,"campfire_choices":[{"data":"Body Slam","floor":13,"key":"SMITH"},{"floor":15,"key":"REST"}],"neow_cost":"CURSE","seed_source_timestamp":360579586045149,"circlet_count":0,"master_deck":["Strike_R","Strike_R","Strike_R","Strike_R","Defend_R","Defend_R","Defend_R","Defend_R","Bash","Body Slam+1","Body Slam+1","Ghostly Armor","Uppercut","Immolate"],"relics":["Burning Blood","Centennial Puzzle","Calipers"],"potions_floor_usage":[4,16],"damage_taken":[{"damage":15,"enemies":"Jaw Worm","floor":1,"turns":6},{"damage":0,"enemies":"Cultist","floor":3,"turns":3},{"damage":7,"enemies":"2 Louse","floor":4,"turns":3},{"damage":21,"enemies":"Blue Slaver","floor":5,"turns":5},{"damage":62,"enemies":"Lagavulin","floor":6,"turns":9},{"damage":0,"enemies":"Exordium Wildlife","floor":7,"turns":2},{"damage":2,"enemies":"3 Louse","floor":10,"turns":2},{"damage":17,"enemies":"Exordium Thugs","floor":11,"turns":4},{"damage":5,"enemies":"Lots of Slimes","floor":14,"turns":2},{"damage":59,"enemies":"Hexaghost","floor":16,"turns":11}],"seed_played":"1585583009801620475","potions_obtained":[{"floor":4,"key":"Fruit Juice"},{"floor":7,"key":"SmokeBomb"},{"floor":14,"key":"Strength Potion"}],"is_trial":false,"path_per_floor":["M","$","M","M","M","E","M","?","T","M","M","$","R","M","R","B"],"character_chosen":"IRONCLAD","items_purchased":["Body Slam"],"campfire_rested":1,"item_purchase_floors":[2],"current_hp_per_floor":[87,87,93,97,82,26,32,32,32,36,25,25,25,26,56,0],"gold":51,"neow_bonus":"TWENTY_PERCENT_HP_BONUS","is_prod":false,"is_daily":false,"chose_seed":false,"campfire_upgraded":1,"win_rate":0,"timestamp":1559093384,"path_taken":["M","$","M","M","M","E","M","?","T","M","M","$","R","M","R","BOSS"],"build_version":"2019-01-23","purchased_purges":2,"victory":false,"max_hp_per_floor":[96,96,96,101,101,101,101,101,101,101,101,101,101,101,101,101],"card_choices":[{"not_picked":["Havoc","Fire Breathing","Rage"],"picked":"SKIP","floor":1},{"not_picked":["Clothesline","Perfected Strike"],"picked":"Body Slam","floor":3},{"not_picked":["Havoc","Rampage"],"picked":"Ghostly Armor","floor":4},{"not_picked":["True Grit","Heavy Blade"],"picked":"Uppercut","floor":5},{"not_picked":["Perfected Strike","Bludgeon","Heavy Blade"],"picked":"SKIP","floor":6},{"not_picked":["Thunderclap","Clash","Reckless Charge"],"picked":"SKIP","floor":7},{"not_picked":["Headbutt","True Grit","Cleave"],"picked":"SKIP","floor":10},{"not_picked":["Spot Weakness","Pommel Strike"],"picked":"Immolate","floor":11},{"not_picked":["Iron Wave","Clothesline","Dual Wield"],"picked":"SKIP","floor":14}],"player_experience":53034,"relics_obtained":[{"floor":6,"key":"Centennial Puzzle"},{"floor":9,"key":"Calipers"}],"event_choices":[{"damage_healed":0,"gold_gain":0,"player_choice":"Forge","damage_taken":0,"max_hp_gain":0,"max_hp_loss":0,"event_name":"Accursed Blacksmith","floor":8,"gold_loss":0,"cards_upgraded":["Body Slam"]}],"is_beta":false,"boss_relics":[],"items_purged_floors":[2,12],"is_endless":false,"potions_floor_spawned":[4,7,14],"killed_by":"Hexaghost","ascension_level":1}