{"gold_per_floor":[114,126,145,157,31,58,85,85,85,85,113,133,158,158,158,158],"floor_reached":16,"playtime":1041,"items_purged":["Strike_R"],"score":209,"play_id":"798288b4-50ea-4712-b529-45db2c14cf3e","local_time":"20190808202216","is_ascension_mode":true,"campfire_choices":[{"data":"Bash","floor":8,"key":"SMITH"},{"data":"Heavy Blade","floor":10,"key":"SMITH"},{"data":"Metallicize","floor":15,"key":"SMITH"}],"neow_cost":"NONE","seed_source_timestamp":530255976510999,"circlet_count":0,"master_deck":["AscendersBane","Strike_R","Strike_R+1","Strike_R+1","Strike_R","Defend_R","Defend_R","Defend_R","Defend_R","Bash+1","Flex","Flex","Heavy Blade+1","Heavy Blade","Pommel Strike","Iron Wave","Metallicize+1","Heavy Blade","Pommel Strike","Injury"],"relics":["Burning Blood","Whetstone","Oddly Smooth Stone","Bag of Marbles","Pear","Odd Mushroom","Frozen Egg 2","Golden Idol"],"potions_floor_usage":[7,13,16],"damage_taken":[{"damage":1,"enemies":"Cultist","floor":1,"turns":3},{"damage":8,"enemies":"2 Louse","floor":2,"turns":2},{"damage":14,"enemies":"Small Slimes","floor":3,"turns":3},{"damage":1,"enemies":"2 Fungi Beasts","floor":4,"turns":3},{"damage":39,"enemies":"Gremlin Nob","floor":7,"turns":4},{"damage":12,"enemies":"The Mushroom Lair","floor":11,"turns":3},{"damage":4,"enemies":"Blue Slaver","floor":12,"turns":3},{"damage":24,"enemies":"3 Sentries","floor":13,"turns":8},{"damage":25,"enemies":"Hexaghost","floor":16,"turns":9}],"seed_played":"7367882881251394128","potions_obtained":[{"floor":2,"key":"SkillPotion"},{"floor":4,"key":"LiquidBronze"},{"floor":11,"key":"Swift Potion"}],"is_trial":false,"path_per_floor":["M","M","M","M","$","T","E","R","T","R","?","M","E","?","R","B"],"character_chosen":"IRONCLAD","items_purchased":["Pommel Strike"],"campfire_rested":0,"item_purchase_floors":[5],"current_hp_per_floor":[73,71,63,68,68,68,35,35,45,45,39,41,23,23,23,0],"gold":158,"neow_bonus":"RANDOM_COMMON_RELIC","is_prod":false,"is_daily":false,"chose_seed":false,"campfire_upgraded":3,"win_rate":0,"timestamp":1565288536,"path_taken":["M","M","M","?","$","?","E","R","T","R","?","M","E","?","R","BOSS"],"build_version":"2019-07-17","purchased_purges":1,"victory":false,"max_hp_per_floor":[75,75,75,75,75,75,75,75,85,85,85,85,85,85,85,85],"card_choices":[{"not_picked":["Cleave","Combust"],"picked":"Flex","floor":1},{"not_picked":["Cleave","Havoc"],"picked":"Flex","floor":2},{"not_picked":["Headbutt","Inflame"],"picked":"Heavy Blade","floor":3},{"not_picked":["Entrench","Infernal Blade"],"picked":"Heavy Blade","floor":4},{"not_picked":["Rupture","Brutality"],"picked":"Iron Wave","floor":7},{"not_picked":["Shockwave","Body Slam"],"picked":"Metallicize","floor":11},{"not_picked":["Rage","Pommel Strike"],"picked":"Heavy Blade","floor":12},{"not_picked":["Pummel","Carnage"],"picked":"Pommel Strike","floor":13}],"player_experience":1833828,"relics_obtained":[{"floor":6,"key":"Oddly Smooth Stone"},{"floor":7,"key":"Bag of Marbles"},{"floor":9,"key":"Pear"},{"floor":11,"key":"Odd Mushroom"},{"floor":13,"key":"Frozen Egg 2"}],"event_choices":[{"damage_healed":0,"gold_gain":0,"player_choice":"Fought Mushrooms","damage_taken":0,"max_hp_gain":0,"max_hp_loss":0,"event_name":"Mushrooms","floor":11,"gold_loss":0},{"damage_healed":0,"gold_gain":0,"player_choice":"Take Wound","damage_taken":0,"relics_obtained":["Golden Idol"],"max_hp_gain":0,"max_hp_loss":0,"event_name":"Golden Idol","floor":14,"gold_loss":0,"cards_obtained":["Injury"]}],"is_beta":false,"boss_relics":[],"items_purged_floors":[5],"is_endless":false,"potions_floor_spawned":[2,4,11],"killed_by":"Hexaghost","ascension_level":18}