{"gold_per_floor":[109,109,109,49,64,97,97,112,137,137,137,150,183,201,201,201],"floor_reached":16,"playtime":422,"items_purged":[],"score":250,"play_id":"1fcae950-c43e-4b3c-a1d3-00cf2723a06e","local_time":"20190701072722","is_ascension_mode":true,"campfire_choices":[{"data":"Bash","floor":7,"key":"SMITH"},{"data":"True Grit","floor":11,"key":"SMITH"},{"data":"Shockwave","floor":15,"key":"SMITH"}],"neow_cost":"NONE","seed_source_timestamp":1149540995914000,"circlet_count":0,"master_deck":["AscendersBane","Strike_R","Strike_R","Strike_R","Strike_R","Defend_R","Defend_R","Defend_R","Defend_R","Bash+1","True Grit+1","Injury","Feel No Pain","Shockwave+1","Clothesline+1","Reckless Charge+1","Pommel Strike+1","Immolate+1"],"relics":["Burning Blood","NeowsBlessing","Vajra","Golden Idol","Self Forming Clay","Molten Egg 2","Dream Catcher","Singing Bowl"],"potions_floor_usage":[13,13,16],"damage_taken":[{"damage":0,"enemies":"Small Slimes","floor":1,"turns":1},{"damage":0,"enemies":"2 Louse","floor":5,"turns":1},{"damage":0,"enemies":"3 Sentries","floor":6,"turns":2},{"damage":4,"enemies":"Cultist","floor":8,"turns":4},{"damage":3,"enemies":"Looter","floor":12,"turns":4},{"damage":10,"enemies":"Lagavulin","floor":13,"turns":7},{"damage":14,"enemies":"Exordium Thugs","floor":14,"turns":3},{"damage":48,"enemies":"Slime Boss","floor":16,"turns":7}],"seed_played":"8664384166317795999","potions_obtained":[{"floor":8,"key":"FearPotion"},{"floor":12,"key":"Strength Potion"},{"floor":13,"key":"Poison Potion"}],"is_trial":false,"path_per_floor":["M","?","?","?","M","E","R","M","T","?","R","M","E","M","R","B"],"character_chosen":"IRONCLAD","items_purchased":[],"campfire_rested":0,"item_purchase_floors":[],"current_hp_per_floor":[74,39,39,39,45,51,51,53,53,53,53,56,52,46,46,0],"gold":201,"neow_bonus":"THREE_ENEMY_KILL","is_prod":false,"is_daily":false,"chose_seed":false,"campfire_upgraded":3,"win_rate":0,"timestamp":1561958842,"path_taken":["M","?","?","?","M","E","R","?","T","?","R","M","E","M","R","BOSS"],"build_version":"2019-01-23","purchased_purges":0,"victory":false,"max_hp_per_floor":[75,75,75,75,75,75,75,75,75,75,75,75,75,77,77,77],"card_choices":[{"not_picked":["Armaments","Pommel Strike"],"picked":"True Grit","floor":1},{"not_picked":["Sentinel","Twin Strike"],"picked":"Feel No Pain","floor":5},{"not_picked":["Corruption","Headbutt"],"picked":"Shockwave","floor":6},{"not_picked":["Flex","Power Through"],"picked":"Clothesline+1","floor":8},{"not_picked":["Perfected Strike+1","Shockwave"],"picked":"Pommel Strike+1","floor":12},{"not_picked":["Cleave+1","Corruption"],"picked":"Immolate+1","floor":13},{"not_picked":["True Grit","Heavy Blade+1","Sword Boomerang+1"],"picked":"Singing Bowl","floor":14}],"player_experience":1529889,"relics_obtained":[{"floor":6,"key":"Molten Egg 2"},{"floor":9,"key":"Dream Catcher"},{"floor":13,"key":"Singing Bowl"}],"event_choices":[{"damage_healed":0,"gold_gain":0,"player_choice":"Success","damage_taken":35,"relics_obtained":["Vajra"],"max_hp_gain":0,"max_hp_loss":0,"event_name":"Scrap Ooze","floor":2,"gold_loss":0},{"damage_healed":0,"gold_gain":0,"player_choice":"Take Wound","damage_taken":0,"relics_obtained":["Golden Idol"],"max_hp_gain":0,"max_hp_loss":0,"event_name":"Golden Idol","floor":3,"gold_loss":0,"cards_obtained":["Injury"]},{"damage_healed":0,"gold_gain":0,"player_choice":"Paid Gold","damage_taken":0,"relics_obtained":["Self Forming Clay"],"max_hp_gain":0,"max_hp_loss":0,"event_name":"WeMeetAgain","floor":4,"gold_loss":60},{"damage_healed":0,"gold_gain":0,"cards_transformed":["Strike_R"],"player_choice":"Transformed","damage_taken":0,"max_hp_gain":0,"max_hp_loss":0,"event_name":"Transmorgrifier","floor":10,"gold_loss":0,"cards_obtained":["Reckless Charge"]}],"is_beta":false,"boss_relics":[],"items_purged_floors":[],"is_endless":false,"potions_floor_spawned":[8,12,13],"killed_by":"Slime Boss","ascension_level":17}