{"gold_per_floor":[114,133,151,161,176,176,176,176,176,204,204,217,238,276,276,276],"floor_reached":16,"playtime":668,"items_purged":[],"score":248,"play_id":"e554aead-45c6-4613-a783-e4a774928b12","local_time":"20190217201414","is_ascension_mode":true,"campfire_choices":[{"data":"Hemokinesis","floor":7.0,"key":"SMITH"},{"floor":15.0,"key":"REST"}],"neow_cost":"NONE","seed_source_timestamp":115896734231727,"circlet_count":0,"master_deck":["AscendersBane","Strike_R","Strike_R","Strike_R","Strike_R","Strike_R","Defend_R","Defend_R","Defend_R","Defend_R","Bash","Hemokinesis+1","Cleave","Power Through","Shrug It Off","Infernal Blade","Iron Wave","Armaments","Impervious"],"special_seed":0,"relics":["Burning Blood","Ice Cream","Golden Idol","Girya"],"potions_floor_usage":[16,16],"damage_taken":[{"damage":11.0,"enemies":"Cultist","floor":1.0,"turns":4.0},{"damage":17.0,"enemies":"Small Slimes","floor":2.0,"turns":4.0},{"damage":15.0,"enemies":"Jaw Worm","floor":3.0,"turns":2.0},{"damage":13.0,"enemies":"3 Louse","floor":4.0,"turns":6.0},{"damage":6.0,"enemies":"Looter","floor":5.0,"turns":3.0},{"damage":0.0,"enemies":"Lagavulin","floor":6.0,"turns":2.0},{"damage":28.0,"enemies":"Gremlin Nob","floor":10.0,"turns":4.0},{"damage":8.0,"enemies":"Large Slime","floor":12.0,"turns":6.0},{"damage":2.0,"enemies":"2 Fungi Beasts","floor":13.0,"turns":3.0},{"damage":26.0,"enemies":"3 Sentries","floor":14.0,"turns":8.0},{"damage":48,"enemies":"Slime Boss","floor":16,"turns":6}],"seed_played":"-627985586793704127","potions_obtained":[{"floor":0.0,"key":"Ancient Potion"},{"floor":0.0,"key":"SmokeBomb"},{"floor":0.0,"key":"LiquidBronze"},{"floor":10.0,"key":"PowerPotion"},{"floor":14.0,"key":"BloodPotion"}],"is_trial":false,"path_per_floor":["M","M","M","M","M","E","R","?","T","E","?","M","M","E","R","B"],"character_chosen":"IRONCLAD","items_purchased":[],"campfire_rested":1,"item_purchase_floors":[],"current_hp_per_floor":[63,52,43,36,36,42,42,47,47,25,25,23,27,7,28,0],"gold":276,"neow_bonus":"THREE_SMALL_POTIONS","is_prod":false,"is_daily":false,"chose_seed":false,"campfire_upgraded":1,"win_rate":0,"timestamp":1550430854,"path_taken":["M","M","?","M","M","E","R","?","T","E","?","M","M","E","R","BOSS"],"build_version":"2019-01-23","purchased_purges":0,"victory":false,"max_hp_per_floor":[75,75,75,75,75,75,75,80,80,80,72,72,72,72,72,72],"card_choices":[{"not_picked":["Wild Strike","True Grit"],"picked":"Hemokinesis","floor":1.0},{"not_picked":["Warcry","True Grit"],"picked":"Cleave","floor":2.0},{"not_picked":["Sever Soul","Reckless Charge"],"picked":"Power Through","floor":3.0},{"not_picked":["Headbutt","Fiend Fire"],"picked":"Shrug It Off","floor":4.0},{"not_picked":["Body Slam","Havoc"],"picked":"Infernal Blade","floor":5.0},{"not_picked":["Clash","Pommel Strike"],"picked":"Iron Wave","floor":10.0},{"not_picked":["Iron Wave","Sword Boomerang"],"picked":"Armaments","floor":12.0},{"not_picked":["Rampage","Dual Wield","Flex"],"picked":"SKIP","floor":13.0},{"not_picked":["Power Through","Cleave"],"picked":"Impervious","floor":14.0}],"player_experience":638645,"relics_obtained":[{"floor":10.0,"key":"Ice Cream"},{"floor":14.0,"key":"Girya"}],"event_choices":[{"damage_healed":0.0,"max_hp_gain":5.0,"max_hp_loss":0.0,"gold_gain":0.0,"event_name":"Big Fish","player_choice":"Donut","floor":8.0,"gold_loss":0.0,"damage_taken":0.0},{"damage_healed":0.0,"max_hp_gain":0.0,"max_hp_loss":8.0,"gold_gain":0.0,"event_name":"Golden Idol","player_choice":"Lose Max HP","floor":11.0,"gold_loss":0.0,"damage_taken":0.0,"relics_obtained":["Golden Idol"]}],"is_beta":false,"boss_relics":[],"items_purged_floors":[],"is_endless":false,"potions_floor_spawned":[3,5,10,14],"killed_by":"Slime Boss","ascension_level":20}