{"gold_per_floor":[118,118,138,138,150,150,175,175,175,175,9,36,36,61,61,61],"floor_reached":16,"playtime":626,"items_purged":[],"score":232,"play_id":"91195eac-ad9d-4c74-b2c3-0ba289bfcaee","local_time":"20190203212516","is_ascension_mode":true,"campfire_choices":[{"data":"True Grit","floor":6.0,"key":"SMITH"},{"data":"Body Slam","floor":8.0,"key":"SMITH"},{"data":"Flame Barrier","floor":10.0,"key":"SMITH"},{"floor":13,"key":"REST"},{"floor":15,"key":"REST"}],"neow_cost":"TEN_PERCENT_HP_LOSS","seed_source_timestamp":2169866962485443,"circlet_count":0,"master_deck":["AscendersBane","Strike_R","Strike_R","Strike_R","Strike_R","Defend_R","Defend_R","Defend_R","Defend_R","Bash","Ghostly Armor","Body Slam+1","Iron Wave","True Grit+1","Battle Trance","Flame Barrier+1","Intimidate","Immolate","Metallicize","Feel No Pain"],"special_seed":0,"relics":["Burning Blood","Prayer Wheel","Incense Burner","Letter Opener","Bottled Lightning","Centennial Puzzle","Bronze Scales"],"potions_floor_usage":[],"damage_taken":[{"damage":2.0,"enemies":"2 Louse","floor":1.0,"turns":3.0},{"damage":3.0,"enemies":"Small Slimes","floor":3.0,"turns":3.0},{"damage":0.0,"enemies":"Cultist","floor":5.0,"turns":4.0},{"damage":25.0,"enemies":"3 Sentries","floor":7.0,"turns":14.0},{"damage":37,"enemies":"Gremlin Nob","floor":12,"turns":6},{"damage":15,"enemies":"Lagavulin","floor":14,"turns":5},{"damage":51,"enemies":"Slime Boss","floor":16,"turns":6}],"seed_played":"-2960253393055575452","potions_obtained":[{"floor":1.0,"key":"Fire Potion"}],"is_trial":false,"path_per_floor":["M","?","M","?","M","R","E","R","T","R","$","E","R","E","R","B"],"character_chosen":"IRONCLAD","items_purchased":["Immolate"],"campfire_rested":2,"item_purchase_floors":[11],"current_hp_per_floor":[68,57,60,53,59,59,40,40,40,40,40,9,29,20,40,0],"gold":61,"neow_bonus":"ONE_RARE_RELIC","is_prod":false,"is_daily":false,"chose_seed":false,"campfire_upgraded":3,"win_rate":0,"timestamp":1549225516,"path_taken":["M","?","M","?","M","R","E","R","T","R","$","E","R","E","R","BOSS"],"build_version":"2019-01-23","purchased_purges":0,"victory":false,"max_hp_per_floor":[68,68,68,68,68,68,68,68,68,68,68,68,68,68,68,68],"card_choices":[{"not_picked":["Intimidate","Clothesline"],"picked":"Ghostly Armor","floor":1.0},{"not_picked":["Sword Boomerang","Headbutt"],"picked":"Body Slam","floor":1.0},{"not_picked":["Perfected Strike","Headbutt"],"picked":"Iron Wave","floor":3.0},{"not_picked":["Seeing Red","Flex"],"picked":"True Grit","floor":3.0},{"not_picked":["Perfected Strike","Dropkick"],"picked":"Battle Trance","floor":5.0},{"not_picked":["Burning Pact","Feel No Pain"],"picked":"Flame Barrier","floor":5.0},{"not_picked":["Corruption","Thunderclap"],"picked":"Intimidate","floor":7.0},{"not_picked":["Limit Break","Seeing Red"],"picked":"Metallicize","floor":12},{"not_picked":["Dual Wield","Havoc"],"picked":"Feel No Pain","floor":14}],"player_experience":631921,"relics_obtained":[{"floor":7.0,"key":"Letter Opener"},{"floor":9.0,"key":"Bottled Lightning"},{"floor":12,"key":"Centennial Puzzle"},{"floor":14,"key":"Bronze Scales"}],"event_choices":[{"damage_healed":0.0,"max_hp_gain":0.0,"max_hp_loss":0.0,"gold_gain":0.0,"event_name":"Scrap Ooze","player_choice":"Success","floor":2.0,"gold_loss":0.0,"damage_taken":11.0,"relics_obtained":["Incense Burner"]},{"cards_removed":["Strike_R"],"damage_healed":0.0,"max_hp_gain":0.0,"max_hp_loss":0.0,"gold_gain":0.0,"event_name":"Golden Wing","player_choice":"Card Removal","floor":4.0,"gold_loss":0.0,"damage_taken":7.0}],"is_beta":false,"boss_relics":[],"items_purged_floors":[],"is_endless":false,"potions_floor_spawned":[1],"killed_by":"Slime Boss","ascension_level":20}