{"gold_per_floor":[109,121,141,154,22,22,22,22,45,45,61,26,41,103,103,180,180,192,192,1,20,20,20,49,49,49,59,70,95,115,134,134,208,208,219,219,233,36,84,117,127,127,127,140,140,169,169,0,0,0],"floor_reached":50,"playtime":2013,"items_purged":["Strike_R","Writhe","Strike_R"],"score":1080,"play_id":"1ecc2bb2-14c3-4441-8112-712e4446df37","local_time":"20190814192318","is_ascension_mode":true,"campfire_choices":[{"data":"Armaments","floor":6.0,"key":"SMITH"},{"data":"Uppercut","floor":8.0,"key":"SMITH"},{"data":"Whirlwind","floor":15.0,"key":"SMITH"},{"floor":23.0,"key":"REST"},{"floor":25.0,"key":"REST"},{"floor":32,"key":"REST"},{"floor":42,"key":"REST"},{"floor":45,"key":"REST"},{"floor":49,"key":"REST"}],"neow_cost":"NONE","seed_source_timestamp":50137805349500,"circlet_count":0,"master_deck":["AscendersBane","Strike_R","Strike_R","Defend_R+1","Defend_R","Defend_R","Bash","Iron Wave","Inflame+1","Shrug It Off+1","Uppercut+1","Armaments+1","Whirlwind+1","Flame Barrier","Demon Form+1","Double Tap","Intimidate+1","Sadistic Nature","Pommel Strike","Warcry","Disarm","Anger","Intimidate","Pommel Strike+1","Power Through","Double Tap","Second Wind","Iron Wave","Body Slam","Shockwave","Carnage","True Grit+1","Twin Strike+1","Disarm+1","Evolve"],"special_seed":0,"relics":["Burning Blood","War Paint","Tiny Chest","Fusion Hammer","Self Forming Clay","Mummified Hand","Peace Pipe","Mango","Snecko Eye","Bronze Scales","Turnip","Pantograph","Strawberry"],"potions_floor_usage":[33,50,50],"damage_taken":[{"damage":7.0,"enemies":"Cultist","floor":1.0,"turns":4.0},{"damage":14.0,"enemies":"Jaw Worm","floor":2.0,"turns":4.0},{"damage":14.0,"enemies":"Small Slimes","floor":3.0,"turns":4.0},{"damage":13.0,"enemies":"Blue Slaver","floor":4.0,"turns":5.0},{"damage":3.0,"enemies":"Exordium Wildlife","floor":11.0,"turns":4.0},{"damage":6.0,"enemies":"Exordium Thugs","floor":13.0,"turns":3.0},{"damage":34.0,"enemies":"Lagavulin","floor":14.0,"turns":8.0},{"damage":28.0,"enemies":"Slime Boss","floor":16.0,"turns":6.0},{"damage":13.0,"enemies":"Spheric Guardian","floor":18.0,"turns":4.0},{"damage":29.0,"enemies":"2 Thieves","floor":21.0,"turns":4.0},{"damage":35.0,"enemies":"Book of Stabbing","floor":24.0,"turns":6.0},{"damage":11.0,"enemies":"3 Cultists","floor":27.0,"turns":4.0},{"damage":25.0,"enemies":"Snake Plant","floor":28.0,"turns":5.0},{"damage":33.0,"enemies":"Slavers","floor":29.0,"turns":5.0},{"damage":25.0,"enemies":"Shelled Parasite and Fungi","floor":30.0,"turns":4.0},{"damage":4,"enemies":"Cultist and Chosen","floor":31,"turns":3},{"damage":57,"enemies":"Automaton","floor":33,"turns":8},{"damage":32,"enemies":"3 Darklings","floor":35,"turns":6},{"damage":3,"enemies":"3 Shapes","floor":37,"turns":6},{"damage":46,"enemies":"Nemesis","floor":40,"turns":7},{"damage":0,"enemies":"Jaw Worm Horde","floor":41,"turns":4},{"damage":32,"enemies":"Writhing Mass","floor":44,"turns":4},{"damage":51,"enemies":"Reptomancer","floor":46,"turns":5},{"damage":90,"enemies":"Awakened One","floor":50,"turns":9}],"seed_played":"4125965687318591247","potions_obtained":[{"floor":3.0,"key":"Block Potion"},{"floor":4.0,"key":"Fire Potion"},{"floor":11.0,"key":"Fire Potion"},{"floor":14.0,"key":"Strength Potion"},{"floor":18.0,"key":"BloodPotion"},{"floor":28.0,"key":"FairyPotion"},{"floor":29.0,"key":"Strength Potion"},{"floor":37,"key":"SneckoOil"},{"floor":40,"key":"SneckoOil"},{"floor":46,"key":"Weak Potion"}],"is_trial":false,"path_per_floor":["M","M","M","M","$","R","?","R","T","?","M","?","M","E","R","B",null,"M","?","$","M","?","R","E","R","T","M","M","E","M","M","R","B",null,"M","?","M","$","T","E","M","R","T","M","R","E","?","$","R","B"],"character_chosen":"IRONCLAD","items_purchased":["Armaments","Sadistic Nature","Body Slam","Shockwave","Evolve"],"campfire_rested":6,"item_purchase_floors":[5,20,38,38,48],"current_hp_per_floor":[74,66,58,51,51,51,51,51,51,51,54,74,74,46,46,24,68,61,61,61,58,58,82,53,77,77,72,53,40,21,23,51,15,76,50,69,72,72,72,32,38,66,66,40,68,30,30,30,60,0],"gold":0,"neow_bonus":"TEN_PERCENT_HP_BONUS","is_prod":false,"is_daily":false,"chose_seed":false,"campfire_upgraded":3,"win_rate":0,"timestamp":1565803398,"path_taken":["M","M","M","?","$","R","?","R","T","?","?","?","M","E","R","BOSS","M","?","$","?","?","R","E","R","T","?","M","E","M","M","R","BOSS","M","?","M","$","?","E","M","R","T","M","R","E","?","$","R","BOSS"],"build_version":"2019-07-17","purchased_purges":3,"victory":false,"max_hp_per_floor":[82,82,82,82,82,82,82,82,82,82,82,82,82,82,82,82,82,82,82,82,82,82,82,82,82,82,82,82,96,96,96,96,96,96,96,96,96,96,96,96,96,96,96,96,96,103,103,103,103,103],"card_choices":[{"not_picked":["Carnage","Pummel"],"picked":"Iron Wave","floor":1.0},{"not_picked":["Heavy Blade","Clash"],"picked":"Inflame","floor":2.0},{"not_picked":["Sever Soul","Cleave"],"picked":"Shrug It Off","floor":3.0},{"not_picked":["Pommel Strike","Inflame"],"picked":"Uppercut","floor":4.0},{"not_picked":["Flex","Headbutt"],"picked":"Whirlwind","floor":11.0},{"not_picked":["Heavy Blade","Armaments"],"picked":"Flame Barrier","floor":13.0},{"not_picked":["Impervious","Flex"],"picked":"Demon Form","floor":14.0},{"not_picked":["Dark Embrace","Berserk"],"picked":"Double Tap","floor":16.0},{"not_picked":["Wild Strike+1","True Grit"],"picked":"Intimidate+1","floor":18.0},{"not_picked":["Combust+1","Perfected Strike"],"picked":"Pommel Strike","floor":21.0},{"not_picked":["Second Wind","Clothesline"],"picked":"Warcry","floor":24.0},{"not_picked":["Thunderclap","Twin Strike"],"picked":"Disarm","floor":27.0},{"not_picked":["Iron Wave+1","Perfected Strike"],"picked":"Anger","floor":28.0},{"not_picked":["Shrug It Off","Whirlwind+1"],"picked":"Intimidate","floor":29.0},{"not_picked":["Pummel","Wild Strike"],"picked":"Pommel Strike+1","floor":30.0},{"not_picked":["Blood for Blood","Perfected Strike"],"picked":"Power Through","floor":31},{"not_picked":["Demon Form","Brutality"],"picked":"Double Tap","floor":33},{"not_picked":["Rupture","Pummel+1"],"picked":"Second Wind","floor":35},{"not_picked":["Cleave","Shrug It Off"],"picked":"Iron Wave","floor":37},{"not_picked":["Rupture","Thunderclap"],"picked":"Carnage","floor":40},{"not_picked":["Wild Strike+1","Clothesline+1"],"picked":"True Grit+1","floor":41},{"not_picked":["Headbutt","Clash"],"picked":"Twin Strike+1","floor":44},{"not_picked":["Wild Strike","Perfected Strike"],"picked":"Disarm+1","floor":46}],"player_experience":1889899,"relics_obtained":[{"floor":9.0,"key":"War Paint"},{"floor":14.0,"key":"Tiny Chest"},{"floor":24.0,"key":"Mummified Hand"},{"floor":26.0,"key":"Peace Pipe"},{"floor":29.0,"key":"Mango"},{"floor":39,"key":"Bronze Scales"},{"floor":40,"key":"Turnip"},{"floor":43,"key":"Pantograph"},{"floor":46,"key":"Strawberry"}],"event_choices":[{"damage_healed":0.0,"max_hp_gain":0.0,"max_hp_loss":0.0,"gold_gain":0.0,"event_name":"Living Wall","player_choice":"Grow","floor":7.0,"gold_loss":0.0,"damage_taken":0.0,"cards_upgraded":["Inflame"]},{"cards_removed":["Strike_R"],"damage_healed":0.0,"max_hp_gain":0.0,"max_hp_loss":0.0,"gold_gain":0.0,"event_name":"Bonfire Elementals","player_choice":"Offered Basic","floor":10.0,"gold_loss":0.0,"damage_taken":0.0},{"damage_healed":20.0,"max_hp_gain":0.0,"max_hp_loss":0.0,"gold_gain":0.0,"event_name":"The Cleric","player_choice":"Healed","floor":12.0,"gold_loss":35.0,"damage_taken":0.0},{"damage_healed":0.0,"max_hp_gain":0.0,"max_hp_loss":0.0,"gold_gain":0.0,"event_name":"Accursed Blacksmith","player_choice":"Forge","floor":19.0,"gold_loss":0.0,"damage_taken":0.0,"cards_upgraded":["Demon Form"]},{"damage_healed":0.0,"max_hp_gain":0.0,"max_hp_loss":0.0,"gold_gain":0.0,"event_name":"WeMeetAgain","player_choice":"Gave Potion","floor":22.0,"gold_loss":0.0,"damage_taken":0.0,"relics_obtained":["Self Forming Clay"]},{"damage_healed":19,"gold_gain":0,"player_choice":"Writhe","damage_taken":0,"max_hp_gain":0,"max_hp_loss":0,"event_name":"Winding Halls","floor":36,"gold_loss":0,"cards_obtained":["Writhe"]},{"cards_removed":["Defend_R"],"damage_healed":0,"gold_gain":0,"player_choice":"Removed Skill","damage_taken":0,"max_hp_gain":0,"max_hp_loss":0,"event_name":"Falling","floor":47,"gold_loss":0}],"is_beta":false,"boss_relics":[{"not_picked":["Ectoplasm","White Beast Statue"],"picked":"Fusion Hammer"},{"not_picked":["Runic Dome","Orrery"],"picked":"Snecko Eye"}],"items_purged_floors":[5,38,48],"is_endless":false,"potions_floor_spawned":[3,4,11,14,18,28,29,30,37,40,46],"killed_by":"Awakened One","ascension_level":18}