{"gold_per_floor":[113,38,38,63,77,77,151,151,177,193,268,268,287,312,312,312],"floor_reached":16,"playtime":754,"items_purged":["Strike_G"],"score":147,"play_id":"31dcc15a-94bd-4cba-97af-1f452e4e868f","local_time":"20190222054002","is_ascension_mode":true,"campfire_choices":[{"data":"Neutralize","floor":6,"key":"SMITH"},{"data":"Predator","floor":8,"key":"SMITH"},{"floor":12,"key":"REST"},{"data":"Quick Slash","floor":15,"key":"SMITH"}],"neow_cost":"PERCENT_DAMAGE","seed_source_timestamp":179716893971300,"circlet_count":0,"master_deck":["AscendersBane","Defend_G","Defend_G","Defend_G","Defend_G","Defend_G","Strike_G","Strike_G","Strike_G","Strike_G","Survivor","Neutralize+1","Predator+1","Injury","Quick Slash+1","Blur","Sucker Punch","Deflect","PiercingWail","Dodge and Roll","Dagger Spray"],"relics":["Ring of the Snake","Golden Idol","Meat on the Bone","Dream Catcher"],"potions_floor_usage":[4,10,13,14],"damage_taken":[{"damage":1,"enemies":"2 Louse","floor":1,"turns":4},{"damage":4,"enemies":"Small Slimes","floor":4,"turns":4},{"damage":3,"enemies":"Jaw Worm","floor":5,"turns":6},{"damage":24,"enemies":"Gremlin Nob","floor":7,"turns":4},{"damage":5,"enemies":"3 Louse","floor":10,"turns":3},{"damage":9,"enemies":"Large Slime","floor":13,"turns":7},{"damage":12,"enemies":"Gremlin Gang","floor":14,"turns":11},{"damage":60,"enemies":"Slime Boss","floor":16,"turns":12}],"seed_played":"-4352107444045563426","potions_obtained":[{"floor":1,"key":"Swift Potion"},{"floor":4,"key":"Ancient Potion"},{"floor":7,"key":"SkillPotion"},{"floor":10,"key":"SkillPotion"},{"floor":13,"key":"SpeedPotion"}],"is_trial":false,"path_per_floor":["M","$","?","M","M","R","?","R","T","M","?","R","M","M","R","B"],"character_chosen":"THE_SILENT","items_purchased":[],"campfire_rested":1,"item_purchase_floors":[],"current_hp_per_floor":[58,58,58,54,51,51,27,27,27,34,23,48,51,51,51,0],"gold":312,"neow_bonus":"TWENTY_PERCENT_HP_BONUS","is_prod":false,"is_daily":false,"chose_seed":false,"campfire_upgraded":3,"win_rate":0,"timestamp":1550810402,"path_taken":["M","$","?","M","M","R","?","R","T","M","?","R","M","M","R","BOSS"],"build_version":"2019-01-23","purchased_purges":1,"victory":false,"max_hp_per_floor":[84,84,84,84,84,84,84,84,84,84,84,84,84,84,84,84],"card_choices":[{"not_picked":["Bane","Distraction"],"picked":"Predator","floor":1},{"not_picked":["Dagger Spray","Cloak And Dagger"],"picked":"Quick Slash","floor":4},{"not_picked":["Bane","Quick Slash"],"picked":"Blur","floor":5},{"not_picked":["Riddle With Holes","Underhanded Strike"],"picked":"Sucker Punch","floor":7},{"not_picked":["Sucker Punch","Quick Slash"],"picked":"Deflect","floor":10},{"not_picked":["Slice","Wraith Form v2"],"picked":"PiercingWail","floor":12},{"not_picked":["All Out Attack","Blade Dance"],"picked":"Dodge and Roll","floor":13},{"not_picked":["Calculated Gamble","Dagger Throw"],"picked":"Dagger Spray","floor":14}],"player_experience":839515,"relics_obtained":[{"floor":7,"key":"Meat on the Bone"},{"floor":9,"key":"Dream Catcher"}],"event_choices":[{"damage_healed":0,"gold_gain":0,"player_choice":"Take Wound","damage_taken":0,"relics_obtained":["Golden Idol"],"max_hp_gain":0,"max_hp_loss":0,"event_name":"Golden Idol","floor":3,"gold_loss":0,"cards_obtained":["Injury"]},{"damage_healed":0,"gold_gain":30,"player_choice":"Searched \u00272\u0027 times","damage_taken":0,"max_hp_gain":0,"max_hp_loss":0,"event_name":"Dead Adventurer","floor":7,"gold_loss":0},{"damage_healed":0,"gold_gain":75,"player_choice":"Gather Gold","damage_taken":11,"max_hp_gain":0,"max_hp_loss":0,"event_name":"World of Goop","floor":11,"gold_loss":0}],"is_beta":false,"boss_relics":[],"items_purged_floors":[2],"is_endless":false,"potions_floor_spawned":[1,4,7,10,13],"killed_by":"Slime Boss","ascension_level":12}