{"gold_per_floor":[109,34,109,123,141,141,169,169,169,188,188,207,207,207],"floor_reached":14,"playtime":442,"items_purged":[],"score":171,"play_id":"5f2549a9-634e-4361-813d-1e7478ebe7c6","local_time":"20190730181704","is_ascension_mode":true,"campfire_choices":[{"data":"A Thousand Cuts","floor":6,"key":"SMITH"},{"data":"Neutralize","floor":8,"key":"SMITH"},{"floor":11,"key":"REST"}],"neow_cost":"NONE","seed_source_timestamp":94375000466300,"circlet_count":0,"master_deck":["AscendersBane","Strike_G","Strike_G","Strike_G","Strike_G","Defend_G","Defend_G","Defend_G","Defend_G","Defend_G","Survivor","Neutralize+1","A Thousand Cuts+1","Deflect","Infinite Blades+1","Predator","Slice","Dagger Spray","Endless Agony"],"relics":["Ring of the Snake","Blue Candle","Singing Bowl"],"potions_floor_usage":[7,12,14],"damage_taken":[{"damage":1,"enemies":"Small Slimes","floor":1,"turns":4},{"damage":0,"enemies":"2 Louse","floor":4,"turns":5},{"damage":6,"enemies":"Jaw Worm","floor":5,"turns":6},{"damage":13,"enemies":"3 Sentries","floor":7,"turns":6},{"damage":8,"enemies":"Blue Slaver","floor":10,"turns":4},{"damage":7,"enemies":"Gremlin Gang","floor":12,"turns":3},{"damage":33,"enemies":"Lagavulin Event","floor":14,"turns":6}],"seed_played":"-8314369480684425411","potions_obtained":[{"floor":4,"key":"SkillPotion"},{"floor":10,"key":"Energy Potion"},{"floor":12,"key":"Swift Potion"}],"is_trial":false,"path_per_floor":["M","?","?","M","M","R","E","R","T","M","R","M","?","?"],"character_chosen":"THE_SILENT","items_purchased":[],"campfire_rested":1,"item_purchase_floors":[],"current_hp_per_floor":[58,58,47,47,41,41,28,28,28,20,39,32,32,0],"gold":207,"neow_bonus":"ONE_RANDOM_RARE_CARD","is_prod":false,"is_daily":false,"chose_seed":false,"campfire_upgraded":2,"win_rate":0,"timestamp":1564503424,"path_taken":["M","?","?","M","M","R","E","R","T","M","R","M","?","?"],"build_version":"2019-07-17","purchased_purges":0,"victory":false,"max_hp_per_floor":[66,66,66,66,66,66,66,66,66,66,66,66,66,66],"card_choices":[{"not_picked":["Acrobatics","Underhanded Strike"],"picked":"Deflect","floor":1},{"not_picked":["Heel Hook","Calculated Gamble"],"picked":"Infinite Blades","floor":4},{"not_picked":["Concentrate","Finisher"],"picked":"Predator","floor":5},{"not_picked":["Tactician","Quick Slash"],"picked":"Slice","floor":7},{"not_picked":["Sucker Punch","Deflect"],"picked":"Dagger Spray","floor":10},{"not_picked":["Backflip","Tactician"],"picked":"Endless Agony","floor":12}],"player_experience":1764359,"relics_obtained":[{"floor":7,"key":"Blue Candle"},{"floor":9,"key":"Singing Bowl"}],"event_choices":[{"cards_removed":["Strike_G"],"damage_healed":0,"gold_gain":0,"player_choice":"Card Removal","damage_taken":0,"max_hp_gain":0,"max_hp_loss":0,"event_name":"The Cleric","floor":2,"gold_loss":75},{"damage_healed":0,"gold_gain":75,"player_choice":"Gather Gold","damage_taken":11,"max_hp_gain":0,"max_hp_loss":0,"event_name":"World of Goop","floor":3,"gold_loss":0},{"damage_healed":0,"gold_gain":0,"player_choice":"Grow","damage_taken":0,"max_hp_gain":0,"max_hp_loss":0,"event_name":"Living Wall","floor":13,"gold_loss":0,"cards_upgraded":["Infinite Blades"]},{"damage_healed":0,"gold_gain":0,"player_choice":"Searched \u00271\u0027 times","damage_taken":0,"max_hp_gain":0,"max_hp_loss":0,"event_name":"Dead Adventurer","floor":14,"gold_loss":0}],"is_beta":false,"boss_relics":[],"items_purged_floors":[],"is_endless":false,"potions_floor_spawned":[4,10,12],"killed_by":"Lagavulin Event","ascension_level":18}