{"path_per_floor":["M","$","?","?","?","M","E","$","T","M","R","?","$","M","R","B",null,"M","M","M","?","M","M","M","$","T","?","E","R","?","M","R","B",null,"M","?","M","?","T","R","M","$","T","R","E","M","$","M","R","B"],"character_chosen":"IRONCLAD","items_purchased":["Metallicize","Feel No Pain","Oddly Smooth Stone","Ice Cream"],"gold_per_floor":[112,72,147,97,97,112,140,59,59,73,73,73,73,87,87,215,215,235,260,278,278,298,317,342,115,169,94,129,129,129,143,143,264,264,285,285,303,303,303,303,324,8,8,8,43,57,57,81,81,81],"floor_reached":51,"campfire_rested":1,"playtime":2508,"item_purchase_floors":[2,8,25,42],"current_hp_per_floor":[79,79,68,68,61,64,65,65,65,71,71,51,51,57,80,19,80,83,66,60,60,60,66,72,72,72,72,72,72,72,78,78,16,93,97,97,100,102,102,102,104,104,104,104,106,107,107,116,116,91],"items_purged":["Anger","Defend_R"],"gold":81,"score":897,"play_id":"321efea5-7f64-4468-a726-e854e7b1f098","local_time":"20180620234529","is_prod":false,"is_daily":false,"chose_seed":false,"is_ascension_mode":false,"campfire_upgraded":4,"win_rate":0,"timestamp":1529534729,"campfire_choices":[{"data":"Flame Barrier","floor":11,"key":"SMITH"},{"floor":15,"key":"REST"},{"data":"Spot Weakness","floor":29,"key":"SMITH"},{"data":"Heavy Blade","floor":32,"key":"SMITH"},{"data":"Fiend Fire","floor":40,"key":"SMITH"},{"data":"1","floor":44,"key":"LIFT"},{"data":"2","floor":49,"key":"LIFT"}],"path_taken":["M","$","?","?","?","M","E","?","T","?","R","?","$","M","R","BOSS","M","M","M","?","?","M","M","$","T","?","E","R","?","M","R","BOSS","M","?","M","?","?","R","M","$","T","R","E","M","$","?","R","BOSS"],"build_version":"2018-06-14v2","seed_source_timestamp":536491771915148,"purchased_purges":2,"victory":true,"master_deck":["Strike_R","Strike_R","Strike_R","Defend_R","Defend_R","Defend_R","Bash","Metallicize","Cleave","Pommel Strike","Feel No Pain","Flame Barrier+1","Immolate","Feed","Armaments+1","Fiend Fire+1","Shrug It Off","Heavy Blade+1","Spot Weakness+1","Evolve+1","Impervious","Headbutt+1","Sword Boomerang+1"],"max_hp_per_floor":[80,80,80,80,80,80,80,80,80,80,80,80,80,80,80,80,80,83,87,90,90,90,90,90,90,90,90,93,93,93,93,93,93,93,97,97,100,102,102,102,104,104,104,104,106,111,111,116,116,119],"relics":["Burning Blood","Ancient Tea Set","Vajra","Anchor","Matryoshka","Golden Idol","Snecko Eye","Oddly Smooth Stone","The Courier","Singing Bowl","Charon\u0027s Ashes","Coffee Dripper","Pen Nib","Shuriken","Ice Cream","Girya","Potion Belt"],"card_choices":[{"not_picked":["True Grit","Armaments"],"picked":"Anger","floor":1},{"not_picked":["Wild Strike","Perfected Strike"],"picked":"Cleave","floor":6},{"not_picked":["Havoc","Blood for Blood"],"picked":"Pommel Strike","floor":7},{"not_picked":["Combust","Flex"],"picked":"Flame Barrier","floor":10},{"not_picked":["Anger","Body Slam"],"picked":"Immolate","floor":14},{"not_picked":["Brutality","Demon Form"],"picked":"Feed","floor":16},{"not_picked":["Flex","Armaments+1","Thunderclap+1"],"picked":"SKIP","floor":18},{"not_picked":["Flex","Thunderclap+1"],"picked":"Armaments+1","floor":18},{"not_picked":["Warcry","Cleave","Combust"],"picked":"SKIP","floor":19},{"not_picked":["Pommel Strike+1","Warcry"],"picked":"Fiend Fire","floor":20},{"not_picked":["Armaments","Headbutt"],"picked":"Shrug It Off","floor":22},{"not_picked":["Twin Strike","Thunderclap"],"picked":"Heavy Blade","floor":23},{"not_picked":["Havoc","Iron Wave","Hemokinesis"],"picked":"SKIP","floor":24},{"not_picked":["Body Slam","Sever Soul+1"],"picked":"Spot Weakness","floor":28},{"not_picked":["Flex","Body Slam"],"picked":"Evolve+1","floor":31},{"not_picked":["Berserk","Brutality"],"picked":"Impervious","floor":33},{"not_picked":["Second Wind","Disarm"],"picked":"Headbutt+1","floor":35},{"not_picked":["Seeing Red+1","Shockwave+1"],"picked":"Sword Boomerang+1","floor":37},{"not_picked":["Flash of Steel","Dramatic Entrance","Good Instincts"],"picked":"Singing Bowl","floor":38},{"not_picked":["Blood for Blood+1","Sentinel","Flex"],"picked":"Singing Bowl","floor":41},{"not_picked":["Warcry+1","Entrench","Spot Weakness"],"picked":"Singing Bowl","floor":45},{"not_picked":["Sever Soul+1","Twin Strike","Warcry+1"],"picked":"Singing Bowl","floor":46},{"not_picked":["Dropkick","Combust+1","Rampage+1"],"picked":"Singing Bowl","floor":48}],"player_experience":459437,"potions_floor_usage":[7,16,18,28,45,50,50],"damage_taken":[{"damage":7,"enemies":"2 Louse","floor":1,"turns":3},{"damage":3,"enemies":"Small Slimes","floor":6,"turns":3},{"damage":5,"enemies":"3 Sentries","floor":7,"turns":5},{"damage":0,"enemies":"Jaw Worm","floor":10,"turns":2},{"damage":0,"enemies":"2 Fungi Beasts","floor":14,"turns":2},{"damage":67,"enemies":"Hexaghost","floor":16,"turns":11},{"damage":0,"enemies":"2 Thieves","floor":18,"turns":2},{"damage":27,"enemies":"3 Byrds","floor":19,"turns":5},{"damage":15,"enemies":"Slaver and Parasite","floor":20,"turns":6},{"damage":6,"enemies":"Snake Plant","floor":22,"turns":3},{"damage":0,"enemies":"Sentry and Sphere","floor":23,"turns":2},{"damage":0,"enemies":"Snecko","floor":24,"turns":3},{"damage":18,"enemies":"Book of Stabbing","floor":28,"turns":7},{"damage":0,"enemies":"Snake Plant","floor":31,"turns":2},{"damage":68,"enemies":"Collector","floor":33,"turns":7},{"damage":0,"enemies":"3 Shapes","floor":35,"turns":4},{"damage":6,"enemies":"Orb Walker","floor":37,"turns":3},{"damage":0,"enemies":"3 Darklings","floor":41,"turns":2},{"damage":0,"enemies":"Nemesis","floor":45,"turns":3},{"damage":10,"enemies":"Maw","floor":46,"turns":5},{"damage":0,"enemies":"Sphere and 2 Shapes","floor":48,"turns":2},{"damage":34,"enemies":"Donu and Deca","floor":50,"turns":5}],"relics_obtained":[{"floor":7,"key":"Anchor"},{"floor":9,"key":"Matryoshka"},{"floor":26,"key":"The Courier"},{"floor":26,"key":"Singing Bowl"},{"floor":28,"key":"Charon\u0027s Ashes"},{"floor":39,"key":"Pen Nib"},{"floor":39,"key":"Shuriken"},{"floor":43,"key":"Girya"},{"floor":45,"key":"Potion Belt"}],"event_choices":[{"event_name":"World of Goop","player_choice":"Gather Gold","floor":3,"damage_taken":0},{"event_name":"The Cleric","player_choice":"Card Removal","floor":4,"damage_taken":0},{"event_name":"Scrap Ooze","player_choice":"success","floor":5,"damage_taken":7},{"event_name":"Golden Idol","player_choice":"Take Damage","floor":12,"damage_taken":0},{"event_name":"Vampires","player_choice":"Ignored","floor":21,"damage_taken":0},{"event_name":"Beggar","player_choice":"Gave Gold","floor":27,"damage_taken":0},{"event_name":"Ghosts","player_choice":"Ignored","floor":30,"damage_taken":0},{"event_name":"Tomb of Lord Red Mask","player_choice":"Ignored","floor":36,"damage_taken":0},{"event_name":"SensoryStone","player_choice":"Memory 1","floor":38,"damage_taken":0}],"boss_relics":[{"not_picked":["Lizard Tail","Black Blood"],"picked":"Snecko Eye"},{"not_picked":["Runic Dome","Mark of Pain"],"picked":"Coffee Dripper"}],"items_purged_floors":[25,42],"is_endless":false,"potions_floor_spawned":[6,10,16,23,33,37,41,45],"seed_played":"6611999285186632858","ascension_level":0,"potions_obtained":[{"floor":6,"key":"SkillPotion"},{"floor":10,"key":"Block Potion"},{"floor":16,"key":"GamblersBrew"},{"floor":23,"key":"AttackPotion"},{"floor":33,"key":"SteroidPotion"},{"floor":37,"key":"PowerPotion"},{"floor":41,"key":"GamblersBrew"},{"floor":45,"key":"Ancient Potion"}],"is_trial":false}