{"gold_per_floor":[111,124,124,49,65,65,91,91,118,130,173,185,228,321,333,474,486,512,524,559,586,5,5,5,5,51,51,70,70],"floor_reached":29,"playtime":2228,"items_purged":["Strike_B","Strike_B"],"score":229,"play_id":"6ecf9b29-2dc1-467c-ba17-e55d255c6e6c","local_time":"20190531221951","is_ascension_mode":false,"campfire_choices":[{"floor":10,"key":"REST"},{"floor":15,"key":"REST"},{"data":"White Noise","floor":25,"key":"SMITH"},{"data":"Amplify","floor":27,"key":"SMITH"}],"neow_cost":"NONE","seed_source_timestamp":621480942547530,"circlet_count":0,"master_deck":["Strike_B","Defend_B","Defend_B","Defend_B","Defend_B","Zap","Dualcast","Tempest","Tempest","White Noise+1","Machine Learning","Steam","Amplify+1","Self Repair","Leap+1","Steam","Amplify"],"relics":["Cracked Core","NeowsBlessing","Boot","Golden Idol","MawBank","Unceasing Top","Pear","Odd Mushroom","Tiny Chest","Empty Cage","The Courier","Bottled Lightning","Singing Bowl","Juzu Bracelet"],"potions_floor_usage":[7,7,11,16,18,21,29],"damage_taken":[{"damage":0,"enemies":"2 Louse","floor":1,"turns":1},{"damage":0,"enemies":"Cultist","floor":2,"turns":1},{"damage":0,"enemies":"Small Slimes","floor":5,"turns":1},{"damage":9,"enemies":"Lagavulin","floor":7,"turns":6},{"damage":12,"enemies":"3 Sentries","floor":11,"turns":5},{"damage":41,"enemies":"The Mushroom Lair","floor":13,"turns":5},{"damage":41,"enemies":"The Guardian","floor":16,"turns":11},{"damage":23,"enemies":"3 Byrds","floor":18,"turns":7},{"damage":25,"enemies":"Shell Parasite","floor":20,"turns":11},{"damage":20,"enemies":"Centurion and Healer","floor":21,"turns":5},{"damage":12,"enemies":"Snecko","floor":28,"turns":7},{"damage":34,"enemies":"3 Cultists","floor":29,"turns":4}],"seed_played":"-5952650422704207563","potions_obtained":[{"floor":1,"key":"Poison Potion"},{"floor":2,"key":"AttackPotion"},{"floor":3,"key":"Block Potion"},{"floor":11,"key":"FearPotion"},{"floor":16,"key":"Poison Potion"},{"floor":18,"key":"Ancient Potion"},{"floor":20,"key":"Fire Potion"},{"floor":28,"key":"Block Potion"}],"is_trial":false,"path_per_floor":["M","M","?","$","M","$","E","?","T","R","E","?","?","T","R","B",null,"M","?","M","M","$","?","$","R","T","R","M","M"],"character_chosen":"DEFECT","items_purchased":["Bottled Lightning","Amplify","Singing Bowl"],"campfire_rested":2,"item_purchase_floors":[22,22,22],"current_hp_per_floor":[75,75,75,75,75,75,66,48,48,70,58,68,27,27,52,11,85,62,62,44,31,31,31,31,31,31,31,28,0],"gold":70,"neow_bonus":"THREE_ENEMY_KILL","is_prod":false,"is_daily":false,"chose_seed":false,"campfire_upgraded":2,"win_rate":0.0,"timestamp":1559355591,"path_taken":["M","M","?","$","?","$","E","?","T","R","E","?","?","?","R","BOSS","M","?","M","?","$","?","$","R","T","R","M","M"],"build_version":"2019-01-23","purchased_purges":2,"victory":false,"max_hp_per_floor":[75,75,75,75,75,75,75,75,75,75,75,85,85,85,85,85,85,85,85,85,85,85,85,85,85,85,85,87,87],"card_choices":[{"not_picked":["Chaos","Streamline"],"picked":"Tempest","floor":1},{"not_picked":["Glacier","Auto Shields"],"picked":"Tempest","floor":2},{"not_picked":["Coolheaded","Steam"],"picked":"White Noise","floor":5},{"not_picked":["Recycle","Redo","Reinforced Body"],"picked":"SKIP","floor":7},{"not_picked":["Fission","Conserve Battery"],"picked":"Machine Learning","floor":11},{"not_picked":["Beam Cell","Ball Lightning"],"picked":"Steam","floor":13},{"not_picked":["Fission","Core Surge"],"picked":"Amplify","floor":16},{"not_picked":["Go for the Eyes","Barrage"],"picked":"Self Repair","floor":18},{"not_picked":["Hologram","Double Energy"],"picked":"Leap+1","floor":20},{"not_picked":["Barrage","Conserve Battery"],"picked":"Steam","floor":21},{"not_picked":["Turbo","Compile Driver+1","Scrape"],"picked":"Singing Bowl","floor":28}],"player_experience":69492,"relics_obtained":[{"floor":7,"key":"Boot"},{"floor":9,"key":"MawBank"},{"floor":11,"key":"Unceasing Top"},{"floor":13,"key":"Odd Mushroom"},{"floor":14,"key":"Tiny Chest"},{"floor":19,"key":"The Courier"},{"floor":26,"key":"Juzu Bracelet"}],"event_choices":[{"damage_healed":0,"gold_gain":0,"player_choice":"Got Potions","damage_taken":0,"max_hp_gain":0,"max_hp_loss":0,"event_name":"Lab","floor":3,"gold_loss":0},{"damage_healed":0,"gold_gain":0,"player_choice":"Take Damage","damage_taken":18,"relics_obtained":["Golden Idol"],"max_hp_gain":0,"max_hp_loss":0,"event_name":"Golden Idol","floor":8,"gold_loss":0},{"damage_healed":0,"gold_gain":0,"player_choice":"Box","damage_taken":0,"relics_obtained":["Pear"],"max_hp_gain":0,"max_hp_loss":0,"event_name":"Big Fish","floor":12,"gold_loss":0,"cards_obtained":["Regret"]},{"damage_healed":0,"gold_gain":0,"player_choice":"Fought Mushrooms","damage_taken":0,"max_hp_gain":0,"max_hp_loss":0,"event_name":"Mushrooms","floor":13,"gold_loss":0},{"damage_healed":0,"gold_gain":0,"player_choice":"Relic","damage_taken":0,"max_hp_gain":0,"max_hp_loss":0,"event_name":"Wheel of Change","floor":19,"gold_loss":0},{"damage_healed":0,"gold_gain":0,"player_choice":"Ignored","damage_taken":0,"max_hp_gain":0,"max_hp_loss":0,"event_name":"Beggar","floor":23,"gold_loss":0}],"is_beta":false,"boss_relics":[{"not_picked":["Inserter","FrozenCore"],"picked":"Empty Cage"}],"items_purged_floors":[4,22],"is_endless":false,"potions_floor_spawned":[1,2,5,11,16,18,20,28],"killed_by":"3 Cultists","ascension_level":0}