{"gold_per_floor":[214,233,245,21,0,34,34,53,53,66,95,111,143,163,163,258,258,276,276,49,65,75,75,104,124,124,139,154,184,184,197,197,300,300,310,310,16,28,28,28,43,53,124,136,136,136,155,170,170,170,170,170,17,51,51],"floor_reached":55,"playtime":3691,"items_purged":["Strike_R"],"score":689,"play_id":"7dd8dfec-9158-4325-b9aa-6de523d74cb2","local_time":"20190617214738","is_ascension_mode":false,"campfire_choices":[{"data":"Armaments","floor":7,"key":"SMITH"},{"data":"Juggernaut","floor":15,"key":"SMITH"},{"data":"Entrench","floor":23,"key":"SMITH"},{"floor":32,"key":"REST"},{"data":"Disarm","floor":40,"key":"SMITH"},{"floor":49,"key":"RECALL"},{"data":"Flame Barrier","floor":52,"key":"SMITH"}],"neow_cost":"NONE","seed_source_timestamp":421966496002887,"circlet_count":0,"master_deck":["Strike_R","Defend_R","Defend_R","Defend_R","Bash","Metallicize","Armaments+1","Iron Wave","Metallicize","Juggernaut+1","Headbutt","Barricade+1","Entrench+1","Shrug It Off","Clothesline","Whirlwind","Iron Wave","Disarm+1","Juggernaut","Flame Barrier+1","Berserk","Inflame+1","Pommel Strike+1","Doubt","Seeing Red+1","Shockwave+1"],"relics":["Burning Blood","PreservedInsect","Anchor","Art of War","Self Forming Clay","Potion Belt","Empty Cage","Oddly Smooth Stone","Bronze Scales","Singing Bowl","Dream Catcher","Philosopher\u0027s Stone","Gambling Chip","Lantern","Orichalcum"],"potions_floor_usage":[29,30,30,30,30,33,41,41,55,55,55,55],"damage_taken":[{"damage":0,"enemies":"Small Slimes","floor":1,"turns":3},{"damage":3,"enemies":"Cultist","floor":2,"turns":3},{"damage":11,"enemies":"Jaw Worm","floor":3,"turns":6},{"damage":27,"enemies":"3 Sentries","floor":6,"turns":10},{"damage":0,"enemies":"Lots of Slimes","floor":8,"turns":8},{"damage":5,"enemies":"Looter","floor":10,"turns":3},{"damage":6,"enemies":"Gremlin Nob","floor":11,"turns":5},{"damage":0,"enemies":"2 Fungi Beasts","floor":12,"turns":5},{"damage":4,"enemies":"Lagavulin","floor":13,"turns":6},{"damage":3,"enemies":"Blue Slaver","floor":14,"turns":4},{"damage":32,"enemies":"Slime Boss","floor":16,"turns":8},{"damage":0,"enemies":"Chosen","floor":18,"turns":4},{"damage":6,"enemies":"Shell Parasite","floor":21,"turns":6},{"damage":0,"enemies":"Snecko","floor":22,"turns":6},{"damage":26,"enemies":"Gremlin Leader","floor":24,"turns":8},{"damage":9,"enemies":"3 Cultists","floor":25,"turns":5},{"damage":9,"enemies":"Shelled Parasite and Fungi","floor":27,"turns":5},{"damage":31,"enemies":"Sentry and Sphere","floor":28,"turns":7},{"damage":9,"enemies":"Book of Stabbing","floor":29,"turns":4},{"damage":27,"enemies":"3 Cultists","floor":30,"turns":5},{"damage":3,"enemies":"Snecko","floor":31,"turns":6},{"damage":8,"enemies":"Collector","floor":33,"turns":10},{"damage":8,"enemies":"Orb Walker","floor":35,"turns":5},{"damage":22,"enemies":"3 Darklings","floor":38,"turns":5},{"damage":35,"enemies":"Sphere and 2 Shapes","floor":41,"turns":6},{"damage":37,"enemies":"Transient","floor":42,"turns":5},{"damage":0,"enemies":"Maw","floor":44,"turns":7},{"damage":27,"enemies":"Spire Growth","floor":47,"turns":5},{"damage":0,"enemies":"3 Darklings","floor":48,"turns":5},{"damage":36,"enemies":"Time Eater","floor":50,"turns":12},{"damage":52,"enemies":"Shield and Spear","floor":54,"turns":7},{"damage":44,"enemies":"The Heart","floor":55,"turns":8}],"seed_played":"7700013980375357733","potions_obtained":[{"floor":3,"key":"SmokeBomb"},{"floor":6,"key":"Poison Potion"},{"floor":10,"key":"SpeedPotion"},{"floor":12,"key":"Block Potion"},{"floor":13,"key":"EssenceOfSteel"},{"floor":16,"key":"Ancient Potion"},{"floor":24,"key":"BloodPotion"},{"floor":28,"key":"Energy Potion"},{"floor":31,"key":"Energy Potion"},{"floor":33,"key":"BloodPotion"},{"floor":35,"key":"Weak Potion"},{"floor":38,"key":"Ancient Potion"},{"floor":41,"key":"FearPotion"},{"floor":44,"key":"Poison Potion"},{"floor":54,"key":"PowerPotion"}],"is_trial":false,"path_per_floor":["M","M","M","$","?","E","R","M","T","M","E","M","E","M","R","B",null,"M","?","$","M","M","R","E","M","T","M","M","E","M","M","R","B",null,"M","?","$","M","?","R","M","M","T","M","?","?","M","M","R","B",null,"R","$","E","B"],"character_chosen":"IRONCLAD","items_purchased":["PreservedInsect","Oddly Smooth Stone","Entrench","Gambling Chip","Lantern"],"campfire_rested":1,"item_purchase_floors":[4,20,20,37,53],"current_hp_per_floor":[80,80,75,75,75,54,54,60,60,61,61,67,69,72,72,46,80,80,80,80,80,80,80,60,57,57,56,31,28,15,18,42,40,82,82,82,82,68,68,68,49,18,18,24,24,88,67,73,73,43,88,88,88,44,0],"gold":51,"neow_bonus":"HUNDRED_GOLD","is_prod":false,"is_daily":false,"chose_seed":false,"campfire_upgraded":5,"win_rate":0,"timestamp":1560822458,"path_taken":["M","M","M","$","?","E","R","M","T","M","E","M","E","M","R","BOSS","M","?","$","M","M","R","E","M","T","?","M","E","M","M","R","BOSS","M","?","$","M","?","R","?","M","T","M","?","?","M","M","R","BOSS","R","$","E","BOSS"],"build_version":"2019-01-23","purchased_purges":1,"victory":false,"max_hp_per_floor":[80,80,80,80,80,80,80,80,80,80,80,80,80,80,80,80,80,80,80,80,80,80,80,80,80,80,82,82,82,82,82,82,82,82,84,84,84,86,86,86,88,88,88,88,88,88,88,88,88,88,88,88,88,90,90],"card_choices":[{"not_picked":["Iron Wave","Heavy Blade"],"picked":"Metallicize","floor":1},{"not_picked":["Sentinel","Flex","Combust"],"picked":"SKIP","floor":2},{"not_picked":["Clash","Fire Breathing"],"picked":"Armaments","floor":3},{"not_picked":["Anger","Twin Strike"],"picked":"Iron Wave","floor":6},{"not_picked":["Warcry","Anger","Exhume"],"picked":"SKIP","floor":8},{"not_picked":["Dropkick","Havoc"],"picked":"Metallicize","floor":10},{"not_picked":["Evolve","Flex","Blood for Blood"],"picked":"SKIP","floor":11},{"not_picked":["Wild Strike","Sever Soul","Clash"],"picked":"SKIP","floor":12},{"not_picked":["Cleave","Entrench"],"picked":"Juggernaut","floor":13},{"not_picked":["Dual Wield","Thunderclap"],"picked":"Headbutt","floor":14},{"not_picked":["Limit Break","Exhume"],"picked":"Barricade","floor":16},{"not_picked":["Rage+1","Perfected Strike","Flex+1"],"picked":"SKIP","floor":18},{"not_picked":["Dual Wield","Reckless Charge"],"picked":"Shrug It Off","floor":21},{"not_picked":["Cleave","Perfected Strike"],"picked":"Clothesline","floor":22},{"not_picked":["Clothesline","Dropkick","Wild Strike"],"picked":"SKIP","floor":24},{"not_picked":["Shrug It Off","Heavy Blade"],"picked":"Whirlwind","floor":25},{"not_picked":["Whirlwind+1","Sword Boomerang+1","Dropkick"],"picked":"Singing Bowl","floor":27},{"not_picked":["Evolve+1","Perfected Strike"],"picked":"Iron Wave","floor":28},{"not_picked":["Havoc","Hemokinesis+1"],"picked":"Disarm","floor":29},{"not_picked":["Twin Strike","Cleave"],"picked":"Juggernaut","floor":31},{"not_picked":["Perfected Strike","Feed"],"picked":"Flame Barrier","floor":32},{"not_picked":["Feed","Fiend Fire"],"picked":"Berserk","floor":33},{"not_picked":["Havoc","Reckless Charge+1","Flex"],"picked":"Singing Bowl","floor":35},{"not_picked":["Twin Strike+1","Clash+1","Thunderclap+1"],"picked":"Singing Bowl","floor":38},{"not_picked":["Spot Weakness+1","Uppercut+1","Clothesline"],"picked":"Singing Bowl","floor":41},{"not_picked":["Armaments","Havoc+1"],"picked":"Inflame+1","floor":42},{"not_picked":["Perfected Strike+1","Wild Strike+1"],"picked":"Pommel Strike+1","floor":44},{"not_picked":["Double Tap","Evolve"],"picked":"Seeing Red+1","floor":47},{"not_picked":["Twin Strike+1","Hemokinesis+1"],"picked":"Shockwave+1","floor":48},{"not_picked":["True Grit","Rupture+1","Sword Boomerang+1"],"picked":"Singing Bowl","floor":54}],"player_experience":216224,"relics_obtained":[{"floor":6,"key":"Anchor"},{"floor":9,"key":"Art of War"},{"floor":11,"key":"Self Forming Clay"},{"floor":13,"key":"Potion Belt"},{"floor":24,"key":"Bronze Scales"},{"floor":26,"key":"Singing Bowl"},{"floor":29,"key":"Dream Catcher"},{"floor":54,"key":"Orichalcum"}],"event_choices":[{"damage_healed":0,"gold_gain":0,"player_choice":"Left Gold","damage_taken":0,"max_hp_gain":0,"max_hp_loss":0,"event_name":"World of Goop","floor":5,"gold_loss":21},{"damage_healed":0,"gold_gain":0,"player_choice":"Upgraded","damage_taken":0,"max_hp_gain":0,"max_hp_loss":0,"event_name":"Upgrade Shrine","floor":19,"gold_loss":0,"cards_upgraded":["Barricade"]},{"cards_removed":["Defend_R"],"damage_healed":0,"gold_gain":0,"player_choice":"Removed Skill","damage_taken":0,"max_hp_gain":0,"max_hp_loss":0,"event_name":"Falling","floor":36,"gold_loss":0},{"cards_removed":["Strike_R"],"damage_healed":0,"gold_gain":0,"player_choice":"Purged","damage_taken":0,"max_hp_gain":0,"max_hp_loss":0,"event_name":"Purifier","floor":39,"gold_loss":0},{"damage_healed":0,"gold_gain":0,"player_choice":"Ignored","damage_taken":0,"max_hp_gain":0,"max_hp_loss":0,"event_name":"Mysterious Sphere","floor":45,"gold_loss":0},{"damage_healed":64,"gold_gain":0,"player_choice":"Heal","damage_taken":0,"max_hp_gain":0,"max_hp_loss":0,"event_name":"MindBloom","floor":46,"gold_loss":0,"cards_obtained":["Doubt"]}],"is_beta":false,"boss_relics":[{"not_picked":["Pandora\u0027s Box","Orrery"],"picked":"Empty Cage"},{"not_picked":["Mark of Pain","Cursed Key"],"picked":"Philosopher\u0027s Stone"}],"items_purged_floors":[4],"is_endless":false,"potions_floor_spawned":[3,6,10,12,13,16,18,24,25,28,31,33,35,38,41,44,54],"killed_by":"The Heart","ascension_level":0}