{"gold_per_floor":[119,129,0,12,12,12,47,47,74,224,238,251,278,203,203,276,276,290,290,290,290,290,55,70,70,70,86,86,104,76,76],"floor_reached":31,"playtime":1155,"items_purged":["Strike_R","Defend_R"],"score":462,"play_id":"c2b347a8-993b-4855-955a-92761747e828","local_time":"20190609015132","is_ascension_mode":true,"campfire_choices":[{"data":"Spot Weakness","floor":6,"key":"SMITH"},{"data":"Inflame","floor":8,"key":"SMITH"},{"data":"Metallicize","floor":15,"key":"SMITH"},{"data":"Ghostly","floor":25,"key":"SMITH"},{"data":"Ghostly","floor":28,"key":"SMITH"}],"neow_cost":"NONE","seed_source_timestamp":162217096417800,"circlet_count":0,"master_deck":["AscendersBane","Defend_R","Defend_R","Bash","Finesse","Metallicize+1","Whirlwind+1","Spot Weakness+1","Inflame+1","Burning Pact","Metallicize","Heavy Blade","Offering","Metallicize","Ghostly+1","Ghostly+1","Ghostly","Bite","Bite","Bite","Bite","Bite","Rampage","Body Slam","Heavy Blade","Flame Barrier","Heavy Blade"],"relics":["Burning Blood","Bag of Preparation","Orichalcum","Gremlin Horn","Runic Pyramid","Frozen Egg 2"],"potions_floor_usage":[11,12,12,16],"damage_taken":[{"damage":3,"enemies":"Cultist","floor":1,"turns":4},{"damage":15,"enemies":"Small Slimes","floor":2,"turns":4},{"damage":1,"enemies":"2 Louse","floor":4,"turns":3},{"damage":28,"enemies":"Gremlin Nob","floor":7,"turns":4},{"damage":7,"enemies":"2 Fungi Beasts","floor":11,"turns":5},{"damage":0,"enemies":"Looter","floor":12,"turns":5},{"damage":15,"enemies":"Lagavulin","floor":13,"turns":7},{"damage":32,"enemies":"Slime Boss","floor":16,"turns":9},{"damage":26,"enemies":"Shell Parasite","floor":18,"turns":6},{"damage":15,"enemies":"Colosseum Slavers","floor":21,"turns":5},{"damage":6,"enemies":"3 Byrds","floor":24,"turns":4},{"damage":0,"enemies":"Snake Plant","floor":27,"turns":6},{"damage":30,"enemies":"Snecko","floor":29,"turns":8},{"damage":13,"enemies":"Shelled Parasite and Fungi","floor":31,"turns":3}],"seed_played":"976424210350205744","potions_obtained":[{"floor":1,"key":"SteroidPotion"},{"floor":7,"key":"EssenceOfSteel"},{"floor":11,"key":"Regen Potion"},{"floor":13,"key":"Energy Potion"},{"floor":24,"key":"FearPotion"}],"is_trial":false,"path_per_floor":["M","M","$","M","?","R","E","R","T","?","M","M","E","?","R","B",null,"M","?","?","?","?","$","M","R","T","M","R","M","$","M"],"character_chosen":"IRONCLAD","items_purchased":["Energy Potion","Rampage","Dexterity Potion","Heavy Blade"],"campfire_rested":0,"item_purchase_floors":[3,23,23,30],"current_hp_per_floor":[71,62,62,67,67,67,45,45,45,45,44,64,55,55,55,29,64,44,37,25,24,24,24,25,25,25,25,25,9,9,0],"gold":76,"neow_bonus":"RANDOM_COLORLESS","is_prod":false,"is_daily":false,"chose_seed":false,"campfire_upgraded":5,"win_rate":0,"timestamp":1560037892,"path_taken":["M","M","$","?","?","R","E","R","T","?","M","M","E","?","R","BOSS","M","?","?","?","?","$","M","R","T","M","R","?","?","M"],"build_version":"2019-01-23","purchased_purges":2,"victory":false,"max_hp_per_floor":[75,75,75,75,75,75,75,75,75,75,75,75,75,75,75,75,75,75,37,25,25,25,25,25,25,25,25,25,25,25,25],"card_choices":[{"not_picked":["Sentinel","Evolve"],"picked":"Metallicize","floor":1},{"not_picked":["Flame Barrier","Clash"],"picked":"Whirlwind","floor":2},{"not_picked":["Pummel","Battle Trance"],"picked":"Spot Weakness","floor":4},{"not_picked":["Whirlwind","Fire Breathing"],"picked":"Inflame","floor":7},{"not_picked":["Cleave","Infernal Blade"],"picked":"Burning Pact","floor":11},{"not_picked":["Flex","Entrench"],"picked":"Metallicize","floor":12},{"not_picked":["Cleave","Anger"],"picked":"Heavy Blade","floor":13},{"not_picked":["Reaper","Demon Form"],"picked":"Offering","floor":16},{"not_picked":["Clothesline","Havoc"],"picked":"Metallicize","floor":18},{"not_picked":["Sword Boomerang","Pummel+1"],"picked":"Body Slam","floor":24},{"not_picked":["Burning Pact+1","True Grit"],"picked":"Heavy Blade","floor":27},{"not_picked":["Anger","Disarm"],"picked":"Flame Barrier","floor":29}],"player_experience":1243242,"relics_obtained":[{"floor":7,"key":"Bag of Preparation"},{"floor":9,"key":"Orichalcum"},{"floor":13,"key":"Gremlin Horn"},{"floor":26,"key":"Frozen Egg 2"}],"event_choices":[{"damage_healed":0,"gold_gain":0,"player_choice":"Grow","damage_taken":0,"max_hp_gain":0,"max_hp_loss":0,"event_name":"Living Wall","floor":5,"gold_loss":0,"cards_upgraded":["Whirlwind"]},{"damage_healed":0,"gold_gain":150,"player_choice":"AGREE","damage_taken":0,"max_hp_gain":0,"max_hp_loss":0,"event_name":"Liars Game","floor":10,"gold_loss":0,"cards_obtained":["Doubt"]},{"cards_removed":["Doubt"],"damage_healed":0,"gold_gain":0,"player_choice":"Card Removal","damage_taken":0,"max_hp_gain":0,"max_hp_loss":0,"event_name":"The Cleric","floor":14,"gold_loss":75},{"damage_healed":0,"gold_gain":0,"player_choice":"Became a Ghost","damage_taken":0,"max_hp_gain":0,"max_hp_loss":38,"event_name":"Ghosts","floor":19,"gold_loss":0,"cards_obtained":["Ghostly","Ghostly","Ghostly"]},{"damage_healed":0,"gold_gain":0,"player_choice":"Became a vampire","damage_taken":0,"max_hp_gain":0,"max_hp_loss":12,"event_name":"Vampires","floor":20,"gold_loss":0,"cards_obtained":["Bite","Bite","Bite","Bite","Bite"]},{"damage_healed":0,"gold_gain":0,"player_choice":"Fight","damage_taken":0,"max_hp_gain":0,"max_hp_loss":0,"event_name":"Colosseum","floor":21,"gold_loss":0},{"damage_healed":0,"gold_gain":0,"player_choice":"Fled From Nobs","damage_taken":0,"max_hp_gain":0,"max_hp_loss":0,"event_name":"Colosseum","floor":21,"gold_loss":0},{"cards_removed":["Defend_R"],"damage_healed":0,"gold_gain":0,"player_choice":"Elegance","damage_taken":0,"max_hp_gain":0,"max_hp_loss":0,"event_name":"Back to Basics","floor":22,"gold_loss":0}],"is_beta":false,"boss_relics":[{"not_picked":["Snecko Eye","Ectoplasm"],"picked":"Runic Pyramid"}],"items_purged_floors":[3,23],"is_endless":false,"potions_floor_spawned":[1,7,11,13,24,27],"killed_by":"Shelled Parasite and Fungi","ascension_level":16}