{"gold_per_floor":[112,112,123,198,214,241,166,166,247,273,273,51,124,274,274,352,352,369,369,369,383,34,34,69,69,94,124,134,134,148,6,6,6],"floor_reached":33,"playtime":1303,"items_purged":["Strike_R","Strike_R"],"score":603,"play_id":"a4b796df-cce4-4ee4-8a11-e806a9c97062","local_time":"20190619222508","is_ascension_mode":true,"campfire_choices":[{"data":"Bludgeon","floor":8,"key":"SMITH"},{"floor":15,"key":"REST"},{"data":"Armaments","floor":23,"key":"SMITH"},{"data":"True Grit","floor":25,"key":"SMITH"},{"data":"Feed","floor":29,"key":"SMITH"},{"data":"Disarm","floor":32,"key":"SMITH"}],"neow_cost":"NONE","seed_source_timestamp":238010291049443,"circlet_count":0,"master_deck":["AscendersBane","Strike_R","Strike_R+1","Defend_R","Defend_R","Defend_R","Defend_R","Bash+1","True Grit+1","Armaments+1","Fiend Fire","Bludgeon+1","Disarm+1","Feed+1","Bludgeon+1","Clothesline","Wild Strike+1","Impervious","Combust"],"relics":["Burning Blood","NeowsBlessing","Happy Flower","Meat on the Bone","Omamori","Blood Vial","Whetstone","Busted Crown","Membership Card","Orichalcum","Potion Belt","Anchor","Bronze Scales","Pantograph"],"potions_floor_usage":[10,16,21,24,27,33,33],"damage_taken":[{"damage":0,"enemies":"2 Louse","floor":1,"turns":1},{"damage":0,"enemies":"Cultist","floor":3,"turns":1},{"damage":0,"enemies":"Jaw Worm","floor":5,"turns":1},{"damage":55,"enemies":"Lagavulin","floor":6,"turns":8},{"damage":20,"enemies":"3 Sentries","floor":10,"turns":8},{"damage":22,"enemies":"Hexaghost","floor":16,"turns":9},{"damage":12,"enemies":"2 Thieves","floor":18,"turns":3},{"damage":0,"enemies":"Spheric Guardian","floor":21,"turns":2},{"damage":8,"enemies":"Book of Stabbing","floor":24,"turns":3},{"damage":42,"enemies":"Slavers","floor":27,"turns":7},{"damage":10,"enemies":"3 Cultists","floor":28,"turns":7},{"damage":27,"enemies":"Cultist and Chosen","floor":30,"turns":6},{"damage":110,"enemies":"Champ","floor":33,"turns":11}],"seed_played":"7079070467733652261","potions_obtained":[{"floor":6,"key":"GamblersBrew"},{"floor":10,"key":"Energy Potion"},{"floor":18,"key":"Fire Potion"},{"floor":21,"key":"Swift Potion"},{"floor":28,"key":"Energy Potion"},{"floor":30,"key":"Regen Potion"}],"is_trial":false,"path_per_floor":["M","?","M","?","M","E","$","R","T","E","?","$","?","?","R","B",null,"M","?","?","M","$","R","E","R","T","E","M","R","M","$","R","B"],"character_chosen":"IRONCLAD","items_purchased":["Whetstone","Fire Potion","Membership Card","Orichalcum","Pantograph"],"campfire_rested":1,"item_purchase_floors":[12,12,22,22,31],"current_hp_per_floor":[74,74,75,64,70,21,21,21,21,19,19,19,19,19,41,39,66,65,43,43,54,54,54,57,57,57,38,48,48,45,45,45,0],"gold":6,"neow_bonus":"THREE_ENEMY_KILL","is_prod":false,"is_daily":false,"chose_seed":false,"campfire_upgraded":5,"win_rate":0,"timestamp":1560979508,"path_taken":["M","?","?","?","M","E","$","R","T","E","?","$","?","?","R","BOSS","M","?","?","M","$","R","E","R","T","E","M","R","?","$","R","BOSS"],"build_version":"2019-01-23","purchased_purges":2,"victory":false,"max_hp_per_floor":[75,75,75,75,75,75,75,75,75,75,75,75,75,75,75,75,75,78,83,83,86,86,86,89,89,89,92,92,92,96,96,96,96],"card_choices":[{"not_picked":["Clash","Warcry"],"picked":"True Grit","floor":1},{"not_picked":["Rupture","Burning Pact"],"picked":"Armaments","floor":3},{"not_picked":["Hemokinesis","Wild Strike"],"picked":"Fiend Fire","floor":5},{"not_picked":["Warcry","Burning Pact"],"picked":"Bludgeon","floor":6},{"not_picked":["Twin Strike","Flame Barrier"],"picked":"Disarm","floor":10},{"not_picked":["Berserk","Offering"],"picked":"Feed","floor":16},{"not_picked":["Sword Boomerang"],"picked":"SKIP","floor":18},{"not_picked":[],"picked":"Clothesline","floor":21},{"not_picked":[],"picked":"Wild Strike+1","floor":24},{"not_picked":[],"picked":"Impervious","floor":27},{"not_picked":["Wild Strike+1"],"picked":"SKIP","floor":28},{"not_picked":[],"picked":"Combust","floor":30}],"player_experience":1093647,"relics_obtained":[{"floor":6,"key":"Happy Flower"},{"floor":9,"key":"Meat on the Bone"},{"floor":10,"key":"Omamori"},{"floor":24,"key":"Potion Belt"},{"floor":26,"key":"Anchor"},{"floor":27,"key":"Bronze Scales"}],"event_choices":[{"cards_removed":["Strike_R"],"damage_healed":0,"gold_gain":0,"player_choice":"Purged","damage_taken":0,"max_hp_gain":0,"max_hp_loss":0,"event_name":"Purifier","floor":2,"gold_loss":0},{"damage_healed":0,"gold_gain":75,"player_choice":"Gather Gold","damage_taken":11,"max_hp_gain":0,"max_hp_loss":0,"event_name":"World of Goop","floor":4,"gold_loss":0},{"damage_healed":0,"gold_gain":0,"player_choice":"Searched \u00271\u0027 times","damage_taken":0,"relics_obtained":["Blood Vial"],"max_hp_gain":0,"max_hp_loss":0,"event_name":"Dead Adventurer","floor":11,"gold_loss":0},{"damage_healed":0,"gold_gain":73,"player_choice":"Gained Gold","damage_taken":0,"max_hp_gain":0,"max_hp_loss":0,"event_name":"Golden Wing","floor":13,"gold_loss":0},{"damage_healed":0,"gold_gain":150,"player_choice":"AGREE","damage_taken":0,"max_hp_gain":0,"max_hp_loss":0,"event_name":"Liars Game","floor":14,"gold_loss":0,"cards_obtained":["Doubt"]},{"damage_healed":0,"gold_gain":0,"player_choice":"Shed Blood","damage_taken":27,"max_hp_gain":5,"max_hp_loss":0,"event_name":"Forgotten Altar","floor":19,"gold_loss":0},{"damage_healed":0,"gold_gain":0,"player_choice":"Copied","damage_taken":0,"max_hp_gain":0,"max_hp_loss":0,"event_name":"Duplicator","floor":20,"gold_loss":0,"cards_obtained":["Bludgeon"]}],"is_beta":false,"boss_relics":[{"not_picked":["Runic Cube","Runic Dome"],"picked":"Busted Crown"}],"items_purged_floors":[7,22],"is_endless":false,"potions_floor_spawned":[6,10,18,21,28,30],"killed_by":"Champ","ascension_level":20}