{"gold_per_floor":[109,125,125,125,125,125,154,171,171,262,277,277,288,288],"floor_reached":14,"playtime":514,"items_purged":[],"score":224,"play_id":"12b9bf39-8fa1-47ca-b6a1-d577ee2e6c7a","local_time":"20190814002454","is_ascension_mode":true,"campfire_choices":[{"data":"Neutralize","floor":6,"key":"SMITH"},{"floor":12,"key":"REST"}],"neow_cost":"NONE","seed_source_timestamp":977350377531900,"circlet_count":0,"master_deck":["AscendersBane","Strike_G","Strike_G","Strike_G","Strike_G","Defend_G","Defend_G","Defend_G","Defend_G","Defend_G+1","Survivor","Neutralize+1","Footwork","Deadly Poison+1","Flying Knee","Skewer","Distraction","Footwork","Glass Knife"],"relics":["Ring of the Snake","NeowsBlessing","Mummified Hand","Dodecahedron","Tiny Chest"],"potions_floor_usage":[10,11,14],"damage_taken":[{"damage":0,"enemies":"Jaw Worm","floor":1,"turns":1},{"damage":0,"enemies":"2 Louse","floor":2,"turns":2},{"damage":0,"enemies":"Lagavulin","floor":7,"turns":1},{"damage":4,"enemies":"Small Slimes","floor":8,"turns":4},{"damage":30,"enemies":"3 Sentries","floor":10,"turns":8},{"damage":1,"enemies":"Exordium Wildlife","floor":11,"turns":4},{"damage":21,"enemies":"Gremlin Gang","floor":13,"turns":8},{"damage":2,"enemies":"Lots of Slimes","floor":14,"turns":1}],"seed_played":"-3341093163121963138","potions_obtained":[{"floor":1,"key":"Energy Potion"},{"floor":10,"key":"PowerPotion"},{"floor":13,"key":"GamblersBrew"}],"is_trial":false,"path_per_floor":["M","M","?","?","?","R","E","M","T","?","M","R","M","M"],"character_chosen":"THE_SILENT","items_purchased":[],"campfire_rested":1,"item_purchase_floors":[],"current_hp_per_floor":[59,59,64,43,36,36,36,32,32,2,1,22,1,0],"gold":288,"neow_bonus":"THREE_ENEMY_KILL","is_prod":false,"is_daily":false,"chose_seed":false,"campfire_upgraded":1,"win_rate":0,"timestamp":1565735094,"path_taken":["M","M","?","?","?","R","E","M","T","?","M","R","M","M"],"build_version":"2019-07-17","purchased_purges":0,"victory":false,"max_hp_per_floor":[66,66,71,71,71,71,71,71,71,71,71,71,71,71],"card_choices":[{"not_picked":["Underhanded Strike","Dagger Throw"],"picked":"Footwork","floor":1},{"not_picked":["Dodge and Roll","Calculated Gamble"],"picked":"Deadly Poison","floor":2},{"not_picked":["Predator","Masterful Stab"],"picked":"Flying Knee","floor":7},{"not_picked":["Endless Agony","Reflex"],"picked":"Skewer","floor":8},{"not_picked":["Acrobatics","Bane"],"picked":"Distraction","floor":10},{"not_picked":["Dodge and Roll","Skewer"],"picked":"Footwork","floor":11},{"not_picked":["Distraction","Prepared"],"picked":"Glass Knife","floor":13}],"player_experience":1878670,"relics_obtained":[{"floor":7,"key":"Mummified Hand"},{"floor":9,"key":"Dodecahedron"},{"floor":10,"key":"Tiny Chest"}],"event_choices":[{"damage_healed":0,"gold_gain":0,"player_choice":"Donut","damage_taken":0,"max_hp_gain":5,"max_hp_loss":0,"event_name":"Big Fish","floor":3,"gold_loss":0},{"damage_healed":0,"gold_gain":0,"player_choice":"Entered Light","damage_taken":21,"max_hp_gain":0,"max_hp_loss":0,"event_name":"Shining Light","floor":4,"gold_loss":0,"cards_upgraded":["Deadly Poison","Defend_G"]},{"cards_removed":["Strike_G"],"damage_healed":0,"gold_gain":0,"player_choice":"Card Removal","damage_taken":7,"max_hp_gain":0,"max_hp_loss":0,"event_name":"Golden Wing","floor":5,"gold_loss":0},{"damage_healed":0,"gold_gain":0,"player_choice":"Searched \u00272\u0027 times","damage_taken":0,"max_hp_gain":0,"max_hp_loss":0,"event_name":"Dead Adventurer","floor":10,"gold_loss":0}],"is_beta":false,"boss_relics":[],"items_purged_floors":[],"is_endless":false,"potions_floor_spawned":[1,10,13],"killed_by":"Lots of Slimes","ascension_level":19}