{"path_per_floor":["M","?","M","?","M","R","E","R","T","R","M","M","$","?","R","B",null,"M","M","T","M","?","R","E","R","T","R","M","M","E","M","R"],"character_chosen":"IRONCLAD","items_purchased":["Bandage Up"],"gold_per_floor":[115,115,135,135,153,153,189,189,189,189,202,218,37,62,62,186,186,204,222,222,242,242,242,278,278,301,301,319,344,387,406,406,406],"floor_reached":33,"campfire_rested":1,"playtime":1448,"current_hp_per_floor":[80,80,80,60,61,61,37,37,44,44,50,54,54,64,64,33,87,86,87,87,71,71,71,18,44,44,44,37,26,36,42,42,0],"items_purged":["Strike_R"],"gold":406,"score":287,"play_id":"f5beea94-a2e1-4f9f-994a-566adbaa2f3a","local_time":"20180520214306","is_prod":false,"is_daily":false,"chose_seed":false,"is_ascension_mode":false,"campfire_upgraded":7,"timestamp":1526848986,"campfire_choices":[{"data":"Rage","floor":6,"key":"SMITH"},{"data":"Whirlwind","floor":8,"key":"SMITH"},{"data":"Clothesline","floor":10,"key":"SMITH"},{"data":"Body Slam","floor":15,"key":"SMITH"},{"data":"Iron Wave","floor":23,"key":"SMITH"},{"floor":25,"key":"REST"},{"data":"Limit Break","floor":27,"key":"SMITH"},{"data":"Flame Barrier","floor":32,"key":"SMITH"}],"path_taken":["M","?","M","?","?","R","E","R","T","R","M","M","$","?","R","BOSS","M","M","?","?","?","R","E","R","T","R","M","M","E","M","R","BOSS"],"build_version":"2018-05-17","seed_source_timestamp":0,"purchased_purges":1,"victory":false,"master_deck":["Strike_R","Strike_R","Strike_R","Strike_R","Defend_R","Defend_R","Defend_R","Defend_R","Bash+1","Body Slam+1","Rage+1","Clothesline+1","Whirlwind+1","Headbutt","Bandage Up","Iron Wave+1","Limit Break+1","Anger+1","Flex+1","Offering","Flame Barrier+1","Barricade"],"max_hp_per_floor":[80,80,80,80,80,80,80,80,87,87,87,87,87,87,87,87,87,87,87,87,87,87,87,87,87,87,87,87,87,89,89,89,89],"relics":["Black Blood","Golden Idol","Ornamental Fan","Strawberry","Odd Mushroom","The Courier","Darkstone Periapt","Bronze Scales","Singing Bowl"],"card_choices":[{"not_picked":["Warcry","Burning Pact"],"picked":"Body Slam","floor":1},{"not_picked":["Anger","Bloodletting"],"picked":"Rage","floor":3},{"not_picked":["Armaments","Body Slam"],"picked":"Clothesline","floor":5},{"not_picked":["Headbutt","Intimidate"],"picked":"Whirlwind","floor":7},{"not_picked":["Warcry","Exhume","Twin Strike"],"picked":"SKIP","floor":11},{"not_picked":["Clash","Searing Blow"],"picked":"Headbutt","floor":12},{"not_picked":["Clash","Headbutt"],"picked":"Iron Wave","floor":14},{"not_picked":["Exhume","Reaper"],"picked":"Limit Break","floor":16},{"not_picked":["Heavy Blade","Rampage"],"picked":"Anger+1","floor":18},{"not_picked":["Wild Strike","Cleave","Armaments+1"],"picked":"SKIP","floor":19},{"not_picked":["Body Slam+1","Heavy Blade"],"picked":"Flex+1","floor":21},{"not_picked":["Burning Pact","Perfected Strike","Heavy Blade"],"picked":"SKIP","floor":24},{"not_picked":["Shrug It Off","Flex"],"picked":"Offering","floor":28},{"not_picked":["Warcry","Anger"],"picked":"Flame Barrier","floor":29},{"not_picked":["Entrench","Sentinel","Iron Wave"],"picked":"Singing Bowl","floor":30},{"not_picked":["Seeing Red","Body Slam"],"picked":"Barricade","floor":31}],"player_experience":369817,"potions_floor_usage":[16,16,18,29,30,31,33,33],"damage_taken":[{"damage":0,"enemies":"Small Slimes","floor":1,"turns":3},{"damage":6,"enemies":"Cultist","floor":3,"turns":4},{"damage":5,"enemies":"Jaw Worm","floor":5,"turns":4},{"damage":30,"enemies":"Gremlin Nob","floor":7,"turns":5},{"damage":0,"enemies":"Looter","floor":11,"turns":2},{"damage":2,"enemies":"Blue Slaver","floor":12,"turns":3},{"damage":0,"enemies":"The Mushroom Lair","floor":14,"turns":2},{"damage":41,"enemies":"Hexaghost","floor":16,"turns":10},{"damage":11,"enemies":"2 Thieves","floor":18,"turns":4},{"damage":0,"enemies":"3 Byrds","floor":19,"turns":4},{"damage":30,"enemies":"Cultist and Chosen","floor":21,"turns":7},{"damage":67,"enemies":"Slavers","floor":24,"turns":5},{"damage":21,"enemies":"Centurion and Healer","floor":28,"turns":6},{"damage":25,"enemies":"3 Cultists","floor":29,"turns":4},{"damage":6,"enemies":"Gremlin Leader","floor":30,"turns":6},{"damage":8,"enemies":"Snake Plant","floor":31,"turns":3},{"damage":47,"enemies":"Collector","floor":33,"turns":8}],"relics_obtained":[{"floor":7,"key":"Ornamental Fan"},{"floor":9,"key":"Strawberry"},{"floor":14,"key":"Odd Mushroom"},{"floor":20,"key":"The Courier"},{"floor":24,"key":"Darkstone Periapt"},{"floor":26,"key":"Bronze Scales"},{"floor":30,"key":"Singing Bowl"}],"event_choices":[{"event_name":"Accursed Blacksmith","player_choice":"Forge","floor":2,"damage_taken":0},{"event_name":"Golden Idol","player_choice":"Take Damage","floor":4,"damage_taken":0},{"event_name":"Mushrooms","player_choice":"Fought Mushrooms","floor":14,"damage_taken":0},{"event_name":"Vampires","player_choice":"Ignored","floor":22,"damage_taken":0}],"boss_relics":[{"not_picked":["Philosopher\u0027s Stone","Calling Bell"],"picked":"Black Blood"}],"potions_floor_spawned":[7,12,14,16,24,28,30,31],"seed_played":"-3792936319643606729","killed_by":"Collector","ascension_level":0,"potions_obtained":[{"floor":7,"key":"Fire Potion"},{"floor":12,"key":"Energy Potion"},{"floor":14,"key":"SteroidPotion"},{"floor":16,"key":"Weak Potion"},{"floor":24,"key":"Explosive Potion"},{"floor":28,"key":"Explosive Potion"},{"floor":30,"key":"Block Potion"},{"floor":31,"key":"EssenceOfSteel"}],"is_trial":false}