{"gold_per_floor":[116,116,116,133,149,149,180,180,203,267,267,278,289,321,321,424,424,443,462,462,473,487,487,9,44,44,44,58,10,28,40,40,135,135,151,451,465,196,210,210,210,210,282,317,334,21,38,0,0,0],"floor_reached":50,"playtime":2197,"items_purged":["Strike_B"],"score":881,"play_id":"c9088b33-006b-4817-a4da-175d7da3f9e6","local_time":"20190227063920","is_ascension_mode":true,"campfire_choices":[{"data":"Zap","floor":6.0,"key":"SMITH"},{"floor":11.0,"key":"REST"},{"data":"Fission","floor":15.0,"key":"SMITH"},{"floor":23,"key":"REST"},{"data":"Echo Form","floor":27,"key":"SMITH"},{"floor":32,"key":"REST"},{"data":"Self Repair","floor":40,"key":"SMITH"},{"data":"Storm","floor":42,"key":"SMITH"},{"floor":49,"key":"REST"}],"neow_cost":"NONE","seed_source_timestamp":0,"circlet_count":0,"master_deck":["AscendersBane","Zap+1","Dualcast","Capacitor","Electrodynamics","Glacier","Ball Lightning","BootSequence","Loop+1","Fission+1","Leap","Go for the Eyes","Coolheaded","Echo Form+1","Conserve Battery","Compile Driver","Redo+1","Core Surge","Coolheaded","Self Repair+1","Hologram","Beam Cell","Fusion","Meteor Strike","Lockon","Static Discharge","Blizzard","Loop","Static Discharge","Meteor Strike","Sweeping Beam","Melter+1","Storm+1","Conserve Battery","Madness","Madness","Apotheosis","Capacitor","Fusion"],"special_seed":0,"relics":["Cracked Core","NeowsBlessing","Anchor","Vajra","Pear","Bronze Scales","Lizard Tail","Lee\u0027s Waffle","Meat on the Bone","Gremlin Horn","Pandora\u0027s Box","Bag of Preparation","Question Card","Mercury Hourglass","Red Mask"],"potions_floor_usage":[25,28,33,37,39,44,50,50],"damage_taken":[{"damage":0.0,"enemies":"Jaw Worm","floor":1.0,"turns":1.0},{"damage":0.0,"enemies":"Small Slimes","floor":4.0,"turns":1.0},{"damage":0.0,"enemies":"Cultist","floor":5.0,"turns":1.0},{"damage":23.0,"enemies":"Gremlin Nob","floor":7.0,"turns":4.0},{"damage":21.0,"enemies":"Gremlin Nob","floor":10.0,"turns":6.0},{"damage":0.0,"enemies":"Blue Slaver","floor":12.0,"turns":3.0},{"damage":0.0,"enemies":"2 Fungi Beasts","floor":13.0,"turns":4.0},{"damage":2.0,"enemies":"Lagavulin","floor":14.0,"turns":7.0},{"damage":27.0,"enemies":"Slime Boss","floor":16.0,"turns":6.0},{"damage":18.0,"enemies":"Chosen","floor":18.0,"turns":6.0},{"damage":0.0,"enemies":"Spheric Guardian","floor":19.0,"turns":5.0},{"damage":12,"enemies":"Chosen and Byrds","floor":21,"turns":6},{"damage":20,"enemies":"Snake Plant","floor":22,"turns":5},{"damage":37,"enemies":"Gremlin Leader","floor":25,"turns":8},{"damage":16,"enemies":"Sentry and Sphere","floor":28,"turns":8},{"damage":9,"enemies":"Snecko","floor":30,"turns":4},{"damage":15,"enemies":"Centurion and Healer","floor":31,"turns":6},{"damage":37,"enemies":"Champ","floor":33,"turns":16},{"damage":45,"enemies":"3 Darklings","floor":35,"turns":3},{"damage":41,"enemies":"3 Shapes","floor":37,"turns":6},{"damage":10,"enemies":"Maw","floor":39,"turns":6},{"damage":38,"enemies":"Reptomancer","floor":44,"turns":5},{"damage":13,"enemies":"4 Shapes","floor":45,"turns":3},{"damage":9,"enemies":"Spire Growth","floor":47,"turns":4},{"damage":165,"enemies":"Time Eater","floor":50,"turns":9}],"seed_played":"5824435384962264941","potions_obtained":[{"floor":1.0,"key":"Swift Potion"},{"floor":4.0,"key":"Block Potion"},{"floor":7.0,"key":"SteroidPotion"},{"floor":12.0,"key":"Explosive Potion"},{"floor":14.0,"key":"GamblersBrew"},{"floor":18.0,"key":"Swift Potion"},{"floor":22,"key":"Regen Potion"},{"floor":28,"key":"Fire Potion"},{"floor":33,"key":"Fire Potion"},{"floor":37,"key":"PowerPotion"},{"floor":39,"key":"Dexterity Potion"}],"is_trial":false,"path_per_floor":["M","?","?","M","M","R","E","?","T","?","R","M","M","E","R","B",null,"M","M","?","M","M","R","$","E","T","R","M","$","M","M","R","B",null,"M","?","M","$","M","R","?","R","T","E","M","$","M","?","R","B"],"character_chosen":"DEFECT","items_purchased":["Lee\u0027s Waffle","Core Surge","Coolheaded","PowerPotion","Bag of Preparation","Storm","PowerPotion","Apotheosis","Capacitor","FocusPotion"],"campfire_rested":4,"item_purchase_floors":[24,24,24,29,38,38,38,46,46,46],"current_hp_per_floor":[68,61,61,61,61,61,38,23,23,12,37,37,37,35,35,8,66,48,48,48,36,16,41,92,55,55,55,68,68,66,65,92,69,86,60,60,45,45,54,54,42,42,42,26,25,25,28,28,55,0],"gold":0,"neow_bonus":"THREE_ENEMY_KILL","is_prod":false,"is_daily":false,"chose_seed":false,"campfire_upgraded":5,"win_rate":0,"timestamp":1551245960,"path_taken":["M","?","?","M","?","R","E","?","T","?","R","M","M","E","R","BOSS","M","M","?","M","M","R","$","E","T","R","?","$","M","M","R","BOSS","M","?","M","$","?","R","?","R","T","E","M","$","M","?","R","BOSS"],"build_version":"2019-01-23","purchased_purges":1,"victory":false,"max_hp_per_floor":[75,75,75,75,75,75,75,75,75,85,85,85,85,85,85,85,85,85,85,85,85,85,85,92,92,92,92,92,92,92,92,92,92,92,92,92,92,92,92,92,92,92,92,92,92,92,92,92,92,92],"card_choices":[{"not_picked":["Double Energy","Rebound"],"picked":"Capacitor","floor":1.0},{"not_picked":["Barrage","Recycle"],"picked":"Ball Lightning","floor":4.0},{"not_picked":["Beam Cell","Steam"],"picked":"BootSequence","floor":5.0},{"not_picked":["Turbo","Beam Cell"],"picked":"Loop","floor":7.0},{"not_picked":["Streamline","Hologram"],"picked":"Fission","floor":10.0},{"not_picked":["FTL","Barrage"],"picked":"Leap","floor":12.0},{"not_picked":["Rebound","Cold Snap"],"picked":"Go for the Eyes","floor":13.0},{"not_picked":["Sweeping Beam","Electrodynamics"],"picked":"Coolheaded","floor":14.0},{"not_picked":["Meteor Strike","Rainbow"],"picked":"Echo Form","floor":16.0},{"not_picked":["Cold Snap","Auto Shields"],"picked":"Conserve Battery","floor":18.0},{"not_picked":["Recycle","Gash"],"picked":"Compile Driver","floor":19.0},{"not_picked":["Ball Lightning+1","Stack"],"picked":"Redo+1","floor":21},{"not_picked":["Redo","Go for the Eyes","Hello World"],"picked":"SKIP","floor":22},{"not_picked":["Go for the Eyes+1","Sweeping Beam+1"],"picked":"Self Repair","floor":25},{"not_picked":["Leap","Stack"],"picked":"Hologram","floor":28},{"not_picked":["Darkness","Go for the Eyes"],"picked":"Beam Cell","floor":30},{"not_picked":["Redo","Sweeping Beam"],"picked":"Fusion","floor":31},{"not_picked":["Biased Cognition","All For One"],"picked":"Meteor Strike","floor":33},{"not_picked":["Gash","Glacier"],"picked":"Sweeping Beam","floor":35},{"not_picked":["Go for the Eyes","Multi-Cast"],"picked":"Melter+1","floor":37},{"not_picked":["Gash+1","Beam Cell+1"],"picked":"Conserve Battery","floor":39},{"not_picked":["Hyperbeam","Rebound","Reprogram","Go for the Eyes"],"picked":"SKIP","floor":44},{"not_picked":["Sweeping Beam","Rip and Tear","Go for the Eyes","Hello World"],"picked":"SKIP","floor":45},{"not_picked":["Leap","Redo","Force Field"],"picked":"Fusion","floor":47}],"player_experience":866103,"relics_obtained":[{"floor":7.0,"key":"Anchor"},{"floor":9.0,"key":"Vajra"},{"floor":10.0,"key":"Pear"},{"floor":14.0,"key":"Bronze Scales"},{"floor":25,"key":"Meat on the Bone"},{"floor":26,"key":"Gremlin Horn"},{"floor":43,"key":"Question Card"},{"floor":44,"key":"Mercury Hourglass"}],"event_choices":[{"cards_removed":["Strike_B"],"damage_healed":0.0,"max_hp_gain":0.0,"max_hp_loss":0.0,"gold_gain":0.0,"event_name":"Golden Wing","player_choice":"Card Removal","floor":2.0,"gold_loss":0.0,"damage_taken":7.0},{"damage_healed":0.0,"max_hp_gain":0.0,"max_hp_loss":0.0,"gold_gain":0.0,"event_name":"Match and Keep!","player_choice":"2 cards matched","floor":3.0,"gold_loss":0.0,"damage_taken":0.0,"cards_obtained":["Electrodynamics","Glacier"]},{"damage_healed":0.0,"max_hp_gain":0.0,"max_hp_loss":0.0,"gold_gain":0.0,"event_name":"Shining Light","player_choice":"Entered Light","floor":8.0,"gold_loss":0.0,"damage_taken":15.0,"cards_upgraded":["Defend_B","Loop"]},{"damage_healed":0.0,"max_hp_gain":0.0,"max_hp_loss":0.0,"gold_gain":0.0,"event_name":"Dead Adventurer","player_choice":"Searched \u00271\u0027 times","floor":10.0,"gold_loss":0.0,"damage_taken":0.0},{"damage_healed":0,"gold_gain":0,"player_choice":"Ignored","damage_taken":0,"max_hp_gain":0,"max_hp_loss":0,"event_name":"N\u0027loth","floor":20,"gold_loss":0},{"damage_healed":0,"gold_gain":300,"player_choice":"Gold","damage_taken":0,"max_hp_gain":0,"max_hp_loss":0,"event_name":"Wheel of Change","floor":36,"gold_loss":0},{"damage_healed":0,"gold_gain":0,"player_choice":"Embrace Madness","damage_taken":12,"max_hp_gain":0,"max_hp_loss":0,"event_name":"Winding Halls","floor":41,"gold_loss":0,"cards_obtained":["Madness","Madness"]},{"damage_healed":0,"gold_gain":0,"player_choice":"Paid","damage_taken":0,"relics_obtained":["Red Mask"],"max_hp_gain":0,"max_hp_loss":0,"event_name":"Tomb of Lord Red Mask","floor":48,"gold_loss":38}],"is_beta":false,"boss_relics":[{"not_picked":["Ectoplasm","Fusion Hammer"],"picked":"Lizard Tail"},{"not_picked":["Runic Dome","Tiny House"],"picked":"Pandora\u0027s Box"}],"items_purged_floors":[24],"is_endless":false,"potions_floor_spawned":[1,4,7,12,14,18,22,28,33,37,39,47],"killed_by":"Time Eater","ascension_level":12}