{"path_per_floor":["M","?","?","M","?","R","M","M","T","M","?","R","$","M","R","B",null,"M","?","$","?","?"],"character_chosen":"IRONCLAD","items_purchased":["Rampage","Anchor","Ancient Tea Set"],"gold_per_floor":[119,119,119,144,144,144,167,181,232,246,246,246,64,78,78,202,202,223,223,76,76,76,76],"floor_reached":23,"campfire_rested":1,"playtime":612,"current_hp_per_floor":[80,64,44,44,44,68,72,65,65,58,58,58,58,66,66,66,84,66,66,66,66,66,0],"items_purged":[],"gold":76,"score":179,"play_id":"bd12bf3a-1b59-47ef-b50e-a7f27ecf3390","local_time":"20180512131750","is_prod":false,"is_daily":false,"chose_seed":false,"is_ascension_mode":false,"campfire_upgraded":2,"timestamp":1526127470,"path_taken":["M","?","?","M","?","R","?","M","T","M","?","R","$","M","R","BOSS","M","?","$","?","?","E"],"build_version":"2018-05-10","seed_source_timestamp":231511973546652,"purchased_purges":0,"victory":false,"master_deck":["Strike_R","Strike_R","Strike_R","Strike_R+1","Strike_R","Defend_R+1","Defend_R","Defend_R","Defend_R","Bash","Flex+1","Rampage+1","Fiend Fire"],"max_hp_per_floor":[80,80,80,80,80,80,80,80,80,82,82,82,82,84,84,84,84,86,86,86,86,86,86],"relics":["Burning Blood","Bag of Marbles","Golden Idol","Singing Bowl","Anchor","Mark of Pain","Ancient Tea Set"],"card_choices":[{"not_picked":["Rupture","Warcry"],"picked":"Corruption","floor":1},{"not_picked":["Fire Breathing","Impervious"],"picked":"Flex","floor":7},{"not_picked":["Impervious","Berserk"],"picked":"Fiend Fire","floor":16}],"player_experience":285284,"potions_floor_usage":[16,16],"damage_taken":[{"damage":2,"enemies":"2 Louse","floor":1,"turns":3},{"damage":6,"enemies":"Jaw Worm","floor":4,"turns":4},{"damage":2,"enemies":"Small Slimes","floor":7,"turns":3},{"damage":13,"enemies":"Red Slaver","floor":8,"turns":2},{"damage":15,"enemies":"Exordium Thugs","floor":10,"turns":5},{"damage":0,"enemies":"Looter","floor":14,"turns":2},{"damage":6,"enemies":"Slime Boss","floor":16,"turns":6},{"damage":26,"enemies":"Shell Parasite","floor":18,"turns":5},{"damage":66,"enemies":"Gremlin Leader","floor":23,"turns":5}],"event_choices":[{"event_name":"Shining Light","player_choice":"Entered Light","floor":2,"damage_taken":0},{"event_name":"Golden Idol","player_choice":"Take Damage","floor":3,"damage_taken":0},{"event_name":"The Cleric","player_choice":"Leave","floor":5,"damage_taken":0},{"event_name":"Living Wall","player_choice":"Forget","floor":11,"damage_taken":0},{"event_name":"Beggar","player_choice":"Ignored","floor":19,"damage_taken":0},{"event_name":"Drug Dealer","player_choice":"Ignored","floor":21,"damage_taken":0},{"event_name":"Transmorgrifier","player_choice":"Skipped","floor":22,"damage_taken":0}],"boss_relics":[{"not_picked":["Runic Dome","Runic Cube"],"picked":"Mark of Pain"}],"potions_floor_spawned":[1,4,7,14],"seed_played":"-2935870903965389754","killed_by":"Gremlin Leader","ascension_level":0,"is_trial":false}