{"gold_per_floor":[219,293,27,42,42,76,76,107,107,107,32,32,32,51,51,122,122,141,159,177,8,8,66,66,101,101,101,132,162,175,21,21,94,94,111,126,26,26,40,40,71,71,96,96,96,96,96,127,127,127,127],"floor_reached":51,"playtime":2227,"items_purged":["Strike_B","Strike_B"],"score":1595,"play_id":"c1246c2f-ce56-4c1c-8a37-d4aef64aed94","local_time":"20190528222524","is_ascension_mode":true,"campfire_choices":[{"floor":10.0,"key":"REST"},{"floor":13.0,"key":"REST"},{"data":"Zap","floor":15.0,"key":"SMITH"},{"data":"Defragment","floor":24.0,"key":"SMITH"},{"floor":27.0,"key":"REST"},{"floor":32.0,"key":"REST"},{"floor":40.0,"key":"REST"},{"floor":42.0,"key":"REST"},{"floor":44.0,"key":"RECALL"},{"data":"Strike_B","floor":45.0,"key":"PURGE"},{"floor":49,"key":"REST"}],"neow_cost":"NONE","seed_source_timestamp":959131686239511,"circlet_count":0,"master_deck":["AscendersBane","Defend_B","Defend_B","Defend_B","Defend_B","Zap+1","Dualcast","Ball Lightning","Dramatic Entrance","Sweeping Beam","Seek+1","Thunder Strike+1","Defragment+1","Beam Cell+1","Tempest+1","Reinforced Body+1","Cold Snap+1","Chaos+1","Glacier+1","Cold Snap+1","Capacitor","Multi-Cast+1","Defragment+1","Leap+1","Conserve Battery+1","Conserve Battery+1"],"special_seed":0,"relics":["Cracked Core","Shuriken","Bronze Scales","Singing Bowl","Matryoshka","Toxic Egg 2","Oddly Smooth Stone","Molten Egg 2","Pear","Incense Burner","Velvet Choker","PreservedInsect","Tiny Chest","Blue Candle","Ginger","WingedGreaves","Torii","Sozu","Peace Pipe","Symbiotic Virus","Ornamental Fan"],"potions_floor_usage":[50,51],"damage_taken":[{"damage":2.0,"enemies":"Cultist","floor":1.0,"turns":4.0},{"damage":2.0,"enemies":"Jaw Worm","floor":4.0,"turns":3.0},{"damage":39.0,"enemies":"Gremlin Nob","floor":6.0,"turns":4.0},{"damage":25.0,"enemies":"Lagavulin","floor":8.0,"turns":5.0},{"damage":0.0,"enemies":"Small Slimes","floor":14.0,"turns":2.0},{"damage":36.0,"enemies":"Slime Boss","floor":16.0,"turns":8.0},{"damage":11.0,"enemies":"2 Thieves","floor":18.0,"turns":3.0},{"damage":14.0,"enemies":"Spheric Guardian","floor":19.0,"turns":4.0},{"damage":18.0,"enemies":"Shelled Parasite and Fungi","floor":20.0,"turns":3.0},{"damage":6.0,"enemies":"Gremlin Leader","floor":23.0,"turns":3.0},{"damage":0.0,"enemies":"Slavers","floor":25.0,"turns":3.0},{"damage":21.0,"enemies":"Book of Stabbing","floor":28.0,"turns":3.0},{"damage":0.0,"enemies":"Gremlin Leader","floor":29.0,"turns":4.0},{"damage":0.0,"enemies":"Chosen and Byrds","floor":30.0,"turns":4.0},{"damage":42.0,"enemies":"Automaton","floor":33.0,"turns":9.0},{"damage":11.0,"enemies":"Orb Walker","floor":35.0,"turns":2.0},{"damage":14.0,"enemies":"3 Darklings","floor":36.0,"turns":4.0},{"damage":18.0,"enemies":"Spire Growth","floor":39.0,"turns":4.0},{"damage":21.0,"enemies":"Nemesis","floor":41.0,"turns":5.0},{"damage":10,"enemies":"Reptomancer","floor":48,"turns":6},{"damage":43,"enemies":"Time Eater","floor":50,"turns":12},{"damage":47,"enemies":"Donu and Deca","floor":51,"turns":8}],"seed_played":"8442352180234966860","potions_obtained":[{"floor":14.0,"key":"EntropicBrew"},{"floor":19.0,"key":"Fire Potion"},{"floor":20.0,"key":"Explosive Potion"},{"floor":28.0,"key":"SkillPotion"}],"is_trial":false,"path_per_floor":["M","T","$","M","?","E","T","E","T","R","$","T","R","M","R","B",null,"M","M","M","$","?","E","R","E","T","R","E","E","M","$","R","B",null,"M","M","$","?","M","R","E","R","T","R","R","T","?","E","R","B","B"],"character_chosen":"DEFECT","items_purchased":["Bronze Scales","Dramatic Entrance","Seek+1","PreservedInsect","Capacitor"],"campfire_rested":7,"item_purchase_floors":[3,3,11,21,31],"current_hp_per_floor":[62,62,62,60,65,28,28,5,5,29,29,39,66,68,68,32,77,66,64,46,46,46,40,40,40,40,67,46,46,46,46,73,31,77,66,54,54,54,36,62,41,67,67,67,67,67,69,59,86,43,0],"gold":127,"neow_bonus":"HUNDRED_GOLD","is_prod":false,"is_daily":false,"chose_seed":false,"campfire_upgraded":2,"win_rate":0,"timestamp":1559075124,"path_taken":["M","?","$","M","?","E","?","E","T","R","$","?","R","M","R","BOSS","M","M","M","$","?","E","R","E","T","R","E","E","M","?","R","BOSS","M","M","$","?","M","R","E","R","T","R","R","?","?","E","R","BOSS","BOSS"],"build_version":"2019-01-23","purchased_purges":2,"victory":false,"max_hp_per_floor":[71,71,71,71,76,78,78,80,80,80,80,90,90,92,92,92,92,92,92,92,92,92,92,92,92,92,92,92,92,92,92,92,92,92,92,94,94,89,89,89,89,89,89,89,89,89,91,91,91,91,91],"card_choices":[{"not_picked":["Hologram","Storm"],"picked":"Ball Lightning","floor":1.0},{"not_picked":["Auto Shields","Compile Driver"],"picked":"Sweeping Beam","floor":4.0},{"not_picked":["Gash","Sweeping Beam","Sunder"],"picked":"Singing Bowl","floor":6.0},{"not_picked":["Go for the Eyes","Auto Shields","Reprogram"],"picked":"Singing Bowl","floor":8.0},{"not_picked":["Chill+1","Redo+1","Recycle+1"],"picked":"Singing Bowl","floor":14.0},{"not_picked":["Rainbow+1","All For One+1"],"picked":"Thunder Strike+1","floor":16.0},{"not_picked":["Barrage+1","Sweeping Beam+1"],"picked":"Defragment","floor":18.0},{"not_picked":["Steam+1","Rainbow+1"],"picked":"Beam Cell+1","floor":19.0},{"not_picked":["Consume+1","Chaos+1"],"picked":"Tempest+1","floor":20.0},{"not_picked":["Ball Lightning+1","Streamline+1"],"picked":"Reinforced Body+1","floor":23.0},{"not_picked":["Barrage+1","Ball Lightning+1"],"picked":"Cold Snap+1","floor":25.0},{"not_picked":["Gash+1","Double Energy+1"],"picked":"Chaos+1","floor":28.0},{"not_picked":["Barrage+1","Turbo+1"],"picked":"Glacier+1","floor":29.0},{"not_picked":["Coolheaded+1","Stack+1"],"picked":"Cold Snap+1","floor":30.0},{"not_picked":["Buffer","Amplify+1"],"picked":"Multi-Cast+1","floor":33.0},{"not_picked":["Conserve Battery+1","Capacitor"],"picked":"Defragment+1","floor":35.0},{"not_picked":["Lockon+1","Streamline+1","Turbo+1"],"picked":"Singing Bowl","floor":36.0},{"not_picked":["Ball Lightning+1","Redo+1"],"picked":"Leap+1","floor":39.0},{"not_picked":["Streamline+1","Barrage+1"],"picked":"Conserve Battery+1","floor":41.0},{"not_picked":["Panache","Impatience+1","Good Instincts+1"],"picked":"Singing Bowl","floor":47.0},{"not_picked":["Stack+1","Heatsinks"],"picked":"Conserve Battery+1","floor":48}],"player_experience":808089,"relics_obtained":[{"floor":2.0,"key":"Shuriken"},{"floor":6.0,"key":"Singing Bowl"},{"floor":7.0,"key":"Matryoshka"},{"floor":8.0,"key":"Toxic Egg 2"},{"floor":9.0,"key":"Oddly Smooth Stone"},{"floor":9.0,"key":"Molten Egg 2"},{"floor":12.0,"key":"Pear"},{"floor":12.0,"key":"Incense Burner"},{"floor":23.0,"key":"Tiny Chest"},{"floor":25.0,"key":"Blue Candle"},{"floor":26.0,"key":"Ginger"},{"floor":28.0,"key":"WingedGreaves"},{"floor":29.0,"key":"Torii"},{"floor":41.0,"key":"Peace Pipe"},{"floor":46.0,"key":"Symbiotic Virus"},{"floor":48,"key":"Ornamental Fan"}],"event_choices":[{"damage_healed":0.0,"max_hp_gain":5.0,"max_hp_loss":0.0,"gold_gain":0.0,"event_name":"Big Fish","player_choice":"Donut","floor":5.0,"gold_loss":0.0,"damage_taken":0.0},{"cards_removed":["Strike_B"],"damage_healed":0.0,"max_hp_gain":0.0,"max_hp_loss":0.0,"gold_gain":0.0,"event_name":"Bonfire Elementals","player_choice":"Offered Basic","floor":22.0,"gold_loss":0.0,"damage_taken":0.0},{"damage_healed":0.0,"max_hp_gain":0.0,"max_hp_loss":5.0,"gold_gain":0.0,"event_name":"Winding Halls","player_choice":"Max HP","floor":38.0,"gold_loss":0.0,"damage_taken":0.0},{"damage_healed":0.0,"max_hp_gain":0.0,"max_hp_loss":0.0,"gold_gain":0.0,"event_name":"SensoryStone","player_choice":"Memory 1","floor":47.0,"gold_loss":0.0,"damage_taken":0.0}],"is_beta":false,"boss_relics":[{"not_picked":["Nuclear Battery","Cursed Key"],"picked":"Velvet Choker"},{"not_picked":["Coffee Dripper","Orrery"],"picked":"Sozu"}],"items_purged_floors":[31,37],"is_endless":false,"potions_floor_spawned":[14,16,18,19,20,28,39,48],"killed_by":"Donu and Deca","ascension_level":20}