{"gold_per_floor":[20,34,54,71,88,88,105,105,105,30,40,67,52,68,68,141,141,161,161,161,61,74,74,92,92,117,117,131,131,156,31,31,104,104,124,141,141,157,124,124,38,38,120,447,467,467],"floor_reached":46,"playtime":2188,"items_purged":["Strike_G","Writhe","Strike_G"],"score":882,"play_id":"89158f87-4d09-41f9-bfc5-b15ca481717b","local_time":"20190427231615","is_ascension_mode":true,"campfire_choices":[{"data":"Neutralize","floor":6.0,"key":"SMITH"},{"data":"Footwork","floor":8.0,"key":"SMITH"},{"data":"Skewer","floor":15.0,"key":"SMITH"},{"data":"Distraction","floor":23,"key":"SMITH"},{"data":"Crippling Poison","floor":25,"key":"SMITH"},{"data":"Malaise","floor":27,"key":"SMITH"},{"floor":29,"key":"REST"},{"floor":32,"key":"REST"},{"floor":40,"key":"REST"},{"floor":42,"key":"REST"}],"neow_cost":"NO_GOLD","seed_source_timestamp":0,"circlet_count":0,"master_deck":["AscendersBane","Survivor","Neutralize+1","Flying Knee","Distraction+1","Footwork+1","Quick Slash","Well Laid Plans","Backflip","Blur","Predator","Malaise+1","Skewer+1","Corpse Explosion","Bouncing Flask","Setup+1","Crippling Poison+1","PiercingWail+1","Bullet Time","Deadly Poison","Eviscerate","Concentrate","Sucker Punch","Tactician","Crippling Poison","Cloak And Dagger","Cloak And Dagger","Dodge and Roll","Sadistic Nature","Chrysalis","Dash","Bandage Up"],"special_seed":0,"relics":["Ring of the Snake","Bronze Scales","Pantograph","Velvet Choker","Oddly Smooth Stone","Sundial","Juzu Bracelet","Pen Nib","Pandora\u0027s Box","Meat on the Bone","Old Coin"],"potions_floor_usage":[18,33],"damage_taken":[{"damage":1.0,"enemies":"Cultist","floor":1.0,"turns":5.0},{"damage":2.0,"enemies":"Small Slimes","floor":2.0,"turns":5.0},{"damage":0.0,"enemies":"Jaw Worm","floor":3.0,"turns":6.0},{"damage":7.0,"enemies":"Exordium Wildlife","floor":4.0,"turns":9.0},{"damage":10.0,"enemies":"Gremlin Gang","floor":5.0,"turns":7.0},{"damage":2.0,"enemies":"2 Fungi Beasts","floor":7.0,"turns":6.0},{"damage":0.0,"enemies":"Exordium Wildlife","floor":11.0,"turns":5.0},{"damage":12.0,"enemies":"3 Sentries","floor":12.0,"turns":8.0},{"damage":0.0,"enemies":"Exordium Thugs","floor":13.0,"turns":4.0},{"damage":0.0,"enemies":"Blue Slaver","floor":14.0,"turns":4.0},{"damage":0.0,"enemies":"The Guardian","floor":16.0,"turns":13.0},{"damage":16,"enemies":"2 Thieves","floor":18,"turns":3},{"damage":6,"enemies":"Spheric Guardian","floor":22,"turns":4},{"damage":18,"enemies":"Snecko","floor":24,"turns":6},{"damage":20,"enemies":"Shelled Parasite and Fungi","floor":28,"turns":6},{"damage":53,"enemies":"Collector","floor":33,"turns":10},{"damage":0,"enemies":"3 Darklings","floor":35,"turns":2},{"damage":0,"enemies":"Orb Walker","floor":36,"turns":4},{"damage":50,"enemies":"Transient","floor":38,"turns":5},{"damage":53,"enemies":"Reptomancer","floor":44,"turns":7},{"damage":19,"enemies":"Sphere and 2 Shapes","floor":45,"turns":4},{"damage":17,"enemies":"Jaw Worm Horde","floor":46,"turns":1}],"seed_played":"5739730312895693618","potions_obtained":[{"floor":4.0,"key":"EntropicBrew"},{"floor":5.0,"key":"Strength Potion"},{"floor":14.0,"key":"Regen Potion"},{"floor":16.0,"key":"SkillPotion"},{"floor":18,"key":"Explosive Potion"},{"floor":28,"key":"Swift Potion"},{"floor":45,"key":"Strength Potion"}],"is_trial":false,"path_per_floor":["M","M","M","M","M","R","M","R","T","$","M","E","M","M","R","B",null,"M","?","?","$","M","R","M","R","T","R","M","R","T","$","R","B",null,"M","M","?","M","$","R","$","R","T","E","M","M"],"character_chosen":"THE_SILENT","items_purchased":["Dash","Bandage Up"],"campfire_rested":4,"item_purchase_floors":[39,41],"current_hp_per_floor":[70,68,68,61,51,51,49,49,49,49,49,37,37,37,37,77,78,62,62,62,62,56,56,38,38,38,38,18,41,41,41,64,25,65,65,65,60,10,10,33,33,56,56,19,16,0],"gold":467,"neow_bonus":"TWENTY_PERCENT_HP_BONUS","is_prod":false,"is_daily":false,"chose_seed":false,"campfire_upgraded":6,"win_rate":0,"timestamp":1556399775,"path_taken":["M","?","M","M","M","R","?","R","T","$","M","E","M","?","R","BOSS","M","?","?","$","M","R","?","R","T","R","M","R","?","?","R","BOSS","M","M","?","M","$","R","$","R","T","E","M","M"],"build_version":"2019-01-23","purchased_purges":3,"victory":false,"max_hp_per_floor":[78,78,78,78,78,78,78,78,78,78,78,78,78,78,78,78,78,78,78,78,78,78,78,78,78,78,78,78,78,78,78,78,78,78,78,78,78,78,78,78,78,78,78,78,78,78],"card_choices":[{"not_picked":["Bane","Blade Dance"],"picked":"Flying Knee","floor":1.0},{"not_picked":["Deflect","Eviscerate"],"picked":"Distraction","floor":2.0},{"not_picked":["Choke","Infinite Blades"],"picked":"Footwork","floor":3.0},{"not_picked":["Deflect","Eviscerate"],"picked":"Quick Slash","floor":4.0},{"not_picked":["Calculated Gamble","All Out Attack"],"picked":"Well Laid Plans","floor":5.0},{"not_picked":["Acrobatics","Setup"],"picked":"Backflip","floor":7.0},{"not_picked":["Leg Sweep","Heel Hook"],"picked":"Blur","floor":11.0},{"not_picked":["Bouncing Flask","Underhanded Strike"],"picked":"Predator","floor":12.0},{"not_picked":["Flying Knee","Dagger Throw"],"picked":"Malaise","floor":13.0},{"not_picked":["All Out Attack","Dagger Throw"],"picked":"Skewer","floor":14.0},{"not_picked":["Grand Finale","Die Die Die"],"picked":"Corpse Explosion","floor":16.0},{"not_picked":["Well Laid Plans","PiercingWail"],"picked":"Bouncing Flask","floor":18},{"not_picked":["Deflect","Bane"],"picked":"Setup+1","floor":22},{"not_picked":["Blade Dance","Expertise"],"picked":"Crippling Poison","floor":24},{"not_picked":["Eviscerate","Deflect"],"picked":"PiercingWail+1","floor":28},{"not_picked":["Phantasmal Killer","Doppelganger"],"picked":"Bullet Time","floor":33},{"not_picked":["Outmaneuver","Skewer+1","Prepared"],"picked":"SKIP","floor":35},{"not_picked":["Prepared+1","Backflip"],"picked":"Dodge and Roll","floor":36},{"not_picked":["Metamorphosis","Enlightenment"],"picked":"Sadistic Nature","floor":37},{"not_picked":["Purity","Forethought"],"picked":"Chrysalis","floor":37},{"not_picked":["Prepared+1","Reflex","Outmaneuver+1"],"picked":"SKIP","floor":38},{"not_picked":["Outmaneuver","Slice","Skewer"],"picked":"SKIP","floor":44},{"not_picked":["Distraction","Crippling Poison","Poisoned Stab"],"picked":"SKIP","floor":45}],"player_experience":1067758,"relics_obtained":[{"floor":9.0,"key":"Bronze Scales"},{"floor":12.0,"key":"Pantograph"},{"floor":26,"key":"Juzu Bracelet"},{"floor":30,"key":"Pen Nib"},{"floor":43,"key":"Meat on the Bone"},{"floor":44,"key":"Old Coin"}],"event_choices":[{"damage_healed":0,"gold_gain":0,"player_choice":"Opened","damage_taken":0,"relics_obtained":["Oddly Smooth Stone"],"max_hp_gain":0,"max_hp_loss":0,"event_name":"The Mausoleum","floor":19,"gold_loss":0,"cards_obtained":["Writhe"]},{"damage_healed":0,"gold_gain":0,"player_choice":"Gave Potion","damage_taken":0,"relics_obtained":["Sundial"],"max_hp_gain":0,"max_hp_loss":0,"event_name":"WeMeetAgain","floor":20,"gold_loss":0},{"damage_healed":0,"gold_gain":0,"player_choice":"Memory 2","damage_taken":5,"max_hp_gain":0,"max_hp_loss":0,"event_name":"SensoryStone","floor":37,"gold_loss":0}],"is_beta":false,"boss_relics":[{"not_picked":["Black Star","Fusion Hammer"],"picked":"Velvet Choker"},{"not_picked":["Tiny House","HoveringKite"],"picked":"Pandora\u0027s Box"}],"items_purged_floors":[10,21,31],"is_endless":false,"potions_floor_spawned":[4,5,7,14,16,18,28,45],"killed_by":"Jaw Worm Horde","ascension_level":15}