{"gold_per_floor":[114,114,114,289,165,165,204,204,281,304,337,302,326,350,350,480,480,501,0,25,25,45,45,45],"floor_reached":24,"playtime":1190,"items_purged":["Doubt"],"score":326,"play_id":"19a774fd-d023-4c8d-ab7b-082b7c2adc8e","local_time":"20181030192749","is_ascension_mode":true,"campfire_choices":[{"data":"Neutralize","floor":6,"key":"SMITH"},{"data":"Poisoned Stab","floor":8,"key":"SMITH"},{"floor":15,"key":"REST"},{"data":"Malaise","floor":23,"key":"SMITH"}],"neow_cost":"NONE","seed_source_timestamp":211124961515052,"circlet_count":0,"master_deck":["Defend_G","Defend_G","Defend_G","Defend_G","Defend_G","Strike_G","Survivor","Neutralize+1","AscendersBane","Poisoned Stab","Poisoned Stab+1","Backflip","Poisoned Stab","Skewer","Bane","Malaise+1","Catalyst+1","Deflect+1","After Image+1","Dash+1","Well Laid Plans","Blur","Backstab","Corpse Explosion"],"relics":["Ring of the Snake","Boot","Golden Idol","Regal Pillow","Question Card","Pen Nib","Astrolabe","Membership Card","Happy Flower","Mango"],"potions_floor_usage":[16,20,21],"damage_taken":[{"damage":0,"enemies":"Cultist","floor":1,"turns":4},{"damage":34,"enemies":"Gremlin Nob","floor":7,"turns":5},{"damage":0,"enemies":"Jaw Worm","floor":10,"turns":3},{"damage":15,"enemies":"Lagavulin","floor":11,"turns":5},{"damage":5,"enemies":"2 Louse","floor":13,"turns":2},{"damage":14,"enemies":"Large Slime","floor":14,"turns":6},{"damage":15,"enemies":"Hexaghost","floor":16,"turns":9},{"damage":5,"enemies":"Chosen","floor":18,"turns":5},{"damage":17,"enemies":"3 Byrds","floor":20,"turns":7},{"damage":9,"enemies":"Colosseum Slavers","floor":21,"turns":5},{"damage":0,"enemies":"Centurion and Healer","floor":22,"turns":7},{"damage":39,"enemies":"Gremlin Leader","floor":24,"turns":7}],"seed_played":"6153205940366096759","potions_obtained":[{"floor":10,"key":"Fire Potion"},{"floor":18,"key":"Strength Potion"}],"is_trial":false,"path_per_floor":["M","?","?","?","$","R","E","R","T","M","E","?","M","M","R","B",null,"M","$","M","?","M","R"],"character_chosen":"THE_SILENT","items_purchased":["Poisoned Stab","Membership Card","Well Laid Plans","Blur","Block Potion","Happy Flower","Mango"],"campfire_rested":1,"item_purchase_floors":[5,19,19,19,19,19,19],"current_hp_per_floor":[63,56,56,56,56,56,22,22,22,22,7,23,18,4,38,23,55,50,64,47,38,38,38,0],"gold":45,"neow_bonus":"RANDOM_COMMON_RELIC","is_prod":false,"is_daily":false,"chose_seed":false,"campfire_upgraded":3,"win_rate":0,"timestamp":1540927669,"path_taken":["M","?","?","?","$","R","E","R","T","?","E","?","M","M","R","BOSS","M","$","M","?","M","R","E"],"build_version":"2018-10-25v2","purchased_purges":1,"victory":false,"max_hp_per_floor":[70,70,65,65,65,65,65,65,65,65,65,65,65,65,65,65,65,65,79,79,79,79,79,79],"card_choices":[{"not_picked":["Blade Dance","Slice"],"picked":"Poisoned Stab","floor":1},{"not_picked":["Acrobatics","Prepared"],"picked":"Backflip","floor":7},{"not_picked":["Slice","Quick Slash","All Out Attack"],"picked":"Poisoned Stab","floor":10},{"not_picked":["Unload","Masterful Stab","Outmaneuver"],"picked":"Skewer","floor":11},{"not_picked":["Outmaneuver","Riddle With Holes","Backflip"],"picked":"Bane","floor":13},{"not_picked":["Masterful Stab","Underhanded Strike","Concentrate","Quick Slash"],"picked":"SKIP","floor":14},{"not_picked":["Venomology","Phantasmal Killer","Wraith Form v2"],"picked":"Malaise","floor":16},{"not_picked":["Cloak And Dagger","Dagger Throw","Flying Knee"],"picked":"Dash+1","floor":18},{"not_picked":["Cloak And Dagger","Backflip","Dagger Spray"],"picked":"Backstab","floor":20},{"not_picked":["Prepared","Footwork","Poisoned Stab"],"picked":"Corpse Explosion","floor":22}],"player_experience":941763,"relics_obtained":[{"floor":7,"key":"Regal Pillow"},{"floor":9,"key":"Question Card"},{"floor":11,"key":"Pen Nib"}],"event_choices":[{"cards_removed":["Strike_G"],"damage_healed":0,"gold_gain":0,"player_choice":"Card Removal","damage_taken":7,"max_hp_gain":0,"max_hp_loss":0,"event_name":"Golden Wing","floor":2,"gold_loss":0},{"damage_healed":0,"gold_gain":0,"player_choice":"Lose Max HP","damage_taken":0,"relics_obtained":["Golden Idol"],"max_hp_gain":0,"max_hp_loss":5,"event_name":"Golden Idol","floor":3,"gold_loss":0},{"damage_healed":0,"gold_gain":175,"player_choice":"AGREE","damage_taken":0,"max_hp_gain":0,"max_hp_loss":0,"event_name":"Liars Game","floor":4,"gold_loss":0,"cards_obtained":["Doubt"]},{"damage_healed":16,"gold_gain":0,"player_choice":"Healed","damage_taken":0,"max_hp_gain":0,"max_hp_loss":0,"event_name":"The Cleric","floor":12,"gold_loss":35},{"damage_healed":0,"gold_gain":0,"player_choice":"Fight","damage_taken":0,"max_hp_gain":0,"max_hp_loss":0,"event_name":"Colosseum","floor":21,"gold_loss":0},{"damage_healed":0,"gold_gain":0,"player_choice":"Fled From Nobs","damage_taken":0,"max_hp_gain":0,"max_hp_loss":0,"event_name":"Colosseum","floor":21,"gold_loss":0}],"is_beta":false,"boss_relics":[{"not_picked":["HoveringKite","Pandora\u0027s Box"],"picked":"Astrolabe"}],"items_purged_floors":[5],"is_endless":false,"potions_floor_spawned":[10,18],"killed_by":"Gremlin Leader","ascension_level":12}