{"gold_per_floor":[115,134,134,36,1,1,20,20,20,46,9,9,25,39,39,136,136,151,45,45,60,60,60,87,13,67,67,166,166,177,209,209,308,308,326,346,346,52,2,2,2,36,36,36,55,71,71,85,85,85],"floor_reached":51,"playtime":2249,"items_purged":["Strike_B","Strike_B"],"score":1100,"play_id":"270fb5cc-f861-4823-b287-ad48151ff194","local_time":"20180909130538","is_ascension_mode":true,"campfire_choices":[{"data":"Dualcast","floor":6,"key":"SMITH"},{"data":"Sweeping Beam","floor":8,"key":"SMITH"},{"data":"Streamline","floor":12,"key":"SMITH"},{"data":"Beam Cell","floor":15,"key":"SMITH"},{"data":"Defragment","floor":23,"key":"SMITH"},{"floor":29,"key":"REST"},{"floor":32,"key":"REST"},{"data":"Defragment","floor":40,"key":"SMITH"},{"floor":44,"key":"REST"},{"floor":49,"key":"REST"}],"neow_cost":"NONE","seed_source_timestamp":1907171570919958,"circlet_count":0,"master_deck":["Defend_B","Defend_B","Defend_B","Defend_B","Zap+1","Dualcast+1","AscendersBane","Seek","Sweeping Beam+1","Ball Lightning","Coolheaded","Leap","Streamline+1","Chill","Stack","Beam Cell+1","Core Surge","Defragment+1","Defragment+1","BootSequence","Darkness","White Noise","Machine Learning","Hologram+1","Creative AI","Redo+1","Glacier+1","Regret","Consume+1"],"relics":["Cracked Core","Mercury Hourglass","Letter Opener","Sozu","MutagenicStrength","Sundial","Boot","Singing Bowl","Cursed Key","Runic Capacitor","Darkstone Periapt","Nunchaku","Oddly Smooth Stone","Kunai"],"potions_floor_usage":[24,33],"damage_taken":[{"damage":4,"enemies":"2 Louse","floor":1,"turns":4},{"damage":1,"enemies":"Cultist","floor":2,"turns":4},{"damage":2,"enemies":"Jaw Worm","floor":7,"turns":3},{"damage":6,"enemies":"3 Sentries","floor":10,"turns":3},{"damage":15,"enemies":"Exordium Thugs","floor":13,"turns":2},{"damage":0,"enemies":"Lots of Slimes","floor":14,"turns":1},{"damage":2,"enemies":"The Guardian","floor":16,"turns":9},{"damage":13,"enemies":"2 Thieves","floor":18,"turns":3},{"damage":0,"enemies":"Spheric Guardian","floor":21,"turns":3},{"damage":18,"enemies":"Slavers","floor":24,"turns":4},{"damage":0,"enemies":"3 Cultists","floor":30,"turns":4},{"damage":18,"enemies":"Book of Stabbing","floor":31,"turns":5},{"damage":11,"enemies":"Champ","floor":33,"turns":9},{"damage":17,"enemies":"3 Darklings","floor":35,"turns":3},{"damage":11,"enemies":"Orb Walker","floor":36,"turns":3},{"damage":1,"enemies":"Mind Bloom Boss Battle","floor":41,"turns":6},{"damage":10,"enemies":"Giant Head","floor":42,"turns":8},{"damage":5,"enemies":"Reptomancer","floor":45,"turns":4},{"damage":23,"enemies":"3 Darklings","floor":46,"turns":4},{"damage":8,"enemies":"Maw","floor":48,"turns":8},{"damage":32,"enemies":"Donu and Deca","floor":50,"turns":9}],"seed_played":"-5357007091600718146","potions_obtained":[{"floor":7,"key":"GamblersBrew"},{"floor":10,"key":"Fire Potion"}],"is_trial":false,"path_per_floor":["M","M","?","$","?","R","M","R","T","E","$","R","M","M","R","B",null,"M","$","?","M","?","R","E","$","T","$","?","R","M","E","R","B",null,"M","M","?","$","?","R","?","E","T","R","M","M","T","M","R","B"],"character_chosen":"DEFECT","items_purchased":["Coolheaded","Chill","Defragment","BootSequence","Machine Learning","Runic Capacitor"],"campfire_rested":4,"item_purchase_floors":[4,11,19,19,25,38],"current_hp_per_floor":[64,63,63,63,75,75,73,73,73,67,67,67,52,52,52,50,69,56,56,56,56,56,56,38,38,38,38,38,60,60,42,64,53,70,62,53,53,53,53,53,52,42,48,73,70,47,47,41,67,35],"gold":85,"neow_bonus":"ONE_RANDOM_RARE_CARD","is_prod":false,"is_daily":false,"chose_seed":false,"campfire_upgraded":6,"win_rate":0,"timestamp":1536494738,"path_taken":["M","M","?","$","?","R","?","R","T","E","$","R","?","M","R","BOSS","M","$","?","M","?","R","E","?","T","$","?","R","?","E","R","BOSS","M","M","?","$","?","R","?","E","T","R","?","?","?","M","R","BOSS"],"build_version":"2018-09-06","purchased_purges":2,"victory":true,"max_hp_per_floor":[75,75,75,75,75,75,75,75,75,75,75,75,75,75,75,75,75,75,75,75,75,75,75,75,75,75,75,75,75,75,75,75,75,75,77,79,79,79,79,79,79,79,85,85,87,87,87,89,89,89],"card_choices":[{"not_picked":["Beam Cell","Turbo"],"picked":"Sweeping Beam","floor":1},{"not_picked":["Aggregate","Reinforced Body"],"picked":"Ball Lightning","floor":2},{"not_picked":["Redo","Cold Snap"],"picked":"Leap","floor":7},{"not_picked":["Genetic Algorithm","Steam"],"picked":"Streamline","floor":10},{"not_picked":["Aggregate","Barrage"],"picked":"Stack","floor":13},{"not_picked":["Static Discharge","Go for the Eyes"],"picked":"Beam Cell","floor":14},{"not_picked":["Biased Cognition","Machine Learning"],"picked":"Core Surge","floor":16},{"not_picked":["Hologram","Barrage"],"picked":"Defragment","floor":18},{"not_picked":["Ball Lightning+1","Barrage"],"picked":"Darkness","floor":21},{"not_picked":["Rebound+1","Ball Lightning"],"picked":"White Noise","floor":24},{"not_picked":["Static Discharge","Undo","Recycle"],"picked":"SKIP","floor":30},{"not_picked":["Static Discharge","Undo","Recycle"],"picked":"SKIP","floor":30},{"not_picked":["BootSequence","Sweeping Beam+1"],"picked":"Hologram+1","floor":31},{"not_picked":["Thunder Strike","Multi-Cast"],"picked":"Creative AI","floor":33},{"not_picked":["Steam Power","Streamline+1","Go for the Eyes+1"],"picked":"Singing Bowl","floor":35},{"not_picked":["Rebound+1","Hologram+1","Blizzard+1"],"picked":"Singing Bowl","floor":36},{"not_picked":["Barrage","Cold Snap+1"],"picked":"Redo+1","floor":41},{"not_picked":["Capacitor","Loop"],"picked":"Glacier+1","floor":42},{"not_picked":["Steam","BootSequence","Recycle+1"],"picked":"Singing Bowl","floor":45},{"not_picked":["Redo","Skim"],"picked":"Consume+1","floor":46},{"not_picked":["Storm+1","Conserve Battery","Sweeping Beam+1"],"picked":"Singing Bowl","floor":48}],"player_experience":706031,"relics_obtained":[{"floor":9,"key":"Mercury Hourglass"},{"floor":10,"key":"Letter Opener"},{"floor":24,"key":"Sundial"},{"floor":26,"key":"Boot"},{"floor":31,"key":"Singing Bowl"},{"floor":41,"key":"Nunchaku"},{"floor":42,"key":"Oddly Smooth Stone"},{"floor":43,"key":"Kunai"}],"event_choices":[{"event_name":"Accursed Blacksmith","player_choice":"Forge","floor":3,"damage_taken":0},{"event_name":"The Cleric","player_choice":"Healed","floor":5,"damage_taken":0},{"event_name":"Drug Dealer","player_choice":"Inject Mutagens","floor":20,"damage_taken":0},{"event_name":"Purifier","player_choice":"One Purge","floor":22,"damage_taken":0},{"event_name":"Nest","player_choice":"Stole From Cult","floor":28,"damage_taken":0},{"event_name":"Purifier","player_choice":"One Purge","floor":37,"damage_taken":0},{"event_name":"WeMeetAgain","player_choice":"Gold","floor":39,"damage_taken":0},{"event_name":"MindBloom","player_choice":"Fight","floor":41,"damage_taken":0}],"is_beta":false,"boss_relics":[{"not_picked":["Orrery","Busted Crown"],"picked":"Sozu"},{"not_picked":["Philosopher\u0027s Stone","Runic Dome"],"picked":"Cursed Key"}],"items_purged_floors":[4,38],"is_endless":false,"potions_floor_spawned":[7,10,18,33,35,46],"ascension_level":11}