{"gold_per_floor":[119,169,179,179,179,179,190,37,61,73,98,122,134,146,158,249,261,289,274,298,324,70,70,81,26,26,26,26,45,75,20,20,92,92,110,110,120,120,120,120],"floor_reached":40,"playtime":1839,"items_purged":["Strike_G","Strike_G"],"score":713,"play_id":"6491252a-ed2b-4dbe-8b19-4c544697450a","local_time":"20190620114704","is_ascension_mode":true,"campfire_choices":[{"data":"Flechettes","floor":6,"key":"SMITH"},{"data":"Leg Sweep","floor":10,"key":"SMITH"},{"data":"Flying Knee","floor":13,"key":"SMITH"},{"data":"Backflip","floor":15,"key":"SMITH"},{"floor":23,"key":"REST"},{"floor":28,"key":"REST"},{"floor":32,"key":"REST"}],"neow_cost":"TEN_PERCENT_HP_LOSS","seed_source_timestamp":213277555692900,"circlet_count":0,"master_deck":["AscendersBane","Defend_G","Defend_G","Defend_G","Defend_G","Survivor","Neutralize+1","Flechettes+1","Leg Sweep+1","Backflip+1","Well Laid Plans","PiercingWail","Flying Knee+1","A Thousand Cuts","Deadly Poison","Deflect","Noxious Fumes+1","Caltrops","Die Die Die","Blade Dance+1","Acrobatics","Deadly Poison","Cloak And Dagger","Envenom","Underhanded Strike+1","Dodge and Roll+1","Bane+1","Flying Knee+1","Swift Strike","The Bomb","Skewer"],"relics":["Ring of the Serpent","Incense Burner","MawBank","Paper Crane","Ornamental Fan","Singing Bowl","Astrolabe"],"potions_floor_usage":[11,12,19,30,33,37],"damage_taken":[{"damage":11,"enemies":"Small Slimes","floor":1,"turns":5},{"damage":0,"enemies":"Cultist","floor":3,"turns":4},{"damage":0,"enemies":"2 Louse","floor":7,"turns":4},{"damage":0,"enemies":"Exordium Thugs","floor":11,"turns":4},{"damage":0,"enemies":"Exordium Wildlife","floor":12,"turns":4},{"damage":6,"enemies":"The Guardian","floor":16,"turns":16},{"damage":10,"enemies":"Spheric Guardian","floor":18,"turns":6},{"damage":7,"enemies":"2 Thieves","floor":19,"turns":5},{"damage":10,"enemies":"Centurion and Healer","floor":20,"turns":8},{"damage":9,"enemies":"Snecko","floor":21,"turns":8},{"damage":6,"enemies":"Snake Plant","floor":24,"turns":5},{"damage":3,"enemies":"Chosen and Byrds","floor":29,"turns":6},{"damage":24,"enemies":"Slavers","floor":30,"turns":5},{"damage":44,"enemies":"Automaton","floor":33,"turns":13},{"damage":0,"enemies":"Orb Walker","floor":35,"turns":5},{"damage":53,"enemies":"3 Darklings","floor":37,"turns":6},{"damage":65,"enemies":"Giant Head","floor":40,"turns":8}],"seed_played":"8036334840771646801","potions_obtained":[{"floor":3,"key":"FearPotion"},{"floor":11,"key":"SmokeBomb"},{"floor":12,"key":"Fruit Juice"},{"floor":16,"key":"SteroidPotion"},{"floor":19,"key":"FairyPotion"},{"floor":20,"key":"SteroidPotion"},{"floor":30,"key":"Swift Potion"},{"floor":35,"key":"SkillPotion"}],"is_trial":false,"path_per_floor":["M","?","M","?","?","R","M","$","T","R","M","M","R","T","R","B",null,"M","M","M","M","$","R","M","$","T","?","R","M","E","$","R","B",null,"M","?","M","?","?","E"],"character_chosen":"THE_SILENT","items_purchased":["Well Laid Plans","Caltrops","Die Die Die","Acrobatics","Cloak And Dagger"],"campfire_rested":3,"item_purchase_floors":[8,22,22,25,31],"current_hp_per_floor":[48,42,42,35,35,35,35,35,35,35,35,40,40,40,40,34,57,47,40,30,21,21,40,34,34,34,34,53,50,26,26,45,1,49,49,44,6,53,53,0],"gold":120,"neow_bonus":"ONE_RARE_RELIC","is_prod":false,"is_daily":false,"chose_seed":false,"campfire_upgraded":4,"win_rate":0,"timestamp":1561024024,"path_taken":["M","?","?","?","?","R","?","$","T","R","M","M","R","?","R","BOSS","M","M","M","M","$","R","M","$","T","?","R","M","E","$","R","BOSS","M","?","M","?","?","E"],"build_version":"2019-01-23","purchased_purges":2,"victory":false,"max_hp_per_floor":[60,60,60,60,60,60,60,60,60,60,60,65,65,65,65,65,65,65,65,65,65,65,65,65,65,65,65,65,65,65,65,65,65,65,65,65,65,53,53,53],"card_choices":[{"not_picked":["Dodge and Roll","Accuracy"],"picked":"Flechettes","floor":1},{"not_picked":["Outmaneuver","Escape Plan"],"picked":"Leg Sweep","floor":3},{"not_picked":["Backstab","Outmaneuver"],"picked":"Backflip","floor":7},{"not_picked":["Distraction","Bouncing Flask"],"picked":"PiercingWail","floor":11},{"not_picked":["Predator","Acrobatics"],"picked":"Flying Knee","floor":12},{"not_picked":["Die Die Die","Grand Finale"],"picked":"A Thousand Cuts","floor":16},{"not_picked":["Blade Dance","Eviscerate"],"picked":"Deadly Poison","floor":18},{"not_picked":["Prepared","Dodge and Roll"],"picked":"Deflect","floor":19},{"not_picked":["Sucker Punch","Dagger Throw","Outmaneuver"],"picked":"SKIP","floor":20},{"not_picked":["Predator","Outmaneuver"],"picked":"Noxious Fumes+1","floor":21},{"not_picked":["Outmaneuver","Bouncing Flask"],"picked":"Blade Dance+1","floor":24},{"not_picked":["Slice","Bane"],"picked":"Deadly Poison","floor":29},{"not_picked":["Outmaneuver","Die Die Die"],"picked":"Deflect","floor":30},{"not_picked":["Adrenaline","Glass Knife"],"picked":"Envenom","floor":33},{"not_picked":["Well Laid Plans","Deflect"],"picked":"Flying Knee+1","floor":35},{"not_picked":["Impatience","Mind Blast"],"picked":"Swift Strike","floor":36},{"not_picked":["Madness","Impatience"],"picked":"The Bomb","floor":36},{"not_picked":["Acrobatics","Bane+1"],"picked":"Skewer","floor":37}],"player_experience":1413356,"relics_obtained":[{"floor":9,"key":"MawBank"},{"floor":14,"key":"Paper Crane"},{"floor":26,"key":"Ornamental Fan"},{"floor":30,"key":"Singing Bowl"}],"event_choices":[{"damage_healed":0,"gold_gain":50,"player_choice":"Touch","damage_taken":6,"max_hp_gain":0,"max_hp_loss":0,"event_name":"FaceTrader","floor":2,"gold_loss":0},{"cards_removed":["Strike_G"],"damage_healed":0,"gold_gain":0,"player_choice":"Card Removal","damage_taken":7,"max_hp_gain":0,"max_hp_loss":0,"event_name":"Golden Wing","floor":4,"gold_loss":0},{"damage_healed":0,"gold_gain":0,"player_choice":"Grow","damage_taken":0,"max_hp_gain":0,"max_hp_loss":0,"event_name":"Living Wall","floor":5,"gold_loss":0,"cards_upgraded":["Neutralize"]},{"damage_healed":0,"gold_gain":0,"player_choice":"Ignored","damage_taken":0,"max_hp_gain":0,"max_hp_loss":0,"event_name":"Beggar","floor":27,"gold_loss":0},{"damage_healed":0,"gold_gain":0,"player_choice":"Memory 2","damage_taken":5,"max_hp_gain":0,"max_hp_loss":0,"event_name":"SensoryStone","floor":36,"gold_loss":0},{"damage_healed":53,"gold_gain":0,"player_choice":"Heal","damage_taken":0,"max_hp_gain":0,"max_hp_loss":12,"event_name":"The Moai Head","floor":38,"gold_loss":0},{"cards_removed":["Deflect"],"damage_healed":0,"gold_gain":0,"player_choice":"Removed Skill","damage_taken":0,"max_hp_gain":0,"max_hp_loss":0,"event_name":"Falling","floor":39,"gold_loss":0}],"is_beta":false,"boss_relics":[{"not_picked":["Lizard Tail","Sozu"],"picked":"Ring of the Serpent"},{"not_picked":["WristBlade","Tiny House"],"picked":"Astrolabe"}],"items_purged_floors":[8,22],"is_endless":false,"potions_floor_spawned":[3,11,12,16,19,20,24,30,35],"killed_by":"Giant Head","ascension_level":16}