{"gold_per_floor":[119,131,2,74,88,88,99,99,99,109,109,124,124,43,43,146,146,163,163,41,57,69,69,101,101,101,121,121,149,172,184,184,280,280,297,53,53,53,71,71,71,71,98,112,125,125,125,136,136,136],"floor_reached":51,"playtime":2294,"items_purged":["Leap"],"score":777,"play_id":"0ae64f9e-aa6b-423e-9f28-85612c163c2b","local_time":"20180630201004","daily_mods":["Draft"],"is_ascension_mode":false,"campfire_choices":[{"data":"Sweeping Beam","floor":6,"key":"SMITH"},{"data":"Biased Cognition","floor":11,"key":"SMITH"},{"data":"Barrage","floor":13,"key":"SMITH"},{"data":"Defragment","floor":15,"key":"SMITH"},{"data":"Tempest","floor":23,"key":"SMITH"},{"data":"Reinforced Body","floor":25,"key":"SMITH"},{"data":"Rainbow","floor":28,"key":"SMITH"},{"data":"Loop","floor":32,"key":"SMITH"},{"data":"Consume","floor":40,"key":"SMITH"},{"data":"Barrage","floor":42,"key":"SMITH"},{"data":"Coolheaded","floor":46,"key":"SMITH"},{"data":"Turbo","floor":49,"key":"SMITH"}],"neow_cost":"","seed_source_timestamp":0,"circlet_count":0,"master_deck":["Doom and Gloom","Genetic Algorithm","FTL","Self Repair","Barrage+1","Capacitor","Coolheaded+1","Turbo+1","Consume+1","Leap","Cold Snap","Barrage+1","Gash","Steam","Gash","Sweeping Beam+1","Biased Cognition+1","Defragment+1","Rainbow+1","Double Energy+1","Tempest+1","Reinforced Body+1","Loop+1","Skim+1"],"special_seed":0,"relics":["Cracked Core","Shuriken","Coffee Dripper","Tiny Chest","Kunai","Question Card","Singing Bowl","Bronze Scales","Runic Dome","Pear","Bag of Preparation"],"potions_floor_usage":[16,29,50,50],"damage_taken":[{"damage":2.0,"enemies":"Jaw Worm","floor":1.0,"turns":2.0},{"damage":0.0,"enemies":"Small Slimes","floor":2.0,"turns":3.0},{"damage":10,"enemies":"2 Louse","floor":5,"turns":3},{"damage":3,"enemies":"Looter","floor":7,"turns":3},{"damage":5,"enemies":"Large Slime","floor":10,"turns":5},{"damage":13,"enemies":"Red Slaver","floor":12,"turns":2},{"damage":5,"enemies":"Hexaghost","floor":16,"turns":9},{"damage":0,"enemies":"Spheric Guardian","floor":18,"turns":3},{"damage":15,"enemies":"Chosen","floor":21,"turns":4},{"damage":0,"enemies":"Centurion and Healer","floor":22,"turns":5},{"damage":23,"enemies":"Slavers","floor":24,"turns":4},{"damage":1,"enemies":"Cultist and Chosen","floor":27,"turns":5},{"damage":10,"enemies":"Book of Stabbing","floor":29,"turns":5},{"damage":0,"enemies":"Sentry and Sphere","floor":31,"turns":2},{"damage":0,"enemies":"Automaton","floor":33,"turns":6},{"damage":8,"enemies":"3 Darklings","floor":35,"turns":4},{"damage":16,"enemies":"Orb Walker","floor":39,"turns":3},{"damage":1,"enemies":"3 Darklings","floor":44,"turns":3},{"damage":5,"enemies":"Sphere and 2 Shapes","floor":45,"turns":3},{"damage":9,"enemies":"4 Shapes","floor":48,"turns":6},{"damage":35,"enemies":"Awakened One","floor":50,"turns":10}],"seed_played":"2665621045298406349","potions_obtained":[{"floor":1.0,"key":"Weak Potion"},{"floor":2,"key":"SpeedPotion"},{"floor":12,"key":"Strength Potion"},{"floor":18,"key":"FearPotion"},{"floor":21,"key":"Energy Potion"},{"floor":33,"key":"Poison Potion"},{"floor":48,"key":"SkillPotion"}],"is_trial":true,"path_per_floor":["M","M","$","?","M","R","M","$","T","M","R","M","R","$","R","B",null,"M","?","$","M","M","R","E","R","T","M","R","E","T","M","R","B",null,"M","$","?","$","M","R","$","R","T","M","M","R","?","M","R","B"],"character_chosen":"DEFECT","items_purchased":["Sweeping Beam","Defragment","Tiny Chest","Pear"],"campfire_rested":0,"item_purchase_floors":[3,14,20,36],"current_hp_per_floor":[75,75,75,75,72,72,75,75,75,75,75,69,69,69,69,71,75,75,61,61,53,60,60,44,44,44,50,50,49,49,49,49,58,84,78,88,88,88,81,81,81,81,81,89,84,84,84,84,84,49],"gold":136,"neow_bonus":"","is_prod":false,"is_daily":false,"chose_seed":false,"campfire_upgraded":12,"win_rate":0,"timestamp":1530385804,"path_taken":["M","M","$","?","M","R","M","$","T","M","R","M","R","$","R","BOSS","M","?","?","M","M","R","E","R","T","?","R","E","?","M","R","BOSS","M","$","?","?","M","R","$","R","T","M","M","R","?","M","R","BOSS"],"build_version":"2018-06-28","purchased_purges":1,"victory":true,"max_hp_per_floor":[75,75,75,75,75,75,75,75,75,75,75,75,75,75,75,75,75,75,80,80,80,80,80,80,80,80,80,80,82,82,82,82,84,84,86,96,96,96,98,98,98,98,98,100,100,100,100,102,102,102],"card_choices":[{"not_picked":["Self Repair","Beam Cell"],"picked":"Doom and Gloom","floor":0.0},{"not_picked":["Storm","Sweeping Beam"],"picked":"Genetic Algorithm","floor":0.0},{"not_picked":["Recycle","Streamline"],"picked":"FTL","floor":0.0},{"not_picked":["Leap","Chill"],"picked":"Self Repair","floor":0.0},{"not_picked":["Streamline","White Noise"],"picked":"Barrage","floor":0.0},{"not_picked":["FTL","Beam Cell"],"picked":"Capacitor","floor":0.0},{"not_picked":["Blizzard","Hologram"],"picked":"Coolheaded","floor":0.0},{"not_picked":["Reprogram","Capacitor"],"picked":"Turbo","floor":0.0},{"not_picked":["Blizzard","Recycle"],"picked":"Consume","floor":0.0},{"not_picked":["Beam Cell","Auto Shields"],"picked":"Leap","floor":0.0},{"not_picked":["Stack","Sunder"],"picked":"Leap","floor":0.0},{"not_picked":["Steam","Coolheaded"],"picked":"Cold Snap","floor":0.0},{"not_picked":["Coolheaded","Go for the Eyes"],"picked":"Barrage","floor":0.0},{"not_picked":["Conserve Battery","Redo"],"picked":"Gash","floor":0.0},{"not_picked":["Go for the Eyes","Compile Driver"],"picked":"Steam","floor":0.0},{"not_picked":["Blizzard","Barrage"],"picked":"Gash","floor":1.0},{"not_picked":["Sunder","Ball Lightning","Skim"],"picked":"SKIP","floor":2},{"not_picked":["Ball Lightning","Skim","Go for the Eyes"],"picked":"SKIP","floor":5},{"not_picked":["Go for the Eyes","Steam"],"picked":"Biased Cognition","floor":7},{"not_picked":["Lockon","Go for the Eyes","Conserve Battery"],"picked":"SKIP","floor":10},{"not_picked":["Storm","Ball Lightning","Reprogram"],"picked":"SKIP","floor":12},{"not_picked":["Thunder Strike","Amplify"],"picked":"Rainbow","floor":16},{"not_picked":["Redo+1","Turbo+1"],"picked":"Double Energy+1","floor":18},{"not_picked":["Compile Driver+1","Hologram","Sweeping Beam+1"],"picked":"SKIP","floor":21},{"not_picked":["Consume","Doom and Gloom"],"picked":"Tempest","floor":22},{"not_picked":["Stack","Barrage"],"picked":"Reinforced Body","floor":24},{"not_picked":["Hello World","Capacitor","Conserve Battery","Force Field"],"picked":"SKIP","floor":27},{"not_picked":["Undo","White Noise","Skim","Reinforced Body+1"],"picked":"Singing Bowl","floor":29},{"not_picked":["Steam+1","Coolheaded","Compile Driver+1"],"picked":"Loop","floor":31},{"not_picked":["Machine Learning","Thunder Strike","Multi-Cast","Biased Cognition"],"picked":"Singing Bowl","floor":33},{"not_picked":["Go for the Eyes","Stack","Streamline+1","Gash"],"picked":"Singing Bowl","floor":35},{"not_picked":["Streamline+1","Double Energy+1","Conserve Battery","White Noise+1"],"picked":"Singing Bowl","floor":39},{"not_picked":["Cold Snap","Tempest+1","Ball Lightning","Rip and Tear"],"picked":"Singing Bowl","floor":44},{"not_picked":["Stack+1","Ball Lightning+1","Genetic Algorithm"],"picked":"Skim+1","floor":45},{"not_picked":["Steam Power","Streamline","Compile Driver","Turbo"],"picked":"Singing Bowl","floor":48}],"player_experience":506767,"relics_obtained":[{"floor":9,"key":"Shuriken"},{"floor":24,"key":"Kunai"},{"floor":26,"key":"Question Card"},{"floor":29,"key":"Singing Bowl"},{"floor":30,"key":"Bronze Scales"},{"floor":43,"key":"Bag of Preparation"}],"event_choices":[{"event_name":"Golden Wing","player_choice":"Gained Gold","floor":4,"damage_taken":0},{"event_name":"Forgotten Altar","player_choice":"Shed Blood","floor":19,"damage_taken":0},{"event_name":"Match and Keep!","player_choice":"0 cards matched","floor":37,"damage_taken":0},{"event_name":"Mysterious Sphere","player_choice":"Ignore","floor":47,"damage_taken":0}],"boss_relics":[{"not_picked":["Tiny House","Runic Pyramid"],"picked":"Coffee Dripper"},{"not_picked":["Pandora\u0027s Box","Orrery"],"picked":"Runic Dome"}],"items_purged_floors":[3],"is_endless":false,"potions_floor_spawned":[1,2,12,18,21,24,27,33,45,48],"ascension_level":1}