{"gold_per_floor":[114,164,180,180,200,200,200,200,270,270,270,287,287,297,297,376,376,386,386,410,425,374,374,374,374,398,431,431,111,111,11,11,88,88,99,99,110,110,110,110,110,110,110,110,110,110,57,68,68,142,219,219,233,233,208,120,140,140,140,140,168,168,193,118,118,132,132,206,206,226,226,226,255,255,255,273,148,176,176,176,176,176,188,188,265,265,278,328,178,205,205,240,240,240,267,267,282,282,107,117,117,196,273,273,288,288,88,148,148,148,148,148,180,180,213,213,263,273,273,347,347,347],"floor_reached":122,"playtime":6114,"items_purged":["Stack","Meteor Strike+1","Glacier","Normality","Clumsy","Regret"],"score":7994,"play_id":"bd563b64-8774-4c7c-9cd1-885f4cd3f3c9","local_time":"20190414122708","daily_mods":["SealedDeck","Red Cards","Heirloom","Time Dilation","Flight"],"is_ascension_mode":true,"campfire_choices":[{"data":"Coolheaded","floor":6.0,"key":"SMITH"},{"data":"Disarm","floor":11.0,"key":"SMITH"},{"data":"Double Energy","floor":13.0,"key":"SMITH"},{"data":"Scrape","floor":15.0,"key":"SMITH"},{"data":"Skim","floor":23.0,"key":"SMITH"},{"data":"Hologram","floor":24.0,"key":"SMITH"},{"data":"Go for the Eyes","floor":25.0,"key":"SMITH"},{"data":"Searing Blow+1","floor":28.0,"key":"SMITH"},{"data":"Searing Blow+2","floor":30.0,"key":"SMITH"},{"data":"Chill","floor":32.0,"key":"SMITH"},{"data":"Searing Blow+3","floor":40.0,"key":"SMITH"},{"data":"Searing Blow+4","floor":41.0,"key":"SMITH"},{"data":"Searing Blow+5","floor":42.0,"key":"SMITH"},{"data":"Searing Blow+6","floor":45.0,"key":"SMITH"},{"data":"Searing Blow+7","floor":46.0,"key":"SMITH"},{"data":"Searing Blow+8","floor":49.0,"key":"SMITH"},{"data":"Searing Blow+9","floor":58.0,"key":"SMITH"},{"data":"Searing Blow+10","floor":59.0,"key":"SMITH"},{"data":"Searing Blow+11","floor":60.0,"key":"SMITH"},{"data":"Searing Blow+12","floor":62.0,"key":"SMITH"},{"data":"Searing Blow+13","floor":65.0,"key":"SMITH"},{"data":"Searing Blow+14","floor":67.0,"key":"SMITH"},{"data":"Searing Blow+15","floor":75,"key":"SMITH"},{"data":"Seek","floor":79,"key":"SMITH"},{"data":"Searing Blow+16","floor":81,"key":"SMITH"},{"data":"Searing Blow+17","floor":84,"key":"SMITH"},{"data":"Searing Blow+18","floor":93,"key":"SMITH"},{"data":"Searing Blow+19","floor":94,"key":"SMITH"},{"data":"Searing Blow+20","floor":96,"key":"SMITH"},{"data":"Searing Blow+21","floor":98,"key":"SMITH"},{"data":"Searing Blow+22","floor":101,"key":"SMITH"},{"data":"Searing Blow+23","floor":110,"key":"SMITH"},{"data":"Searing Blow+24","floor":111,"key":"SMITH"},{"data":"Searing Blow+25","floor":112,"key":"SMITH"},{"data":"Searing Blow+26","floor":116,"key":"SMITH"},{"data":"Searing Blow+27","floor":119,"key":"SMITH"}],"neow_cost":"","seed_source_timestamp":0,"circlet_count":0,"master_deck":["AscendersBane","Skim+1","Gash","Hologram+1","Genetic Algorithm+1","Steam","Steam","Genetic Algorithm+1","Coolheaded+1","Scrape+1","Chill+1","Double Energy+1","Searing Blow+28","Scrape+1","Seek+1","Feed+1","Gash+1","Offering","Gash+1","Turbo+1","Hologram+1","Writhe","Clumsy","Writhe","Buffer"],"special_seed":0,"relics":["Cracked Core","Prayer Wheel","Molten Egg 2","Mummified Hand","Eternal Feather","Happy Flower","FossilizedHelix","War Paint","Pen Nib","Potion Belt","Coffee Dripper","Unceasing Top","Strawberry","White Beast Statue","Red Mask","Pocketwatch"],"potions_floor_usage":[70,78,92,100],"damage_taken":[{"damage":4.0,"enemies":"Small Slimes","floor":1.0,"turns":3.0},{"damage":0.0,"enemies":"Cultist","floor":3.0,"turns":4.0},{"damage":0.0,"enemies":"Jaw Worm","floor":5.0,"turns":4.0},{"damage":0.0,"enemies":"Looter","floor":12.0,"turns":3.0},{"damage":0.0,"enemies":"Exordium Wildlife","floor":14.0,"turns":4.0},{"damage":23.0,"enemies":"The Guardian","floor":16.0,"turns":9.0},{"damage":6.0,"enemies":"3 Byrds","floor":18.0,"turns":5.0},{"damage":6.0,"enemies":"Spheric Guardian","floor":21.0,"turns":6.0},{"damage":10.0,"enemies":"Gremlin Leader","floor":27.0,"turns":8.0},{"damage":30.0,"enemies":"Collector","floor":33.0,"turns":10.0},{"damage":18.0,"enemies":"Orb Walker","floor":35.0,"turns":5.0},{"damage":0.0,"enemies":"3 Shapes","floor":37.0,"turns":7.0},{"damage":0.0,"enemies":"Transient","floor":48.0,"turns":6.0},{"damage":38.0,"enemies":"Donu and Deca","floor":50.0,"turns":8.0},{"damage":0.0,"enemies":"Time Eater","floor":51.0,"turns":6.0},{"damage":0.0,"enemies":"Jaw Worm","floor":53.0,"turns":4.0},{"damage":0.0,"enemies":"Cultist","floor":57.0,"turns":4.0},{"damage":0.0,"enemies":"Lagavulin","floor":61.0,"turns":1.0},{"damage":1.0,"enemies":"3 Sentries","floor":63.0,"turns":6.0},{"damage":0.0,"enemies":"2 Louse","floor":66.0,"turns":2.0},{"damage":0.0,"enemies":"The Guardian","floor":68.0,"turns":2.0},{"damage":0,"enemies":"Chosen","floor":70,"turns":4},{"damage":0,"enemies":"Masked Bandits","floor":73,"turns":3},{"damage":11,"enemies":"Spheric Guardian","floor":76,"turns":4},{"damage":6,"enemies":"Slavers","floor":78,"turns":4},{"damage":0,"enemies":"Snake Plant","floor":83,"turns":2},{"damage":0,"enemies":"Champ","floor":85,"turns":1},{"damage":0,"enemies":"3 Darklings","floor":87,"turns":2},{"damage":0,"enemies":"Reptomancer","floor":90,"turns":1},{"damage":0,"enemies":"Giant Head","floor":92,"turns":4},{"damage":0,"enemies":"Reptomancer","floor":95,"turns":1},{"damage":0,"enemies":"3 Shapes","floor":97,"turns":3},{"damage":0,"enemies":"Jaw Worm Horde","floor":100,"turns":2},{"damage":0,"enemies":"Donu and Deca","floor":102,"turns":3},{"damage":0,"enemies":"Time Eater","floor":103,"turns":2},{"damage":0,"enemies":"Cultist","floor":105,"turns":2},{"damage":0,"enemies":"Gremlin Nob","floor":108,"turns":2},{"damage":0,"enemies":"Gremlin Nob","floor":113,"turns":2},{"damage":0,"enemies":"3 Sentries","floor":115,"turns":5},{"damage":0,"enemies":"Small Slimes","floor":118,"turns":2},{"damage":0,"enemies":"Slime Boss","floor":120,"turns":2},{"damage":0,"enemies":"Chosen","floor":122,"turns":2}],"seed_played":"4453088285619056534","potions_obtained":[{"floor":12.0,"key":"Explosive Potion"},{"floor":16.0,"key":"LiquidBronze"},{"floor":18.0,"key":"EssenceOfSteel"},{"floor":33.0,"key":"Regen Potion"},{"floor":35.0,"key":"SpeedPotion"},{"floor":37.0,"key":"PowerPotion"},{"floor":50.0,"key":"Regen Potion"},{"floor":53.0,"key":"Dexterity Potion"},{"floor":57.0,"key":"GamblersBrew"},{"floor":61.0,"key":"Dexterity Potion"},{"floor":68.0,"key":"SkillPotion"},{"floor":70,"key":"PowerPotion"},{"floor":76,"key":"GamblersBrew"},{"floor":78,"key":"Fire Potion"},{"floor":83,"key":"Block Potion"},{"floor":92,"key":"Energy Potion"},{"floor":100,"key":"FearPotion"},{"floor":105,"key":"Block Potion"}],"is_trial":true,"path_per_floor":["M","?","M","T","M","R","?","$","T","?","R","M","R","M","R","B",null,"M","?","T","M","?","R","R","R","T","E","R","$","R","$","R","B",null,"M","$","M","$","?","R","R","R","T","T","R","R","$","M","R","B","B",null,"M","?","$","$","M","R","R","R","E","R","E","?","R","M","R","B",null,"M","?","$","?","?","R","M","$","E","R","?","R","$","M","R","B",null,"M","?","$","E","?","E","R","R","E","R","M","R","$","M","R","B","B",null,"M","?","$","?","?","R","R","R","E","?","E","R","?","M","R","B",null,"M"],"character_chosen":"DEFECT","items_purchased":["Scrape+1","Potion Belt","PowerPotion","Gash+1","Offering"],"campfire_rested":0,"item_purchase_floors":[29,29,47,55,56],"current_hp_per_floor":[60,53,53,53,53,53,46,46,46,46,46,46,46,46,46,23,59,53,53,53,47,47,56,65,71,71,61,70,70,71,71,71,41,64,46,46,46,46,46,55,64,71,71,78,78,78,78,78,78,40,78,78,82,82,82,82,86,86,86,86,90,90,93,93,94,98,98,102,102,106,74,74,78,67,79,72,72,70,82,82,91,91,95,107,107,64,64,64,64,68,65,65,65,65,65,65,65,65,65,65,65,69,69,69,69,62,62,62,62,69,69,69,69,74,74,74,74,74,74,74,74,74],"gold":347,"neow_bonus":"","is_prod":false,"is_daily":false,"chose_seed":false,"campfire_upgraded":36,"win_rate":0,"timestamp":1555270028,"path_taken":["M","?","?","?","M","R","?","$","T","?","R","?","R","?","R","BOSS","M","?","?","?","?","R","R","R","T","E","R","$","R","$","R","BOSS","M","$","M","?","?","R","R","R","T","?","R","R","$","?","R","BOSS","BOSS","M","?","?","$","M","R","R","R","E","R","?","?","R","M","R","BOSS","M","?","$","?","?","R","?","$","E","R","?","R","$","M","R","BOSS","M","?","$","?","?","?","R","R","E","R","M","R","$","M","R","BOSS","BOSS","M","?","$","?","?","R","R","R","E","?","E","R","?","?","R","BOSS","M"],"build_version":"2019-01-23","purchased_purges":6,"victory":false,"max_hp_per_floor":[71,71,71,71,71,71,71,71,71,71,71,71,71,71,71,71,71,71,71,71,71,71,71,71,71,71,71,71,71,71,71,71,71,71,71,71,71,71,71,71,71,71,71,78,78,78,78,78,78,78,78,78,82,82,82,82,86,86,86,86,90,90,94,94,94,98,98,102,102,106,111,111,115,115,115,119,119,123,123,123,123,123,127,127,127,64,64,64,64,68,65,65,65,65,65,65,65,65,65,65,65,69,69,69,69,69,69,69,69,69,69,69,69,74,74,74,74,74,74,74,74,74],"card_choices":[{"not_picked":["True Grit","Machine Learning"],"picked":"Coolheaded","floor":1.0},{"not_picked":["Go for the Eyes","Compile Driver","Sweeping Beam"],"picked":"SKIP","floor":1.0},{"not_picked":["Fusion","Steam Power"],"picked":"Scrape","floor":3.0},{"not_picked":["Cleave","Cold Snap"],"picked":"Disarm","floor":3.0},{"not_picked":["Rebound+1","Reckless Charge+1"],"picked":"Chill","floor":5.0},{"not_picked":["Cleave+1","Havoc","Twin Strike+1"],"picked":"SKIP","floor":5.0},{"not_picked":["Rebound+1","Double Energy","True Grit"],"picked":"SKIP","floor":12.0},{"not_picked":["Machine Learning","Ball Lightning+1","Darkness"],"picked":"SKIP","floor":12.0},{"not_picked":["Rebound+1","True Grit"],"picked":"Double Energy","floor":12.0},{"not_picked":["Machine Learning","Ball Lightning+1","Darkness"],"picked":"SKIP","floor":12.0},{"not_picked":["Armaments","Blizzard+1","Wild Strike+1"],"picked":"SKIP","floor":14.0},{"not_picked":["Hemokinesis+1","Pommel Strike+1","Stack"],"picked":"SKIP","floor":14.0},{"not_picked":["Hemokinesis+1","Pommel Strike+1"],"picked":"Stack","floor":14.0},{"not_picked":["Armaments","Blizzard+1","Wild Strike+1"],"picked":"SKIP","floor":14.0},{"not_picked":["Dark Embrace","Brutality"],"picked":"Meteor Strike+1","floor":16.0},{"not_picked":["Wild Strike+1","True Grit","Steam Power"],"picked":"SKIP","floor":18.0},{"not_picked":["Cold Snap+1","Loop","Disarm"],"picked":"SKIP","floor":18.0},{"not_picked":["Skim","Wild Strike+1"],"picked":"Searing Blow+1","floor":21.0},{"not_picked":["Sword Boomerang+1","Wild Strike+1","Thunderclap+1"],"picked":"SKIP","floor":21.0},{"not_picked":["Leap+1","Exhume","Headbutt+1"],"picked":"SKIP","floor":27.0},{"not_picked":["Limit Break","Fission"],"picked":"Seek","floor":33.0},{"not_picked":["Go for the Eyes+1","Twin Strike+1","Ball Lightning+1"],"picked":"SKIP","floor":35.0},{"not_picked":["Rebound+1","Perfected Strike+1","Dropkick+1"],"picked":"SKIP","floor":35.0},{"not_picked":["Ghostly Armor+1","Iron Wave+1","Genetic Algorithm"],"picked":"SKIP","floor":37.0},{"not_picked":["Undo+1","Steam","Sever Soul+1"],"picked":"SKIP","floor":37.0},{"not_picked":["Pummel+1","Compile Driver+1","Flex"],"picked":"SKIP","floor":48.0},{"not_picked":["Compile Driver+1","Redo","Ball Lightning+1"],"picked":"SKIP","floor":48.0},{"not_picked":["Pummel+1","Compile Driver+1","Flex"],"picked":"SKIP","floor":48.0},{"not_picked":["Compile Driver+1","Redo","Ball Lightning+1"],"picked":"SKIP","floor":48.0},{"not_picked":["Fission","Reboot"],"picked":"Feed+1","floor":51.0},{"not_picked":["True Grit","Beam Cell+1","Conserve Battery"],"picked":"SKIP","floor":53.0},{"not_picked":["Flex","Iron Wave+1","White Noise"],"picked":"SKIP","floor":53.0},{"not_picked":["Streamline+1","Rebound+1","Sword Boomerang+1"],"picked":"SKIP","floor":57.0},{"not_picked":["Anger+1","Shrug It Off","Coolheaded"],"picked":"SKIP","floor":57.0},{"not_picked":["Shockwave","Twin Strike+1","Clothesline+1"],"picked":"SKIP","floor":61.0},{"not_picked":["Blood for Blood+1","Warcry","Storm"],"picked":"SKIP","floor":63.0},{"not_picked":["Impervious","Streamline+1","Beam Cell+1"],"picked":"SKIP","floor":66.0},{"not_picked":["Stack","Uppercut+1","Cold Snap+1"],"picked":"SKIP","floor":66.0},{"not_picked":["Clothesline+1","Undo","Inflame"],"picked":"SKIP","floor":70},{"not_picked":["Thunderclap+1","Anger+1","Heavy Blade+1"],"picked":"SKIP","floor":70},{"not_picked":["Battle Trance+1","Steam","Twin Strike+1"],"picked":"SKIP","floor":76},{"not_picked":["Gash+1","Static Discharge","Anger+1"],"picked":"SKIP","floor":76},{"not_picked":["Static Discharge","Anger+1"],"picked":"Gash+1","floor":76},{"not_picked":["Battle Trance+1","Steam","Twin Strike+1"],"picked":"SKIP","floor":76},{"not_picked":["Stack","Biased Cognition","Anger+1"],"picked":"SKIP","floor":78},{"not_picked":["Barrage+1","Undo"],"picked":"Turbo+1","floor":83},{"not_picked":["Chaos","Double Energy","Warcry"],"picked":"SKIP","floor":83},{"not_picked":["Second Wind","Gash+1"],"picked":"Hologram+1","floor":87},{"not_picked":["Sword Boomerang+1","Melter+1","Intimidate"],"picked":"SKIP","floor":87},{"not_picked":["Sword Boomerang+1","Perfected Strike+1","Body Slam+1"],"picked":"SKIP","floor":90},{"not_picked":["Body Slam+1","Warcry+1","Perfected Strike+1"],"picked":"SKIP","floor":92},{"not_picked":["Double Energy+1","Carnage+1","True Grit"],"picked":"SKIP","floor":95},{"not_picked":["Bloodletting+1","Flame Barrier","Streamline+1"],"picked":"SKIP","floor":97},{"not_picked":["Beam Cell+1","Streamline+1","Undo"],"picked":"SKIP","floor":97},{"not_picked":["Loop","Streamline+1","Turbo"],"picked":"SKIP","floor":100},{"not_picked":["Scrape+1","Impervious","True Grit"],"picked":"SKIP","floor":100},{"not_picked":["Cleave+1","Consume","Aggregate"],"picked":"SKIP","floor":105},{"not_picked":["Shrug It Off","Thunderclap+1","Pommel Strike+1"],"picked":"SKIP","floor":105},{"not_picked":["Fusion","Seeing Red","Ghostly Armor"],"picked":"SKIP","floor":113},{"not_picked":["Hello World","Stack","Rampage+1"],"picked":"SKIP","floor":115},{"not_picked":["Recycle","Reckless Charge+1","Beam Cell+1"],"picked":"SKIP","floor":118},{"not_picked":["Perfected Strike+1","Cleave+1","Twin Strike+1"],"picked":"SKIP","floor":118},{"not_picked":["Meteor Strike+1","Dark Embrace"],"picked":"Buffer","floor":120}],"player_experience":92932,"relics_obtained":[{"floor":4.0,"key":"Molten Egg 2"},{"floor":9.0,"key":"Mummified Hand"},{"floor":20.0,"key":"Happy Flower"},{"floor":26.0,"key":"War Paint"},{"floor":27.0,"key":"Pen Nib"},{"floor":43.0,"key":"Unceasing Top"},{"floor":44.0,"key":"Strawberry"},{"floor":73,"key":"Red Mask"},{"floor":108,"key":"Pocketwatch"}],"event_choices":[{"damage_healed":0.0,"max_hp_gain":0.0,"max_hp_loss":0.0,"gold_gain":50.0,"event_name":"FaceTrader","player_choice":"Touch","floor":2.0,"gold_loss":0.0,"damage_taken":7.0},{"cards_removed":["Streamline"],"damage_healed":0.0,"max_hp_gain":0.0,"max_hp_loss":0.0,"gold_gain":0.0,"event_name":"Golden Wing","player_choice":"Card Removal","floor":7.0,"gold_loss":0.0,"damage_taken":7.0},{"damage_healed":0.0,"max_hp_gain":0.0,"max_hp_loss":0.0,"gold_gain":0.0,"event_name":"Liars Game","player_choice":"Ignored","floor":10.0,"gold_loss":0.0,"damage_taken":0.0},{"damage_healed":0.0,"max_hp_gain":0.0,"max_hp_loss":0.0,"gold_gain":0.0,"event_name":"Vampires","player_choice":"Ignored","floor":19.0,"gold_loss":0.0,"damage_taken":0.0},{"damage_healed":0.0,"max_hp_gain":0.0,"max_hp_loss":0.0,"gold_gain":0.0,"event_name":"WeMeetAgain","player_choice":"Paid Gold","floor":22.0,"gold_loss":51.0,"damage_taken":0.0,"relics_obtained":["FossilizedHelix"]},{"damage_healed":0.0,"max_hp_gain":0.0,"max_hp_loss":0.0,"gold_gain":0.0,"event_name":"Mysterious Sphere","player_choice":"Ignored","floor":39.0,"gold_loss":0.0,"damage_taken":0.0},{"damage_healed":0.0,"max_hp_gain":0.0,"max_hp_loss":0.0,"gold_gain":0.0,"event_name":"Transmorgrifier","player_choice":"Ignored","floor":54.0,"gold_loss":0.0,"damage_taken":0.0},{"cards_removed":["Disarm"],"damage_healed":0.0,"max_hp_gain":0.0,"max_hp_loss":0.0,"gold_gain":0.0,"event_name":"The Cleric","player_choice":"Card Removal","floor":64.0,"gold_loss":75.0,"damage_taken":0.0},{"damage_healed":0,"gold_gain":0,"player_choice":"Shed Blood","damage_taken":37,"max_hp_gain":5,"max_hp_loss":0,"event_name":"Forgotten Altar","floor":71,"gold_loss":0},{"damage_healed":0,"gold_gain":0,"player_choice":"Fought Bandits","damage_taken":0,"max_hp_gain":0,"max_hp_loss":0,"event_name":"Masked Bandits","floor":73,"gold_loss":0},{"damage_healed":0,"gold_gain":0,"player_choice":"","damage_taken":11,"max_hp_gain":0,"max_hp_loss":0,"event_name":"Knowing Skull","floor":74,"potions_obtained":[],"gold_loss":0,"cards_obtained":[]},{"cards_removed":["Go for the Eyes"],"damage_healed":0,"gold_gain":0,"player_choice":"Elegance","damage_taken":0,"max_hp_gain":0,"max_hp_loss":0,"event_name":"Back to Basics","floor":80,"gold_loss":0},{"damage_healed":0,"gold_gain":50,"player_choice":"Pray","damage_taken":0,"max_hp_gain":0,"max_hp_loss":0,"event_name":"Golden Shrine","floor":88,"gold_loss":0},{"damage_healed":0,"gold_gain":0,"player_choice":"Max HP","damage_taken":0,"max_hp_gain":0,"max_hp_loss":3,"event_name":"Winding Halls","floor":91,"gold_loss":0},{"cards_removed":["Pain"],"damage_healed":0,"gold_gain":0,"player_choice":"Card Removal","damage_taken":7,"max_hp_gain":0,"max_hp_loss":0,"event_name":"Golden Wing","floor":106,"gold_loss":0},{"damage_healed":0,"gold_gain":0,"player_choice":"Searched \u00271\u0027 times","damage_taken":0,"max_hp_gain":0,"max_hp_loss":0,"event_name":"Dead Adventurer","floor":108,"gold_loss":0},{"cards_removed":["Injury"],"damage_healed":0,"gold_gain":0,"player_choice":"Forget","damage_taken":0,"max_hp_gain":0,"max_hp_loss":0,"event_name":"Living Wall","floor":109,"gold_loss":0},{"damage_healed":0,"gold_gain":0,"player_choice":"Donut","damage_taken":0,"max_hp_gain":5,"max_hp_loss":0,"event_name":"Big Fish","floor":114,"gold_loss":0},{"damage_healed":0,"gold_gain":50,"player_choice":"Pray","damage_taken":0,"max_hp_gain":0,"max_hp_loss":0,"event_name":"Golden Shrine","floor":117,"gold_loss":0}],"is_beta":false,"boss_relics":[{"not_picked":["Sozu","Lizard Tail"],"picked":"Eternal Feather"},{"not_picked":["Philosopher\u0027s Stone","Runic Dome"],"picked":"Coffee Dripper"},{"not_picked":["Orrery","FrozenCore"],"picked":"White Beast Statue"},{"not_picked":["BlightedDurian"],"picked":"Accursed"},{"not_picked":["TwistingMind"],"picked":"BlightedDurian"},{"not_picked":["Scatterbrain"],"picked":"GraspOfShadows"},{"not_picked":["GraspOfShadows"],"picked":"Scatterbrain"}],"items_purged_floors":[29,31,77,89,99,107],"is_endless":true,"potions_floor_spawned":[12,16,18,33,35,37,50,53,57,61,63,66,68,70,73,76,78,83,85,87,90,92,95,97,100,102,103,105,108,113,115,118,120],"killed_by":"Chosen","ascension_level":20}