{"gold_per_floor":[119,133,3,15,28,61,61,87,113,131,159,209,238,258,258,334,334,344,364,15,15,31,31,31,44,44,44,60,86,97,112,112,185,185,203,203,217,217,235,235,267,267,339,339,161,161,177,2,2,2],"floor_reached":51,"playtime":2673,"items_purged":["Strike_G","Writhe","Strike_G+1"],"score":1428,"play_id":"2e5221f1-aedb-4735-8d0b-0384b225300a","local_time":"20181212232532","is_ascension_mode":true,"campfire_choices":[{"floor":7.0,"key":"REST"},{"data":"Footwork","floor":15.0,"key":"SMITH"},{"data":"Noxious Fumes","floor":23.0,"key":"SMITH"},{"floor":32.0,"key":"REST"},{"data":"After Image","floor":40.0,"key":"SMITH"},{"data":"Noxious Fumes","floor":42.0,"key":"SMITH"},{"data":"Footwork","floor":46.0,"key":"SMITH"},{"data":"Deadly Poison","floor":49.0,"key":"SMITH"}],"neow_cost":"NONE","seed_source_timestamp":919121811564921,"circlet_count":0,"master_deck":["AscendersBane","Defend_G+1","Defend_G+1","Defend_G+1","Defend_G+1","Defend_G+1","Strike_G+1","Strike_G+1","Survivor+1","Neutralize+1","Poisoned Stab+1","Dash+1","Terror+1","Blur+1","Noxious Fumes+1","Predator+1","PiercingWail+1","Footwork+1","Sucker Punch+1","Backflip+1","Poisoned Stab+1","Doppelganger+1","Noxious Fumes+1","Crippling Poison+1","Cloak And Dagger+1","Calculated Gamble+1","Sucker Punch+1","Distraction+1","Dodge and Roll+1","Cloak And Dagger+1","After Image+1","Heel Hook+1","Blur+1","Dagger Spray+1","Footwork+1","Deadly Poison+1","Dagger Throw"],"special_seed":0,"relics":["Runic Dome","Ninja Scroll","Dream Catcher","Boot","Lantern","Odd Mushroom","Letter Opener","Runic Pyramid","Membership Card","Strawberry","FossilizedHelix","PreservedInsect","Busted Crown","Unceasing Top","Mercury Hourglass","Mark of the Bloom","Snake Skull","Ancient Tea Set"],"potions_floor_usage":[50,50],"damage_taken":[{"damage":1.0,"enemies":"Small Slimes","floor":1.0,"turns":4.0},{"damage":1.0,"enemies":"Cultist","floor":2.0,"turns":4.0},{"damage":0.0,"enemies":"2 Louse","floor":4.0,"turns":3.0},{"damage":1.0,"enemies":"Looter","floor":5.0,"turns":3.0},{"damage":12.0,"enemies":"Lagavulin","floor":6.0,"turns":4.0},{"damage":3.0,"enemies":"Gremlin Nob","floor":8.0,"turns":3.0},{"damage":0.0,"enemies":"3 Louse","floor":10.0,"turns":3.0},{"damage":0.0,"enemies":"The Mushroom Lair","floor":11.0,"turns":4.0},{"damage":17.0,"enemies":"3 Sentries","floor":13.0,"turns":8.0},{"damage":0.0,"enemies":"Large Slime","floor":14.0,"turns":5.0},{"damage":8.0,"enemies":"Hexaghost","floor":16.0,"turns":9.0},{"damage":1.0,"enemies":"Chosen","floor":18.0,"turns":4.0},{"damage":0.0,"enemies":"3 Byrds","floor":19.0,"turns":5.0},{"damage":14.0,"enemies":"Centurion and Healer","floor":22.0,"turns":6.0},{"damage":9.0,"enemies":"Colosseum Slavers","floor":24.0,"turns":4.0},{"damage":14.0,"enemies":"3 Cultists","floor":25.0,"turns":5.0},{"damage":0.0,"enemies":"Cultist and Chosen","floor":28.0,"turns":4.0},{"damage":14.0,"enemies":"Gremlin Leader","floor":29.0,"turns":6.0},{"damage":5.0,"enemies":"Shelled Parasite and Fungi","floor":30.0,"turns":6.0},{"damage":0.0,"enemies":"Snecko","floor":31.0,"turns":6.0},{"damage":22.0,"enemies":"Automaton","floor":33.0,"turns":10.0},{"damage":0.0,"enemies":"Orb Walker","floor":35.0,"turns":4.0},{"damage":0.0,"enemies":"3 Darklings","floor":37.0,"turns":7.0},{"damage":15.0,"enemies":"Writhing Mass","floor":39.0,"turns":6.0},{"damage":0.0,"enemies":"Nemesis","floor":41.0,"turns":7.0},{"damage":0.0,"enemies":"Jaw Worm Horde","floor":47.0,"turns":3.0},{"damage":32,"enemies":"Time Eater","floor":50,"turns":13}],"seed_played":"7652947792145619544","potions_obtained":[{"floor":4.0,"key":"Strength Potion"},{"floor":6.0,"key":"Energy Potion"},{"floor":10.0,"key":"SneckoOil"},{"floor":13.0,"key":"Explosive Potion"},{"floor":25.0,"key":"PowerPotion"},{"floor":28.0,"key":"EssenceOfSteel"},{"floor":33.0,"key":"Poison Potion"},{"floor":35.0,"key":"Dexterity Potion"},{"floor":37.0,"key":"SkillPotion"}],"is_trial":false,"path_per_floor":["M","M","?","M","M","E","R","E","T","M","?","?","E","M","R","B",null,"M","M","$","$","M","R","?","M","T","?","M","E","M","M","R","B",null,"M","?","M","?","M","R","E","R","T","?","$","R","M","$","R","B",null],"character_chosen":"THE_SILENT","items_purchased":["Membership Card","Strawberry","Footwork","Snake Skull","Dagger Throw","Ancient Tea Set"],"campfire_rested":2,"item_purchase_floors":[20,20,45,45,48,48],"current_hp_per_floor":[58,57,57,57,56,44,63,60,60,60,60,60,43,43,43,35,58,57,57,64,64,50,50,41,27,27,27,27,13,8,8,29,7,57,57,72,72,72,57,57,57,57,57,57,57,57,57,57,57,25],"gold":2,"neow_bonus":"BOSS_RELIC","is_prod":false,"is_daily":false,"chose_seed":false,"campfire_upgraded":6,"win_rate":0,"timestamp":1544653532,"path_taken":["M","M","?","M","M","E","R","E","T","?","?","?","E","M","R","BOSS","M","M","?","$","M","R","?","M","T","?","M","E","M","M","R","BOSS","M","?","M","?","M","R","E","R","T","?","?","R","M","$","R","BOSS"],"build_version":"2018-12-06","purchased_purges":3,"victory":true,"max_hp_per_floor":[66,66,66,66,66,66,66,66,66,66,66,66,66,66,66,66,66,66,66,73,73,73,73,73,73,73,73,73,73,73,73,73,73,73,73,73,73,73,73,73,73,73,73,73,73,73,73,73,73,73],"card_choices":[{"not_picked":["Finisher","Quick Slash"],"picked":"Poisoned Stab","floor":1.0},{"not_picked":["Expertise","Caltrops"],"picked":"Dash","floor":2.0},{"not_picked":["Prepared","Flechettes"],"picked":"Terror","floor":4.0},{"not_picked":["Masterful Stab","All Out Attack"],"picked":"Blur","floor":5.0},{"not_picked":["Prepared","Crippling Poison"],"picked":"Noxious Fumes","floor":6.0},{"not_picked":["Setup","Deflect"],"picked":"Predator","floor":7.0},{"not_picked":["Terror","Bouncing Flask"],"picked":"PiercingWail","floor":8.0},{"not_picked":["Prepared","PiercingWail"],"picked":"Footwork","floor":10.0},{"not_picked":["Bane","Unload"],"picked":"Sucker Punch","floor":11.0},{"not_picked":["Backstab","Poisoned Stab"],"picked":"Backflip","floor":13.0},{"not_picked":["Concentrate","Prepared"],"picked":"Poisoned Stab","floor":14.0},{"not_picked":["Grand Finale","Unload"],"picked":"Doppelganger","floor":16.0},{"not_picked":["Bane","PiercingWail"],"picked":"Noxious Fumes","floor":18.0},{"not_picked":["Escape Plan","Deflect"],"picked":"Crippling Poison+1","floor":19.0},{"not_picked":["Flechettes","Concentrate"],"picked":"Cloak And Dagger+1","floor":22.0},{"not_picked":["Flying Knee","PiercingWail"],"picked":"Calculated Gamble+1","floor":25.0},{"not_picked":["Underhanded Strike","Concentrate"],"picked":"Sucker Punch","floor":28.0},{"not_picked":["Outmaneuver","Bouncing Flask"],"picked":"Distraction+1","floor":29.0},{"not_picked":["Deflect","All Out Attack","Grand Finale"],"picked":"SKIP","floor":30.0},{"not_picked":["Outmaneuver","Dagger Throw+1"],"picked":"Dodge and Roll","floor":31.0},{"not_picked":["Masterful Stab","Heel Hook"],"picked":"Cloak And Dagger","floor":32.0},{"not_picked":["Storm of Steel","Unload"],"picked":"After Image","floor":33.0},{"not_picked":[],"picked":"Heel Hook","floor":35.0},{"not_picked":["Endless Agony+1"],"picked":"SKIP","floor":37.0},{"not_picked":[],"picked":"Blur+1","floor":39.0},{"not_picked":[],"picked":"Dagger Spray","floor":41.0},{"not_picked":[],"picked":"Deadly Poison","floor":47.0}],"player_experience":522136,"relics_obtained":[{"floor":6.0,"key":"Dream Catcher"},{"floor":8.0,"key":"Boot"},{"floor":9.0,"key":"Lantern"},{"floor":11.0,"key":"Odd Mushroom"},{"floor":13.0,"key":"Letter Opener"},{"floor":26.0,"key":"FossilizedHelix"},{"floor":29.0,"key":"PreservedInsect"},{"floor":41.0,"key":"Unceasing Top"},{"floor":43.0,"key":"Mercury Hourglass"}],"event_choices":[{"damage_healed":0.0,"max_hp_gain":0.0,"max_hp_loss":0.0,"gold_gain":0.0,"event_name":"WeMeetAgain","player_choice":"Paid Gold","floor":3.0,"gold_loss":130.0,"damage_taken":0.0,"relics_obtained":["Ninja Scroll"]},{"damage_healed":0.0,"max_hp_gain":0.0,"max_hp_loss":0.0,"gold_gain":0.0,"event_name":"Mushrooms","player_choice":"Fought Mushrooms","floor":11.0,"gold_loss":0.0,"damage_taken":0.0},{"damage_healed":0.0,"max_hp_gain":0.0,"max_hp_loss":0.0,"gold_gain":50.0,"event_name":"Golden Shrine","player_choice":"Pray","floor":12.0,"gold_loss":0.0,"damage_taken":0.0},{"damage_healed":0.0,"max_hp_gain":0.0,"max_hp_loss":0.0,"gold_gain":0.0,"event_name":"Colosseum","player_choice":"Fight","floor":24.0,"gold_loss":0.0,"damage_taken":0.0},{"damage_healed":0.0,"max_hp_gain":0.0,"max_hp_loss":0.0,"gold_gain":0.0,"event_name":"Colosseum","player_choice":"Fled From Nobs","floor":24.0,"gold_loss":0.0,"damage_taken":0.0},{"damage_healed":0.0,"max_hp_gain":0.0,"max_hp_loss":0.0,"gold_gain":0.0,"event_name":"Beggar","player_choice":"Ignored","floor":27.0,"gold_loss":0.0,"damage_taken":0.0},{"damage_healed":15.0,"max_hp_gain":0.0,"max_hp_loss":0.0,"gold_gain":0.0,"event_name":"Winding Halls","player_choice":"Writhe","floor":36.0,"gold_loss":0.0,"damage_taken":0.0,"cards_obtained":["Writhe"]},{"cards_removed":["Strike_G"],"damage_healed":0.0,"max_hp_gain":0.0,"max_hp_loss":0.0,"gold_gain":0.0,"event_name":"Falling","player_choice":"Removed Attack","floor":38.0,"gold_loss":0.0,"damage_taken":0.0},{"damage_healed":0.0,"max_hp_gain":0.0,"max_hp_loss":0.0,"gold_gain":0.0,"event_name":"MindBloom","player_choice":"Upgrade","floor":44.0,"gold_loss":0.0,"damage_taken":0.0,"cards_upgraded":["Defend_G","Defend_G","Defend_G","Defend_G","Defend_G","Strike_G","Strike_G","Strike_G","Survivor","Neutralize","Poisoned Stab","Dash","Terror","Blur","Predator","PiercingWail","Sucker Punch","Backflip","Poisoned Stab","Doppelganger","Sucker Punch","Dodge and Roll","Cloak And Dagger","Heel Hook","Dagger Spray"],"relics_obtained":["Mark of the Bloom"]}],"is_beta":false,"boss_relics":[{"not_picked":["Philosopher\u0027s Stone","Velvet Choker"],"picked":"Runic Pyramid"},{"not_picked":["Cursed Key","Sozu"],"picked":"Busted Crown"}],"items_purged_floors":[20,45,48],"is_endless":false,"potions_floor_spawned":[4,6,10,13,22,25,28,29,33,35,37,39],"ascension_level":19}