{"path_per_floor":["M","M","?","M","?","R","E","R","T","E","M","M","?","E","R","B",null,"M","M","?","M","?","E","R","E","T","R","?","M","M","M","R","B",null,"M","M","?","M","?","M","E","R","T","$","?","?","E","M","R"],"character_chosen":"IRONCLAD","items_purchased":["Pear","Paper Frog","Dexterity Potion","Swift Potion"],"gold_per_floor":[110,129,129,143,123,123,158,158,158,186,203,221,221,249,249,354,354,372,390,305,325,325,353,353,380,380,380,380,400,420,435,435,537,537,553,566,566,582,582,600,632,632,632,36,0,0,33,51,51],"floor_reached":50,"campfire_rested":0,"playtime":4487,"current_hp_per_floor":[80,80,64,66,66,66,50,50,50,32,31,37,37,20,20,15,80,69,79,79,60,60,70,70,59,59,59,59,68,78,80,80,65,93,93,91,91,72,72,70,26,26,26,36,36,36,75,77,77],"items_purged":[],"gold":51,"play_id":"248a4e2b-86f4-4075-bf10-9cd9e7764be8","is_prod":false,"is_daily":false,"campfire_rituals":0,"campfire_upgraded":5,"is_hardmode":false,"path_taken":["M","M","?","M","?","R","E","R","T","E","M","?","?","E","R","BOSS","M","M","?","?","?","E","R","E","T","R","?","M","?","M","R","BOSS","M","M","?","?","?","M","E","R","T","$","?","?","E","M","R","BOSS"],"build_version":"2018-01-18-PROD4","purchased_purges":1,"victory":false,"master_deck":["Strike_R","Strike_R","Strike_R","Strike_R","Strike_R","Defend_R","Defend_R","Defend_R","Defend_R","Double Tap","Thunderclap","Shockwave","Flame Barrier","Shrug It Off","Rampage","Infernal Blade","Feed","Clash","Flex","Flame Barrier","Whirlwind","Impervious","Clash","Pommel Strike","Iron Wave"],"max_hp_per_floor":[80,80,80,80,80,80,80,80,80,80,80,80,80,80,80,80,80,83,83,83,86,86,89,89,89,89,89,89,93,93,93,93,93,93,93,97,97,97,97,97,97,97,97,107,107,107,107,107,107],"relics":["Black Blood","Mercury Hourglass","Letter Opener","Gremlin Horn","Matryoshka","Bronze Scales","Meat on the Bone","War Paint","Prayer Wheel","Girya","Lizard Tail","Ice Cream","Happy Flower","Champion Belt","Pear","Paper Frog","Red Mask","Bag of Preparation"],"campfire_meditates":0,"card_choices":[{"not_picked":["Sword Boomerang","Clothesline"],"picked":"Thunderclap"},{"not_picked":["Sword Boomerang","Thunderclap"],"picked":"Shockwave"},{"not_picked":["Dark Embrace","Sword Boomerang"],"picked":"Flame Barrier"},{"not_picked":["Sword Boomerang","Twin Strike"],"picked":"Shrug It Off"},{"not_picked":["Flex","Shrug It Off"],"picked":"Rampage"},{"not_picked":["Flex","Perfected Strike"],"picked":"Infernal Blade"},{"not_picked":["Corruption","Sentinel"],"picked":"Inflame"},{"not_picked":["Juggernaut","Impervious"],"picked":"Feed"},{"not_picked":["Sword Boomerang","Body Slam"],"picked":"Clash"},{"not_picked":["Anger","Headbutt"],"picked":"Flex"},{"not_picked":["Reckless Charge","Rupture"],"picked":"Flame Barrier"},{"not_picked":["Wild Strike","Reckless Charge"],"picked":"Whirlwind"},{"not_picked":["Warcry","Searing Blow"],"picked":"Clash"},{"not_picked":["Sever Soul","Dual Wield"],"picked":"Pommel Strike"},{"not_picked":["Clothesline","Clash"],"picked":"Iron Wave"}],"player_experience":94832,"potions_floor_usage":[4,14,16,16,23,23,33,33,38,40,47,47,47,50],"damage_taken":[{"damage":1,"enemies":"Cultist","floor":1,"turns":4},{"damage":6,"enemies":"Jaw Worm","floor":2,"turns":3},{"damage":4,"enemies":"Blue Slaver","floor":4,"turns":2},{"damage":22,"enemies":"Gremlin Nob","floor":7,"turns":4},{"damage":24,"enemies":"3 Sentries","floor":10,"turns":5},{"damage":7,"enemies":"Looter","floor":11,"turns":3},{"damage":0,"enemies":"Lots of Slimes","floor":12,"turns":2},{"damage":23,"enemies":"Lagavulin","floor":14,"turns":5},{"damage":11,"enemies":"Slime Boss","floor":16,"turns":7},{"damage":24,"enemies":"Spheric Guardian","floor":18,"turns":7},{"damage":0,"enemies":"3 Byrds","floor":19,"turns":3},{"damage":32,"enemies":"Centurion and Healer","floor":21,"turns":5},{"damage":3,"enemies":"Slavers","floor":23,"turns":3},{"damage":21,"enemies":"Book of Stabbing","floor":25,"turns":5},{"damage":17,"enemies":"Slaver and Parasite","floor":29,"turns":5},{"damage":0,"enemies":"Snecko","floor":30,"turns":4},{"damage":8,"enemies":"Sentry and Sphere","floor":31,"turns":5},{"damage":37,"enemies":"Collector","floor":33,"turns":8},{"damage":8,"enemies":"3 Darklings","floor":35,"turns":3},{"damage":16,"enemies":"3 Shapes","floor":36,"turns":3},{"damage":29,"enemies":"Maw","floor":38,"turns":8},{"damage":12,"enemies":"3 Darklings","floor":40,"turns":4},{"damage":66,"enemies":"2 Orb Walkers","floor":41,"turns":6},{"damage":65,"enemies":"Nemesis","floor":47,"turns":10},{"damage":8,"enemies":"4 Shapes","floor":48,"turns":1},{"damage":100,"enemies":"Donu and Deca","floor":50,"turns":8}],"event_choices":[{"event_name":"Shining Light","player_choice":"Entered Light","floor":3,"damage_taken":0},{"event_name":"The Woman in Blue","player_choice":"Bought 1 Potion","floor":5,"damage_taken":0},{"event_name":"The Lab","player_choice":"Got Potions","floor":13,"damage_taken":0},{"event_name":"Addict","player_choice":"Obtained Relic","floor":20,"damage_taken":0},{"event_name":"Back to Basics","player_choice":"Simplicity","floor":22,"damage_taken":0},{"event_name":"Bonfire Elementals","player_choice":"BASIC","floor":28,"damage_taken":0},{"event_name":"Match and Keep!","player_choice":"1 cards matched","floor":39,"damage_taken":0},{"event_name":"Tomb of Lord Red Mask","player_choice":"Paid","floor":45,"damage_taken":0},{"event_name":"Upgrade Shrine","player_choice":"Upgraded","floor":46,"damage_taken":0}],"boss_relics":[{"not_picked":["Runic Dome","Tiny House"],"picked":"Black Blood"},{"not_picked":["Runic Pyramid","Philosopher\u0027s Stone"],"picked":"Lizard Tail"}],"potions_floor_spawned":[2,11,12,14,18,21,23,25,30,36,41,47],"seed_played":"-3086222949037657794","killed_by":"Donu and Deca","is_trial":false}