{"gold_per_floor":[114,114,114,129,129,129,156,156,180,330,355,378,225,238,238,312,312,324,147,136,153,68,68,68,99,99,161,183,33,33,33],"floor_reached":31,"playtime":1200,"items_purged":["Doubt","Strike_R","Strike_R"],"score":561,"play_id":"2a993aeb-aee5-4ac2-a9f2-7d3e7e7e2c15","local_time":"20190519223355","is_ascension_mode":true,"campfire_choices":[{"data":"Body Slam","floor":6,"key":"SMITH"},{"data":"Bash","floor":8,"key":"SMITH"},{"data":"Spot Weakness","floor":15,"key":"SMITH"},{"floor":23,"key":"REST"}],"neow_cost":"NONE","seed_source_timestamp":515446852999600,"circlet_count":0,"master_deck":["AscendersBane","Strike_R","Defend_R","Defend_R+1","Defend_R","Defend_R+1","Bash+1","Body Slam+1","Feed","Ghostly Armor","Clothesline","Feed","Shrug It Off","Headbutt","Spot Weakness+1","Power Through","Limit Break","Seeing Red","Second Wind","Second Wind","Disarm","Flex","Spot Weakness","Evolve","Thunderclap","Offering","Warcry","Reckless Charge"],"relics":["Burning Blood","NeowsBlessing","Self Forming Clay","War Paint","Juzu Bracelet","Ancient Tea Set","Odd Mushroom","Orrery","Blood Vial","Mummified Hand","Regal Pillow","MawBank","Shuriken"],"potions_floor_usage":[11,12,25,28,31],"damage_taken":[{"damage":0,"enemies":"Jaw Worm","floor":1,"turns":1},{"damage":0,"enemies":"Cultist","floor":4,"turns":1},{"damage":0,"enemies":"Lagavulin","floor":7,"turns":1},{"damage":27,"enemies":"3 Sentries","floor":11,"turns":9},{"damage":26,"enemies":"The Mushroom Lair","floor":12,"turns":5},{"damage":5,"enemies":"2 Louse","floor":14,"turns":2},{"damage":48,"enemies":"Slime Boss","floor":16,"turns":11},{"damage":23,"enemies":"Spheric Guardian","floor":18,"turns":7},{"damage":16,"enemies":"2 Thieves","floor":20,"turns":4},{"damage":33,"enemies":"Snake Plant","floor":21,"turns":7},{"damage":52,"enemies":"Slavers","floor":25,"turns":9},{"damage":21,"enemies":"Snecko","floor":28,"turns":5},{"damage":15,"enemies":"Centurion and Healer","floor":31,"turns":1}],"seed_played":"5540287272388903084","potions_obtained":[{"floor":4,"key":"SteroidPotion"},{"floor":11,"key":"SkillPotion"},{"floor":16,"key":"Dexterity Potion"},{"floor":25,"key":"AttackPotion"},{"floor":28,"key":"PowerPotion"}],"is_trial":false,"path_per_floor":["M","?","?","M","T","R","E","R","T","?","E","?","$","M","R","B",null,"M","$","M","M","?","R","T","E","T","?","M","$","?","M"],"character_chosen":"IRONCLAD","items_purchased":["Spot Weakness","Evolve","Reckless Charge"],"campfire_rested":1,"item_purchase_floors":[13,19,29],"current_hp_per_floor":[74,74,74,75,75,75,75,75,75,75,60,46,46,53,53,17,79,65,65,58,31,31,62,62,21,21,21,11,11,11,0],"gold":33,"neow_bonus":"THREE_ENEMY_KILL","is_prod":false,"is_daily":false,"chose_seed":false,"campfire_upgraded":3,"win_rate":0,"timestamp":1558298035,"path_taken":["M","?","?","?","?","R","E","R","T","?","E","?","?","M","R","BOSS","M","$","M","M","?","R","?","E","T","?","M","?","?","M"],"build_version":"2019-01-23","purchased_purges":3,"victory":false,"max_hp_per_floor":[75,75,75,75,75,75,75,75,75,75,81,87,87,93,93,99,99,102,102,105,105,105,105,105,108,108,108,111,111,111,111],"card_choices":[{"not_picked":["Warcry","Sword Boomerang"],"picked":"Body Slam","floor":1},{"not_picked":["Reckless Charge","Seeing Red"],"picked":"Clothesline","floor":4},{"not_picked":["Hemokinesis","Power Through"],"picked":"Feed","floor":7},{"not_picked":["Impervious","Rampage"],"picked":"Shrug It Off","floor":11},{"not_picked":["Heavy Blade","Anger"],"picked":"Headbutt","floor":12},{"not_picked":["Entrench","Pommel Strike"],"picked":"Power Through","floor":14},{"not_picked":["Fiend Fire","Bludgeon"],"picked":"Limit Break","floor":16},{"not_picked":["Dropkick","Blood for Blood"],"picked":"Seeing Red","floor":17},{"not_picked":["Thunderclap","Anger"],"picked":"Second Wind","floor":17},{"not_picked":["Flex","Wild Strike"],"picked":"Second Wind","floor":17},{"not_picked":["Iron Wave","Warcry"],"picked":"Disarm","floor":17},{"not_picked":["Pommel Strike","Corruption"],"picked":"Flex","floor":17},{"not_picked":["Cleave","Twin Strike"],"picked":"Spot Weakness","floor":18},{"not_picked":["Warcry","Sever Soul","Rupture+1"],"picked":"SKIP","floor":20},{"not_picked":["Sever Soul","Warcry"],"picked":"Thunderclap","floor":21},{"not_picked":["Shockwave","Wild Strike"],"picked":"Offering","floor":25},{"not_picked":["Seeing Red","Evolve"],"picked":"Warcry","floor":28}],"player_experience":1151522,"relics_obtained":[{"floor":5,"key":"Self Forming Clay"},{"floor":7,"key":"War Paint"},{"floor":9,"key":"Juzu Bracelet"},{"floor":11,"key":"Ancient Tea Set"},{"floor":12,"key":"Odd Mushroom"},{"floor":24,"key":"Mummified Hand"},{"floor":25,"key":"Regal Pillow"},{"floor":26,"key":"MawBank"},{"floor":30,"key":"Shuriken"}],"event_choices":[{"damage_healed":0,"gold_gain":0,"cards_transformed":["Strike_R"],"player_choice":"Change","damage_taken":0,"max_hp_gain":0,"max_hp_loss":0,"event_name":"Living Wall","floor":2,"gold_loss":0,"cards_obtained":["Feed"]},{"damage_healed":0,"gold_gain":0,"cards_transformed":["Strike_R"],"player_choice":"Transformed","damage_taken":0,"max_hp_gain":0,"max_hp_loss":0,"event_name":"Transmorgrifier","floor":3,"gold_loss":0,"cards_obtained":["Ghostly Armor"]},{"damage_healed":0,"gold_gain":150,"player_choice":"AGREE","damage_taken":0,"max_hp_gain":0,"max_hp_loss":0,"event_name":"Liars Game","floor":10,"gold_loss":0,"cards_obtained":["Doubt"]},{"damage_healed":0,"gold_gain":0,"player_choice":"Fought Mushrooms","damage_taken":0,"max_hp_gain":0,"max_hp_loss":0,"event_name":"Mushrooms","floor":12,"gold_loss":0},{"damage_healed":0,"gold_gain":0,"player_choice":"Obtained Relic","damage_taken":0,"relics_obtained":["Blood Vial"],"max_hp_gain":0,"max_hp_loss":0,"event_name":"Addict","floor":22,"gold_loss":85},{"damage_healed":0,"gold_gain":50,"player_choice":"Stole From Cult","damage_taken":0,"max_hp_gain":0,"max_hp_loss":0,"event_name":"Nest","floor":27,"gold_loss":0},{"damage_healed":0,"gold_gain":0,"player_choice":"Relic","damage_taken":0,"max_hp_gain":0,"max_hp_loss":0,"event_name":"Wheel of Change","floor":30,"gold_loss":0}],"is_beta":false,"boss_relics":[{"not_picked":["Lizard Tail","Runic Dome"],"picked":"Orrery"}],"items_purged_floors":[13,19,29],"is_endless":false,"potions_floor_spawned":[4,11,16,25,28],"killed_by":"Centurion and Healer","ascension_level":16}