{"gold_per_floor":[20,20,20,30,44,44,44,73,73,73,105,122,142,156,156,235,235,254,254,270,270,270],"floor_reached":22,"playtime":1084,"items_purged":[],"score":372,"play_id":"9c8a064d-9bf3-48ef-b96b-fca62a85a970","local_time":"20190919051602","is_ascension_mode":true,"campfire_choices":[{"data":"Loop","floor":6,"key":"SMITH"},{"floor":15,"key":"REST"}],"neow_cost":"NO_GOLD","seed_source_timestamp":32555073259000,"circlet_count":0,"master_deck":["AscendersBane","Strike_B","Strike_B","Strike_B","Strike_B","Defend_B","Defend_B","Defend_B","Defend_B","Zap+1","Dualcast","Forethought","Metamorphosis","Hologram","Loop+1","Cold Snap","Stack","Aggregate","Auto Shields","Leap","Coolheaded","Echo Form","Buffer","Defragment","Beam Cell+1","Writhe"],"relics":["Cracked Core","Strawberry","StoneCalendar","Cables","Gremlin Horn","Nuclear Battery","Ginger","Vajra"],"potions_floor_usage":[12,12,14,18],"damage_taken":[{"damage":4,"enemies":"2 Louse","floor":1,"turns":2},{"damage":3,"enemies":"Cultist","floor":4,"turns":3},{"damage":2,"enemies":"Jaw Worm","floor":5,"turns":4},{"damage":25,"enemies":"Lagavulin","floor":8,"turns":6},{"damage":16,"enemies":"3 Sentries","floor":11,"turns":7},{"damage":17,"enemies":"Gremlin Gang","floor":12,"turns":5},{"damage":3,"enemies":"Red Slaver","floor":13,"turns":4},{"damage":0,"enemies":"Blue Slaver","floor":14,"turns":5},{"damage":9,"enemies":"Hexaghost","floor":16,"turns":11},{"damage":7,"enemies":"Shell Parasite","floor":18,"turns":7},{"damage":23,"enemies":"3 Byrds","floor":20,"turns":7},{"damage":42,"enemies":"Cultist and Chosen","floor":22,"turns":5}],"seed_played":"8208749045263267816","potions_obtained":[{"floor":8,"key":"GamblersBrew"},{"floor":11,"key":"Swift Potion"},{"floor":13,"key":"PowerPotion"},{"floor":16,"key":"SneckoOil"}],"is_trial":false,"path_per_floor":["M","?","$","M","M","R","T","E","T","?","E","M","M","M","R","B",null,"M","T","M","?","M"],"character_chosen":"DEFECT","items_purchased":[],"campfire_rested":1,"item_purchase_floors":[],"current_hp_per_floor":[60,60,60,57,55,55,62,37,37,37,21,4,1,1,24,15,62,55,55,32,32,0],"gold":270,"neow_bonus":"RANDOM_COLORLESS_2","is_prod":false,"is_daily":false,"chose_seed":false,"campfire_upgraded":1,"win_rate":0,"timestamp":1568862962,"path_taken":["M","?","?","?","M","R","?","E","T","?","E","?","M","M","R","BOSS","M","?","M","?","M"],"build_version":"2019-07-17","purchased_purges":0,"victory":false,"max_hp_per_floor":[71,71,71,71,71,71,78,78,78,78,78,78,78,78,78,78,78,78,78,78,78,78],"card_choices":[{"not_picked":["Compile Driver","Rip and Tear"],"picked":"Hologram","floor":1},{"not_picked":["Rip and Tear","Chill"],"picked":"Loop","floor":4},{"not_picked":["Ball Lightning","Go for the Eyes"],"picked":"Cold Snap","floor":5},{"not_picked":["Scrape","Blizzard"],"picked":"Stack","floor":8},{"not_picked":["Fission","Sweeping Beam"],"picked":"Auto Shields","floor":11},{"not_picked":["Cold Snap","Beam Cell"],"picked":"Leap","floor":12},{"not_picked":["Beam Cell","Redo"],"picked":"Coolheaded","floor":13},{"not_picked":["Coolheaded","Sweeping Beam"],"picked":"Echo Form","floor":14},{"not_picked":["All For One","Seek"],"picked":"Buffer","floor":16},{"not_picked":["Beam Cell","Sunder"],"picked":"Defragment","floor":18},{"not_picked":["Turbo","Sweeping Beam"],"picked":"Beam Cell+1","floor":20}],"player_experience":1994174,"relics_obtained":[{"floor":7,"key":"Strawberry"},{"floor":8,"key":"StoneCalendar"},{"floor":9,"key":"Cables"},{"floor":11,"key":"Gremlin Horn"},{"floor":19,"key":"Ginger"}],"event_choices":[{"damage_healed":0,"gold_gain":0,"player_choice":"Upgraded","damage_taken":0,"max_hp_gain":0,"max_hp_loss":0,"event_name":"Upgrade Shrine","floor":2,"gold_loss":0,"cards_upgraded":["Zap"]},{"damage_healed":0,"gold_gain":0,"player_choice":"1 cards matched","damage_taken":0,"max_hp_gain":0,"max_hp_loss":0,"event_name":"Match and Keep!","floor":10,"gold_loss":0,"cards_obtained":["Aggregate"]},{"damage_healed":0,"gold_gain":0,"player_choice":"Opened","damage_taken":0,"relics_obtained":["Vajra"],"max_hp_gain":0,"max_hp_loss":0,"event_name":"The Mausoleum","floor":21,"gold_loss":0,"cards_obtained":["Writhe"]}],"is_beta":false,"boss_relics":[{"not_picked":["Snecko Eye","FrozenCore"],"picked":"Nuclear Battery"}],"items_purged_floors":[],"is_endless":false,"potions_floor_spawned":[8,11,13,16],"killed_by":"Cultist and Chosen","ascension_level":18}