{"gold_per_floor":[111,129,14,30,43,43,59,73,73,73,73,73,38,38,38,112,112,124,124,124,124,49,82,82,132,210,210,210,210,224,237,237,308,308,327,679,679,698,371,371,371,404,404,439,451,479,496,509,509,509],"floor_reached":51,"playtime":2410,"items_purged":["Zap","Sweeping Beam"],"score":1747,"play_id":"8af9f526-c12e-4116-b947-53b791fb5351","local_time":"20190825161124","is_ascension_mode":true,"campfire_choices":[{"data":"Sunder","floor":6.0,"key":"SMITH"},{"data":"Turbo","floor":12.0,"key":"SMITH"},{"data":"Hologram","floor":15.0,"key":"SMITH"},{"data":"Hologram","floor":24.0,"key":"SMITH"},{"data":"Coolheaded","floor":27.0,"key":"SMITH"},{"data":"All For One","floor":29.0,"key":"SMITH"},{"data":"Hologram","floor":32.0,"key":"SMITH"},{"data":"Meteor Strike","floor":40.0,"key":"SMITH"},{"data":"Reinforced Body","floor":49,"key":"SMITH"}],"neow_cost":"TEN_PERCENT_HP_LOSS","seed_source_timestamp":1146543366732579,"circlet_count":0,"master_deck":["AscendersBane","Coolheaded+1","Coolheaded+1","Turbo+1","Sunder+1","Hologram+1","All For One+1","Reboot","Ghostly","Ghostly","Ghostly","Hologram+1","Hologram+1","Meteor Strike+1","Reinforced Body+1"],"special_seed":0,"relics":["Cracked Core","Frozen Egg 2","Snecko Eye","Meat on the Bone","Question Card","Pandora\u0027s Box","Old Coin","Lee\u0027s Waffle","Cables","Incense Burner","Mummified Hand","Kunai"],"potions_floor_usage":[],"damage_taken":[{"damage":4.0,"enemies":"Small Slimes","floor":1.0,"turns":4.0},{"damage":20.0,"enemies":"2 Louse","floor":2.0,"turns":3.0},{"damage":0.0,"enemies":"Cultist","floor":4.0,"turns":3.0},{"damage":4.0,"enemies":"Looter","floor":5.0,"turns":3.0},{"damage":9.0,"enemies":"Large Slime","floor":7.0,"turns":6.0},{"damage":0.0,"enemies":"3 Louse","floor":8.0,"turns":2.0},{"damage":23.0,"enemies":"Slime Boss","floor":16.0,"turns":9.0},{"damage":0.0,"enemies":"Shell Parasite","floor":18.0,"turns":2.0},{"damage":0.0,"enemies":"Book of Stabbing","floor":23.0,"turns":2.0},{"damage":0.0,"enemies":"Chosen","floor":30.0,"turns":3.0},{"damage":3.0,"enemies":"Shelled Parasite and Fungi","floor":31.0,"turns":7.0},{"damage":0.0,"enemies":"Automaton","floor":33.0,"turns":2.0},{"damage":0.0,"enemies":"Orb Walker","floor":35.0,"turns":1.0},{"damage":4.0,"enemies":"2 Orb Walkers","floor":36.0,"turns":4.0},{"damage":0.0,"enemies":"3 Darklings","floor":38.0,"turns":1.0},{"damage":0.0,"enemies":"Giant Head","floor":42.0,"turns":1.0},{"damage":0.0,"enemies":"Reptomancer","floor":44.0,"turns":2.0},{"damage":0.0,"enemies":"4 Shapes","floor":45.0,"turns":1.0},{"damage":1,"enemies":"Giant Head","floor":46,"turns":3},{"damage":0,"enemies":"Spire Growth","floor":47,"turns":2},{"damage":0,"enemies":"Jaw Worm Horde","floor":48,"turns":2},{"damage":0,"enemies":"Awakened One","floor":50,"turns":3}],"seed_played":"6115768896963012829","potions_obtained":[{"floor":4.0,"key":"Weak Potion"},{"floor":8.0,"key":"SneckoOil"},{"floor":16.0,"key":"Block Potion"},{"floor":18.0,"key":"Poison Potion"},{"floor":23.0,"key":"Ancient Potion"},{"floor":42.0,"key":"PowerPotion"},{"floor":45.0,"key":"LiquidBronze"}],"is_trial":false,"path_per_floor":["M","M","$","M","M","R","M","M","T","?","?","R","?","?","R","B",null,"M","?","?","?","$","E","R","?","T","R","?","R","M","M","R","B",null,"M","?","?","M","$","R","?","E","T","E","M","E","M","M","R","B",null],"character_chosen":"DEFECT","items_purchased":["Turbo","Sweeping Beam","Lee\u0027s Waffle"],"campfire_rested":0,"item_purchase_floors":[3,3,39],"current_hp_per_floor":[60,40,40,40,36,36,27,27,27,27,27,27,43,43,43,20,53,53,53,32,32,32,32,32,32,32,32,32,32,32,29,29,29,31,31,27,27,27,37,37,37,37,37,37,37,36,36,36,36,36],"gold":509,"neow_bonus":"REMOVE_TWO","is_prod":false,"is_daily":false,"chose_seed":false,"campfire_upgraded":9,"win_rate":0,"timestamp":1566774684,"path_taken":["M","M","$","M","M","R","M","M","T","?","?","R","?","?","R","BOSS","M","?","?","?","$","E","R","?","T","R","?","R","M","M","R","BOSS","M","?","?","M","$","R","?","E","T","E","M","E","M","M","R","BOSS"],"build_version":"2019-07-17","purchased_purges":2,"victory":true,"max_hp_per_floor":[64,64,64,64,64,64,64,64,64,64,64,64,64,64,64,64,64,64,64,32,32,32,32,32,32,32,32,32,32,32,32,32,32,32,32,32,30,30,37,37,37,37,37,37,37,37,37,37,37,37],"card_choices":[{"not_picked":["Conserve Battery","Rebound"],"picked":"Coolheaded","floor":1.0},{"not_picked":["Redo","Sweeping Beam"],"picked":"Coolheaded","floor":2.0},{"not_picked":["FTL","Darkness"],"picked":"Sunder","floor":4.0},{"not_picked":["Barrage","Sweeping Beam","Ball Lightning"],"picked":"SKIP","floor":5.0},{"not_picked":["Gash","Rip and Tear"],"picked":"Hologram","floor":7.0},{"not_picked":["Redo","Ball Lightning"],"picked":"All For One","floor":8.0},{"not_picked":["Biased Cognition+1","Meteor Strike"],"picked":"Reboot","floor":16.0},{"not_picked":["Hello World+1","Static Discharge+1","Aggregate"],"picked":"SKIP","floor":18.0},{"not_picked":["Streamline","Static Discharge+1"],"picked":"Hologram","floor":23.0},{"not_picked":["Rebound","Beam Cell","Redo","Recycle"],"picked":"SKIP","floor":30.0},{"not_picked":["Beam Cell","Leap","Conserve Battery"],"picked":"Hologram","floor":31.0},{"not_picked":["Echo Form+1","Fission","Hyperbeam"],"picked":"Meteor Strike","floor":33.0},{"not_picked":["Stack","Beam Cell","Coolheaded","Turbo"],"picked":"SKIP","floor":35.0},{"not_picked":["Sweeping Beam+1","Ball Lightning","Multi-Cast","Cold Snap+1"],"picked":"SKIP","floor":38.0},{"not_picked":["Sunder","White Noise","Leap+1"],"picked":"Reinforced Body","floor":42.0},{"not_picked":["Sweeping Beam","Leap+1","FTL","Steam"],"picked":"SKIP","floor":44.0},{"not_picked":["Conserve Battery","Scrape","Stack+1","Leap"],"picked":"SKIP","floor":45.0},{"not_picked":["Defragment+1","Cold Snap+1","Lockon","Leap"],"picked":"SKIP","floor":46},{"not_picked":["Steam","Barrage","Chill","Turbo"],"picked":"SKIP","floor":47},{"not_picked":["Doom and Gloom","Turbo+1","Meteor Strike","Genetic Algorithm"],"picked":"SKIP","floor":48}],"player_experience":183017,"relics_obtained":[{"floor":9.0,"key":"Frozen Egg 2"},{"floor":23.0,"key":"Meat on the Bone"},{"floor":26.0,"key":"Question Card"},{"floor":36.0,"key":"Old Coin"},{"floor":42.0,"key":"Cables"},{"floor":43.0,"key":"Incense Burner"},{"floor":44.0,"key":"Mummified Hand"},{"floor":46,"key":"Kunai"}],"event_choices":[{"damage_healed":0.0,"max_hp_gain":0.0,"max_hp_loss":0.0,"gold_gain":0.0,"event_name":"Liars Game","player_choice":"Ignored","floor":10.0,"gold_loss":0.0,"damage_taken":0.0},{"damage_healed":0.0,"max_hp_gain":0.0,"max_hp_loss":0.0,"gold_gain":0.0,"event_name":"Scrap Ooze","player_choice":"Fled","floor":11.0,"gold_loss":0.0,"damage_taken":0.0},{"damage_healed":16.0,"max_hp_gain":0.0,"max_hp_loss":0.0,"gold_gain":0.0,"event_name":"The Cleric","player_choice":"Healed","floor":13.0,"gold_loss":35.0,"damage_taken":0.0},{"damage_healed":0.0,"max_hp_gain":0.0,"max_hp_loss":0.0,"gold_gain":0.0,"event_name":"Upgrade Shrine","player_choice":"Upgraded","floor":14.0,"gold_loss":0.0,"damage_taken":0.0,"cards_upgraded":["Coolheaded"]},{"damage_healed":0.0,"max_hp_gain":0.0,"max_hp_loss":0.0,"gold_gain":0.0,"event_name":"Vampires","player_choice":"Ignored","floor":19.0,"gold_loss":0.0,"damage_taken":0.0},{"damage_healed":0.0,"max_hp_gain":0.0,"max_hp_loss":32.0,"gold_gain":0.0,"event_name":"Ghosts","player_choice":"Became a Ghost","floor":20.0,"gold_loss":0.0,"damage_taken":0.0,"cards_obtained":["Ghostly","Ghostly","Ghostly"]},{"damage_healed":0.0,"max_hp_gain":0.0,"max_hp_loss":0.0,"gold_gain":50.0,"event_name":"Nest","player_choice":"Stole From Cult","floor":25.0,"gold_loss":0.0,"damage_taken":0.0},{"cards_removed":["Dualcast"],"damage_healed":0.0,"max_hp_gain":0.0,"max_hp_loss":0.0,"gold_gain":0.0,"event_name":"Back to Basics","player_choice":"Elegance","floor":28.0,"gold_loss":0.0,"damage_taken":0.0},{"damage_healed":0.0,"max_hp_gain":0.0,"max_hp_loss":0.0,"gold_gain":0.0,"event_name":"Mysterious Sphere","player_choice":"Fight","floor":36.0,"gold_loss":0.0,"damage_taken":0.0},{"damage_healed":0.0,"max_hp_gain":0.0,"max_hp_loss":2.0,"gold_gain":0.0,"event_name":"Winding Halls","player_choice":"Max HP","floor":37.0,"gold_loss":0.0,"damage_taken":0.0},{"damage_healed":0.0,"max_hp_gain":0.0,"max_hp_loss":0.0,"gold_gain":0.0,"event_name":"SensoryStone","player_choice":"Memory 1","floor":41.0,"gold_loss":0.0,"damage_taken":0.0}],"is_beta":false,"boss_relics":[{"not_picked":["Lizard Tail","Eternal Feather"],"picked":"Snecko Eye"},{"not_picked":["Orrery","FrozenCore"],"picked":"Pandora\u0027s Box"}],"items_purged_floors":[22,39],"is_endless":false,"potions_floor_spawned":[4,8,16,18,23,42,45,47,48],"ascension_level":18}