{"gold_per_floor":[117,42,42,61,72,72,102,102,179,190,90,90,18,18,18,118,118,138,149,149],"floor_reached":20,"playtime":1333,"items_purged":["Pain","Strike_R"],"score":197,"play_id":"fd915a4c-f1bb-4769-b03e-aa7579bb2063","local_time":"20190527225109","is_ascension_mode":false,"campfire_choices":[{"data":"Pommel Strike","floor":6,"key":"SMITH"},{"data":"Battle Trance","floor":12,"key":"SMITH"},{"data":"Seeing Red","floor":15,"key":"SMITH"}],"neow_cost":"CURSE","seed_source_timestamp":278638995029775,"circlet_count":0,"master_deck":["Strike_R","Strike_R","Strike_R","Defend_R","Defend_R","Defend_R","Defend_R","Bash","Pommel Strike+1","True Grit","Battle Trance+1","Immolate","Seeing Red+1","Immolate","Thunderclap+1"],"relics":["Black Blood","Anchor","Gremlin Horn","Pantograph"],"potions_floor_usage":[16,19],"damage_taken":[{"damage":6,"enemies":"Small Slimes","floor":1,"turns":3},{"damage":1,"enemies":"Cultist","floor":4,"turns":3},{"damage":2,"enemies":"2 Louse","floor":5,"turns":3},{"damage":33,"enemies":"3 Sentries","floor":7,"turns":14},{"damage":0,"enemies":"2 Fungi Beasts","floor":10,"turns":3},{"damage":54,"enemies":"Slime Boss","floor":16,"turns":9},{"damage":2,"enemies":"Spheric Guardian","floor":18,"turns":3},{"damage":14,"enemies":"Shell Parasite","floor":19,"turns":4},{"damage":29,"enemies":"Shelled Parasite and Fungi","floor":20,"turns":5}],"seed_played":"917892898079984824","potions_obtained":[{"floor":7,"key":"Poison Potion"},{"floor":10,"key":"Ancient Potion"},{"floor":16,"key":"Fire Potion"},{"floor":18,"key":"FearPotion"}],"is_trial":false,"path_per_floor":["M","$","?","M","M","R","E","?","T","M","$","R","$","?","R","B",null,"M","M","M"],"character_chosen":"IRONCLAD","items_purchased":["Seeing Red"],"campfire_rested":0,"item_purchase_floors":[13],"current_hp_per_floor":[96,96,96,96,96,96,69,66,66,72,72,72,72,72,72,48,96,96,92,63],"gold":149,"neow_bonus":"TWENTY_PERCENT_HP_BONUS","is_prod":false,"is_daily":false,"chose_seed":false,"campfire_upgraded":3,"win_rate":0,"timestamp":1559011869,"path_taken":["M","$","?","M","?","R","E","?","T","M","$","R","$","?","R","BOSS","M","M","?"],"build_version":"2019-01-23","purchased_purges":2,"victory":false,"max_hp_per_floor":[96,96,96,96,96,96,96,96,96,96,96,96,96,96,96,96,96,96,96,96],"card_choices":[{"not_picked":["Wild Strike","Flex"],"picked":"Pommel Strike","floor":1},{"not_picked":["Combust","Heavy Blade","Power Through"],"picked":"SKIP","floor":4},{"not_picked":["Corruption","Heavy Blade"],"picked":"Battle Trance","floor":5},{"not_picked":["Second Wind","Shrug It Off"],"picked":"Immolate","floor":7},{"not_picked":["Heavy Blade","Cleave","Dropkick"],"picked":"SKIP","floor":10},{"not_picked":["Juggernaut","Reaper"],"picked":"Immolate","floor":16},{"not_picked":["Wild Strike","Disarm"],"picked":"Thunderclap+1","floor":18},{"not_picked":["Perfected Strike","Iron Wave+1","Fire Breathing"],"picked":"SKIP","floor":19}],"player_experience":40240,"relics_obtained":[{"floor":7,"key":"Anchor"},{"floor":9,"key":"Pantograph"}],"event_choices":[{"damage_healed":0,"gold_gain":0,"cards_transformed":["Strike_R"],"player_choice":"Transformed","damage_taken":0,"max_hp_gain":0,"max_hp_loss":0,"event_name":"Transmorgrifier","floor":3,"gold_loss":0,"cards_obtained":["True Grit"]},{"damage_healed":0,"gold_gain":0,"player_choice":"Success","damage_taken":3,"relics_obtained":["Gremlin Horn"],"max_hp_gain":0,"max_hp_loss":0,"event_name":"Scrap Ooze","floor":8,"gold_loss":0},{"damage_healed":0,"gold_gain":0,"player_choice":"Leave","damage_taken":0,"max_hp_gain":0,"max_hp_loss":0,"event_name":"FaceTrader","floor":14,"gold_loss":0}],"is_beta":false,"boss_relics":[{"not_picked":["Pandora\u0027s Box","White Beast Statue"],"picked":"Black Blood"}],"items_purged_floors":[2,11],"is_endless":false,"potions_floor_spawned":[7,10,16,18],"killed_by":"Shelled Parasite and Fungi","ascension_level":0}