{"gold_per_floor":[114,114,133,145,165,165,197,197,279,294,311,311,380,505,505,608,608,626,601,617,667,816,816,866,866,866,883,903,964,1048,1067,1067,1067],"floor_reached":33,"playtime":734,"items_purged":[],"score":276,"play_id":"c6b2d40b-a4ec-4a62-ab6d-6277eff2de26","local_time":"20190102171119","is_ascension_mode":false,"campfire_choices":[{"data":"Armaments","floor":6.0,"key":"SMITH"},{"data":"Whirlwind","floor":8.0,"key":"SMITH"},{"data":"Clothesline","floor":15.0,"key":"SMITH"},{"data":"Immolate","floor":23.0,"key":"SMITH"},{"floor":25.0,"key":"REST"},{"data":"Immolate","floor":32.0,"key":"SMITH"}],"neow_cost":"NONE","seed_source_timestamp":978832353640450,"circlet_count":0,"master_deck":["Strike_R","Strike_R","Strike_R","Strike_R","Defend_R","Defend_R","Defend_R","Defend_R","Bash","Iron Wave","Clothesline+1","Impervious","Whirlwind+1","Armaments+1","Shockwave","Immolate+1","Reaper","Immolate+1","Iron Wave","Evolve","Intimidate+1","Intimidate+1","Inflame","Double Tap"],"special_seed":0,"relics":["Black Blood","Torii","Shuriken","SsserpentHead","Matryoshka","Red Mask"],"potions_floor_usage":[33],"damage_taken":[{"damage":8.0,"enemies":"2 Louse","floor":1.0,"turns":2.0},{"damage":5.0,"enemies":"Cultist","floor":3.0,"turns":4.0},{"damage":3.0,"enemies":"Jaw Worm","floor":4.0,"turns":3.0},{"damage":11.0,"enemies":"2 Fungi Beasts","floor":5.0,"turns":3.0},{"damage":25.0,"enemies":"Gremlin Nob","floor":7.0,"turns":5.0},{"damage":0.0,"enemies":"3 Louse","floor":10.0,"turns":1.0},{"damage":16.0,"enemies":"Exordium Wildlife","floor":11.0,"turns":4.0},{"damage":25.0,"enemies":"Large Slime","floor":13.0,"turns":6.0},{"damage":27.0,"enemies":"Slime Boss","floor":16.0,"turns":9.0},{"damage":11.0,"enemies":"Spheric Guardian","floor":18.0,"turns":5.0},{"damage":0.0,"enemies":"3 Byrds","floor":20.0,"turns":2.0},{"damage":38.0,"enemies":"Shelled Parasite and Fungi","floor":27.0,"turns":6.0},{"damage":3.0,"enemies":"Snake Plant","floor":28.0,"turns":5.0},{"damage":4.0,"enemies":"Chosen and Byrds","floor":29.0,"turns":6.0},{"damage":0.0,"enemies":"Masked Bandits","floor":30.0,"turns":2.0},{"damage":28.0,"enemies":"Shelled Parasite and Fungi","floor":31.0,"turns":6.0},{"damage":92,"enemies":"Automaton","floor":33,"turns":12}],"seed_played":"-762222692554854589","potions_obtained":[{"floor":1.0,"key":"LiquidBronze"},{"floor":4.0,"key":"Fire Potion"},{"floor":5.0,"key":"FearPotion"},{"floor":20.0,"key":"AttackPotion"},{"floor":27.0,"key":"Fire Potion"},{"floor":28.0,"key":"FearPotion"}],"is_trial":false,"path_per_floor":["M","?","M","M","M","M","R","E","R","T","M","M","?","M","?","R","B",null,"M","?","M","?","?","R","?","R","T","M","M","M","?","M","R","B"],"character_chosen":"IRONCLAD","items_purchased":[],"campfire_rested":1,"item_purchase_floors":[],"current_hp_per_floor":[86,86,87,88,83,83,64,64,64,70,60,60,48,37,37,26,88,87,87,88,71,71,71,71,93,93,65,75,89,93,75,75,0],"gold":1067,"neow_bonus":"TEN_PERCENT_HP_BONUS","is_prod":false,"is_daily":false,"chose_seed":false,"campfire_upgraded":5,"win_rate":0,"timestamp":1546445479,"path_taken":["M","?","?","M","M","R","E","R","T","M","M","?","?","?","R","BOSS","M","?","M","?","?","R","?","R","T","M","M","?","?","M","R","BOSS"],"build_version":"2018-12-20","purchased_purges":0,"victory":false,"max_hp_per_floor":[88,88,88,88,88,88,88,88,88,88,88,88,88,88,88,88,88,88,88,88,93,93,93,93,93,93,93,93,93,93,93,93,93],"card_choices":[{"not_picked":["Disarm","Headbutt"],"picked":"Iron Wave","floor":1.0},{"not_picked":["Perfected Strike","Headbutt"],"picked":"Whirlwind","floor":3.0},{"not_picked":["Body Slam","Havoc"],"picked":"Armaments","floor":4.0},{"not_picked":["Cleave","Armaments"],"picked":"Shockwave","floor":5.0},{"not_picked":["Thunderclap","Shrug It Off"],"picked":"Immolate","floor":7.0},{"not_picked":["Thunderclap","Sword Boomerang","Wild Strike"],"picked":"SKIP","floor":10.0},{"not_picked":["Perfected Strike","Power Through"],"picked":"Reaper","floor":11.0},{"not_picked":["Havoc","Warcry","Reckless Charge"],"picked":"SKIP","floor":13.0},{"not_picked":["Reaper","Fiend Fire"],"picked":"Immolate","floor":16.0},{"not_picked":["Havoc","Ghostly Armor"],"picked":"Iron Wave","floor":18.0},{"not_picked":["Hemokinesis","Cleave"],"picked":"Evolve","floor":20.0},{"not_picked":["Twin Strike+1","True Grit"],"picked":"Intimidate+1","floor":27.0},{"not_picked":["Cleave","Heavy Blade"],"picked":"Intimidate+1","floor":28.0},{"not_picked":["Havoc+1","Perfected Strike+1","Warcry+1"],"picked":"SKIP","floor":29.0},{"not_picked":["Seeing Red","Sword Boomerang"],"picked":"Inflame","floor":30.0},{"not_picked":["Iron Wave+1","Infernal Blade"],"picked":"Double Tap","floor":31.0}],"player_experience":563903,"relics_obtained":[{"floor":7.0,"key":"Torii"},{"floor":9.0,"key":"Shuriken"},{"floor":26.0,"key":"Matryoshka"},{"floor":30.0,"key":"Red Mask"}],"event_choices":[{"damage_healed":0.0,"max_hp_gain":0.0,"max_hp_loss":0.0,"gold_gain":0.0,"event_name":"Match and Keep!","player_choice":"2 cards matched","floor":2.0,"gold_loss":0.0,"damage_taken":0.0,"cards_obtained":["Clothesline","Impervious"]},{"damage_healed":0.0,"max_hp_gain":0.0,"max_hp_loss":0.0,"gold_gain":0.0,"event_name":"FaceTrader","player_choice":"Trade","floor":12.0,"gold_loss":0.0,"damage_taken":0.0,"relics_obtained":["SsserpentHead"]},{"damage_healed":0.0,"max_hp_gain":0.0,"max_hp_loss":0.0,"gold_gain":75.0,"event_name":"World of Goop","player_choice":"Gather Gold","floor":14.0,"gold_loss":0.0,"damage_taken":11.0},{"cards_removed":["Strike_R"],"damage_healed":0.0,"max_hp_gain":0.0,"max_hp_loss":0.0,"gold_gain":0.0,"event_name":"Beggar","player_choice":"Gave Gold","floor":19.0,"gold_loss":75.0,"damage_taken":0.0},{"damage_healed":0.0,"max_hp_gain":5.0,"max_hp_loss":0.0,"gold_gain":0.0,"event_name":"Forgotten Altar","player_choice":"Shed Blood","floor":21.0,"gold_loss":0.0,"damage_taken":22.0},{"damage_healed":0.0,"max_hp_gain":0.0,"max_hp_loss":0.0,"gold_gain":99.0,"event_name":"Nest","player_choice":"Stole From Cult","floor":22.0,"gold_loss":0.0,"damage_taken":0.0},{"damage_healed":0.0,"max_hp_gain":0.0,"max_hp_loss":0.0,"gold_gain":0.0,"event_name":"Cursed Tome","player_choice":"Ignored","floor":24.0,"gold_loss":0.0,"damage_taken":0.0},{"damage_healed":0.0,"max_hp_gain":0.0,"max_hp_loss":0.0,"gold_gain":0.0,"event_name":"Masked Bandits","player_choice":"Fought Bandits","floor":30.0,"gold_loss":0.0,"damage_taken":0.0}],"is_beta":false,"boss_relics":[{"not_picked":["Empty Cage","Velvet Choker"],"picked":"Black Blood"}],"items_purged_floors":[],"is_endless":false,"potions_floor_spawned":[1,4,5,10,20,27,28],"killed_by":"Automaton","ascension_level":0}