{"gold_per_floor":[119,269,285,304,229,229,262,262,262,50,50,62,62,75,75,149,149,162,11,41,56,67,67,67,67,67,67],"floor_reached":27,"playtime":1065,"items_purged":["Doubt","Strike_R"],"score":380,"play_id":"eb8ac2a5-652b-42df-bc51-d0b0cc3fa7e7","local_time":"20190608172137","is_ascension_mode":true,"campfire_choices":[{"data":"Bash","floor":6,"key":"SMITH"},{"data":"Limit Break","floor":8,"key":"SMITH"},{"data":"Apotheosis","floor":11,"key":"SMITH"},{"floor":13,"key":"REST"},{"data":"Anger","floor":15,"key":"SMITH"},{"data":"True Grit","floor":23,"key":"SMITH"},{"floor":25,"key":"REST"}],"neow_cost":"PERCENT_DAMAGE","seed_source_timestamp":131707994485500,"circlet_count":0,"master_deck":["AscendersBane","Strike_R","Strike_R","Strike_R","Strike_R","Defend_R","Defend_R","Defend_R","Defend_R","Bash+1","Anger+1","Headbutt","Metallicize","Limit Break+1","Apotheosis+1","Shrug It Off","Whirlwind+1","Bludgeon+1","True Grit+1","Anger+1","Clothesline+1","Feel No Pain"],"relics":["Burning Blood","Molten Egg 2","Bottled Lightning","Mark of Pain","Tiny Chest","Mercury Hourglass","Bottled Flame"],"potions_floor_usage":[7,7,16,27],"damage_taken":[{"damage":7,"enemies":"Jaw Worm","floor":1,"turns":4},{"damage":10,"enemies":"Small Slimes","floor":3,"turns":3},{"damage":0,"enemies":"Cultist","floor":4,"turns":2},{"damage":14,"enemies":"3 Sentries","floor":7,"turns":11},{"damage":16,"enemies":"Exordium Wildlife","floor":12,"turns":5},{"damage":1,"enemies":"2 Fungi Beasts","floor":14,"turns":4},{"damage":37,"enemies":"Hexaghost","floor":16,"turns":10},{"damage":33,"enemies":"2 Thieves","floor":18,"turns":3},{"damage":7,"enemies":"Spheric Guardian","floor":21,"turns":4},{"damage":29,"enemies":"Snake Plant","floor":22,"turns":5},{"damage":56,"enemies":"Gremlin Leader","floor":27,"turns":7}],"seed_played":"3826439489913824879","potions_obtained":[{"floor":1,"key":"Energy Potion"},{"floor":3,"key":"EssenceOfSteel"},{"floor":14,"key":"LiquidBronze"},{"floor":16,"key":"SpeedPotion"},{"floor":18,"key":"Dexterity Potion"}],"is_trial":false,"path_per_floor":["M","?","M","M","$","R","E","R","T","$","R","M","R","M","R","B",null,"M","$","?","M","M","R","T","R","T","E"],"character_chosen":"IRONCLAD","items_purchased":["Apotheosis","Anger+1"],"campfire_rested":2,"item_purchase_floors":[10,19],"current_hp_per_floor":[63,63,59,65,65,65,57,57,57,57,57,47,73,78,78,47,79,52,52,52,51,28,28,28,54,54,0],"gold":67,"neow_bonus":"TWENTY_PERCENT_HP_BONUS","is_prod":false,"is_daily":false,"chose_seed":false,"campfire_upgraded":5,"win_rate":0,"timestamp":1560007297,"path_taken":["M","?","M","M","$","R","E","R","T","$","R","M","R","M","R","BOSS","M","$","?","?","M","R","?","R","T","E"],"build_version":"2019-01-23","purchased_purges":2,"victory":false,"max_hp_per_floor":[89,89,89,89,89,89,89,89,89,89,89,89,89,89,89,89,89,89,89,89,89,89,89,89,89,89,89],"card_choices":[{"not_picked":["Battle Trance","Thunderclap"],"picked":"Anger","floor":1},{"not_picked":["Wild Strike","Sword Boomerang"],"picked":"Headbutt","floor":3},{"not_picked":["Entrench","Flex"],"picked":"Metallicize","floor":4},{"not_picked":["Thunderclap","Dual Wield"],"picked":"Limit Break","floor":7},{"not_picked":["Perfected Strike+1","Warcry"],"picked":"Shrug It Off","floor":12},{"not_picked":["Clash+1","Battle Trance"],"picked":"Whirlwind+1","floor":14},{"not_picked":["Brutality","Impervious"],"picked":"Bludgeon+1","floor":16},{"not_picked":["Shrug It Off","Havoc"],"picked":"True Grit","floor":18},{"not_picked":["Searing Blow+1","Entrench+1"],"picked":"Clothesline+1","floor":21},{"not_picked":["Whirlwind+1","Shockwave"],"picked":"Feel No Pain","floor":22}],"player_experience":1225018,"relics_obtained":[{"floor":7,"key":"Molten Egg 2"},{"floor":9,"key":"Bottled Lightning"},{"floor":24,"key":"Mercury Hourglass"},{"floor":26,"key":"Bottled Flame"}],"event_choices":[{"damage_healed":0,"gold_gain":150,"player_choice":"AGREE","damage_taken":0,"max_hp_gain":0,"max_hp_loss":0,"event_name":"Liars Game","floor":2,"gold_loss":0,"cards_obtained":["Doubt"]},{"damage_healed":0,"gold_gain":0,"player_choice":"Gave Potion","damage_taken":0,"relics_obtained":["Tiny Chest"],"max_hp_gain":0,"max_hp_loss":0,"event_name":"WeMeetAgain","floor":20,"gold_loss":0}],"is_beta":false,"boss_relics":[{"not_picked":["Runic Cube","Runic Dome"],"picked":"Mark of Pain"}],"items_purged_floors":[5,19],"is_endless":false,"potions_floor_spawned":[1,3,14,16,18],"killed_by":"Gremlin Leader","ascension_level":16}