{"path_per_floor":["M","M","?","M","$","E","R","M","T","?","M","?","R","M","R"],"character_chosen":"THE_SILENT","items_purchased":["Pen Nib","Backflip"],"gold_per_floor":[110,129,204,223,23,52,52,64,88,88,106,106,106,117,117,117],"floor_reached":16,"campfire_rested":2,"playtime":841,"current_hp_per_floor":[69,68,57,57,57,26,26,12,12,12,14,2,23,21,42,0],"items_purged":[],"gold":117,"score":102,"play_id":"5d8d3a8c-bd8e-4ec9-8bbf-7a97a8d2a555","local_time":"20180505114853","is_prod":false,"is_daily":false,"chose_seed":false,"is_ascension_mode":false,"campfire_upgraded":1,"timestamp":1525517333,"path_taken":["M","M","?","M","?","E","R","M","T","?","?","?","R","M","R","BOSS"],"build_version":"2018-05-03","seed_source_timestamp":62716820933333,"purchased_purges":0,"victory":false,"master_deck":["Defend_G","Defend_G","Defend_G","Defend_G","Defend_G","Strike_G","Strike_G","Strike_G","Strike_G","Strike_G","Survivor","Neutralize+1","Doppelganger","Bane","Dagger Spray","Dagger Throw","Backflip","Poisoned Stab","Prepared","Bane"],"max_hp_per_floor":[70,70,70,70,70,70,70,70,70,70,72,72,72,72,72,72],"relics":["Ring of the Snake","Pen Nib","Omamori","Singing Bowl","Art of War"],"card_choices":[{"not_picked":["Escape Plan","PiercingWail"],"picked":"Bane","floor":1},{"not_picked":["Dodge and Roll","PiercingWail"],"picked":"Dagger Spray","floor":2},{"not_picked":["Acrobatics","Bane"],"picked":"Dagger Throw","floor":4},{"not_picked":["Setup","Deflect"],"picked":"Poisoned Stab","floor":6},{"not_picked":["Bane","Outmaneuver"],"picked":"Prepared","floor":8},{"not_picked":["Flechettes","PiercingWail"],"picked":"Bane","floor":14}],"player_experience":275299,"potions_floor_usage":[6,16],"damage_taken":[{"damage":1,"enemies":"2 Louse","floor":1,"turns":4},{"damage":1,"enemies":"Jaw Worm","floor":2,"turns":5},{"damage":0,"enemies":"Small Slimes","floor":4,"turns":3},{"damage":31,"enemies":"Lagavulin","floor":6,"turns":4},{"damage":14,"enemies":"Exordium Thugs","floor":8,"turns":5},{"damage":0,"enemies":"Large Slime","floor":11,"turns":3},{"damage":2,"enemies":"Blue Slaver","floor":14,"turns":4},{"damage":42,"enemies":"Hexaghost","floor":16,"turns":9}],"event_choices":[{"event_name":"World of Goop","player_choice":"Gather Gold","floor":3,"damage_taken":0},{"event_name":"Golden Wing","player_choice":"Ignored","floor":10,"damage_taken":0},{"event_name":"Scrap Ooze","player_choice":"success","floor":12,"damage_taken":12}],"boss_relics":[],"potions_floor_spawned":[2,14],"seed_played":"7670565140182779028","killed_by":"Hexaghost","ascension_level":0,"is_trial":false}