{"gold_per_floor":[359,359,115,115,132,132,150,150,150,185,135,35,35,35,35,35],"floor_reached":16,"playtime":456,"items_purged":["Pain","Strike_R"],"score":154,"play_id":"e28f3aa5-9ae8-4ec4-b5db-108a5207a6e7","local_time":"20190923172551","is_ascension_mode":true,"campfire_choices":[{"floor":6,"key":"REST"},{"data":"Mayhem","floor":8,"key":"SMITH"},{"floor":15,"key":"REST"}],"neow_cost":"CURSE","seed_source_timestamp":1066891085063962,"circlet_count":0,"master_deck":["AscendersBane","Strike_R","Strike_R","Strike_R","Defend_R","Defend_R","Defend_R","Defend_R","Bash","Mayhem+1","Shrug It Off","Ghostly Armor","Iron Wave"],"relics":["Burning Blood","Kunai","Pen Nib","Dream Catcher","Bag of Marbles"],"potions_floor_usage":[10],"damage_taken":[{"damage":21,"enemies":"Small Slimes","floor":1,"turns":4},{"damage":0,"enemies":"Cultist","floor":5,"turns":3},{"damage":0,"enemies":"2 Louse","floor":7,"turns":4},{"damage":47,"enemies":"3 Sentries","floor":10,"turns":11},{"damage":47,"enemies":"Hexaghost","floor":16,"turns":9}],"seed_played":"2291074166695472450","potions_obtained":[{"floor":1,"key":"Explosive Potion"},{"floor":5,"key":"SpeedPotion"}],"is_trial":false,"path_per_floor":["M","?","$","?","M","R","M","R","T","E","?","$","?","$","R","B"],"character_chosen":"IRONCLAD","items_purchased":["Mayhem"],"campfire_rested":2,"item_purchase_floors":[3],"current_hp_per_floor":[57,57,57,24,30,54,60,60,60,19,19,19,19,19,43,0],"gold":35,"neow_bonus":"TWO_FIFTY_GOLD","is_prod":false,"is_daily":false,"chose_seed":false,"campfire_upgraded":1,"win_rate":0,"timestamp":1569273951,"path_taken":["M","?","$","?","M","R","M","R","T","E","?","$","?","$","R","BOSS"],"build_version":"2019-09-23","purchased_purges":2,"victory":false,"max_hp_per_floor":[80,80,80,80,80,80,80,80,80,80,80,80,80,80,80,80],"card_choices":[{"not_picked":["Havoc","Rupture","Body Slam"],"picked":"SKIP","floor":1},{"not_picked":["Intimidate","Clash"],"picked":"Shrug It Off","floor":5},{"not_picked":["Bloodletting","Headbutt"],"picked":"Ghostly Armor","floor":7},{"not_picked":["Sword Boomerang","Havoc","Clash"],"picked":"SKIP","floor":10},{"not_picked":["Heavy Blade","Pummel"],"picked":"Iron Wave","floor":15}],"player_experience":425385,"relics_obtained":[{"floor":9,"key":"Pen Nib"},{"floor":10,"key":"Dream Catcher"}],"event_choices":[{"damage_healed":0,"gold_gain":0,"player_choice":"Ignored","damage_taken":0,"max_hp_gain":0,"max_hp_loss":0,"event_name":"Shining Light","floor":2,"gold_loss":0},{"damage_healed":0,"gold_gain":0,"player_choice":"Success","damage_taken":33,"relics_obtained":["Kunai"],"max_hp_gain":0,"max_hp_loss":0,"event_name":"Scrap Ooze","floor":4,"gold_loss":0},{"cards_removed":["Strike_R"],"damage_healed":0,"gold_gain":0,"player_choice":"Card Removal","damage_taken":0,"max_hp_gain":0,"max_hp_loss":0,"event_name":"The Cleric","floor":11,"gold_loss":50},{"damage_healed":0,"gold_gain":0,"player_choice":"Gave Potion","damage_taken":0,"relics_obtained":["Bag of Marbles"],"max_hp_gain":0,"max_hp_loss":0,"event_name":"WeMeetAgain","floor":13,"gold_loss":0}],"is_beta":true,"boss_relics":[],"items_purged_floors":[3,12],"is_endless":false,"potions_floor_spawned":[1,5],"killed_by":"Hexaghost","ascension_level":12}