{"gold_per_floor":[112,112,112,131,147,147,1,1,1,22,22,43,43,59,59,187,187,211,211,111,36,52,52,65,65,65,65,88,102,102,102,102,202,202,222,27,27,0,0,10,23,23,73,93,109,109,27,44,44,44],"floor_reached":50,"playtime":4008,"items_purged":["Injury","Defend_R","Normality"],"score":507,"play_id":"fca8ca37-31b0-4439-b1c8-934112a572f8","local_time":"20190528200800","is_ascension_mode":true,"campfire_choices":[{"data":"Limit Break","floor":6,"key":"SMITH"},{"data":"Flex","floor":8,"key":"SMITH"},{"data":"Armaments","floor":11,"key":"SMITH"},{"data":"Flex","floor":15,"key":"SMITH"},{"data":"Inflame","floor":23,"key":"SMITH"},{"data":"Demon Form","floor":25,"key":"SMITH"},{"data":"Shrug It Off","floor":30,"key":"SMITH"},{"data":"Ghostly Armor","floor":32,"key":"SMITH"},{"floor":46,"key":"REST"},{"floor":49,"key":"REST"}],"neow_cost":"CURSE","seed_source_timestamp":352575385917504,"circlet_count":0,"master_deck":["Defend_R","Defend_R+1","Bash","Limit Break+1","Ghostly Armor+1","Flex+1","Pommel Strike","Armaments+1","Flex+1","Demon Form+1","Inflame+1","Bite","Bite","Bite","Bite","Bite","Immolate","Shrug It Off+1","Immolate","Spot Weakness","Battle Trance","Bandage Up","Flame Barrier+1","Parasite","Pommel Strike+1","Anger+1","Inflame+1","Ghostly Armor+1","Infernal Blade"],"relics":["Burning Blood","Bloody Idol","Matryoshka","Cursed Key","Sundial","Frozen Egg 2","Fusion Hammer","Red Mask","Dream Catcher","War Paint"],"potions_floor_usage":[16,16,18,22,24,50,50],"damage_taken":[{"damage":6,"enemies":"Cultist","floor":1,"turns":3},{"damage":5,"enemies":"Jaw Worm","floor":4,"turns":7},{"damage":2,"enemies":"2 Louse","floor":5,"turns":2},{"damage":5,"enemies":"Looter","floor":10,"turns":2},{"damage":0,"enemies":"2 Fungi Beasts","floor":12,"turns":2},{"damage":0,"enemies":"3 Louse","floor":14,"turns":4},{"damage":81,"enemies":"Slime Boss","floor":16,"turns":24},{"damage":27,"enemies":"Chosen","floor":18,"turns":5},{"damage":46,"enemies":"3 Byrds","floor":22,"turns":8},{"damage":6,"enemies":"Cultist and Chosen","floor":24,"turns":4},{"damage":12,"enemies":"Snake Plant","floor":28,"turns":4},{"damage":7,"enemies":"Centurion and Healer","floor":29,"turns":6},{"damage":41,"enemies":"Champ","floor":33,"turns":7},{"damage":11,"enemies":"3 Shapes","floor":35,"turns":3},{"damage":2,"enemies":"Orb Walker","floor":40,"turns":3},{"damage":14,"enemies":"4 Shapes","floor":41,"turns":5},{"damage":0,"enemies":"Spire Growth","floor":44,"turns":4},{"damage":5,"enemies":"Transient","floor":45,"turns":5},{"damage":29,"enemies":"4 Shapes","floor":48,"turns":3},{"damage":91,"enemies":"Time Eater","floor":50,"turns":6}],"seed_played":"-7937768958848871275","potions_obtained":[{"floor":5,"key":"SkillPotion"},{"floor":12,"key":"Fire Potion"},{"floor":16,"key":"PowerPotion"},{"floor":18,"key":"BloodPotion"},{"floor":22,"key":"Ancient Potion"},{"floor":44,"key":"LiquidBronze"},{"floor":48,"key":"Dexterity Potion"}],"is_trial":false,"path_per_floor":["M","?","?","M","M","R","$","R","T","M","R","M","?","M","R","B",null,"M","?","$","?","M","R","M","R","T","?","M","M","R","?","R","B",null,"M","$","?","?","?","M","M","?","T","M","M","R","$","M","R","B"],"character_chosen":"IRONCLAD","items_purchased":["Flex","Pommel Strike","Battle Trance","Inflame+1"],"campfire_rested":2,"item_purchase_floors":[7,7,36,47],"current_hp_per_floor":[80,85,64,65,69,69,69,69,69,70,70,76,76,82,82,7,85,64,59,59,59,43,43,51,51,51,51,54,59,59,59,59,43,59,59,59,59,59,56,56,56,56,56,56,56,56,56,44,56,0],"gold":44,"neow_bonus":"THREE_RARE_CARDS","is_prod":false,"is_daily":false,"chose_seed":false,"campfire_upgraded":8,"win_rate":0,"timestamp":1559088480,"path_taken":["M","?","?","M","M","R","$","R","T","M","R","M","?","M","R","BOSS","M","?","$","?","M","R","M","R","T","?","M","?","R","?","R","BOSS","M","$","?","?","?","M","M","?","T","?","M","R","?","M","R","BOSS"],"build_version":"2019-01-23","purchased_purges":3,"victory":false,"max_hp_per_floor":[80,85,85,85,85,85,85,85,85,85,85,85,85,85,85,85,85,85,59,59,59,59,59,59,59,59,59,59,59,59,59,59,59,59,59,59,59,59,56,56,56,56,56,56,56,56,56,56,56,56],"card_choices":[{"not_picked":["Impervious","Juggernaut"],"picked":"Limit Break","floor":0},{"not_picked":["Warcry","Reckless Charge","Power Through"],"picked":"SKIP","floor":1},{"not_picked":["Clash","Wild Strike","Blood for Blood"],"picked":"SKIP","floor":4},{"not_picked":["Disarm","Perfected Strike"],"picked":"Ghostly Armor","floor":5},{"not_picked":["Clothesline","Havoc"],"picked":"Armaments","floor":10},{"not_picked":["Havoc","Thunderclap","Second Wind"],"picked":"SKIP","floor":12},{"not_picked":["Warcry","Dual Wield"],"picked":"Flex","floor":14},{"not_picked":["Feed","Reaper"],"picked":"Demon Form","floor":16},{"not_picked":["Iron Wave","Thunderclap+1"],"picked":"Inflame","floor":18},{"not_picked":["Clothesline+1","Havoc+1","Twin Strike+1"],"picked":"SKIP","floor":22},{"not_picked":["Cleave","Blood for Blood"],"picked":"Immolate","floor":24},{"not_picked":["Body Slam","Searing Blow","Havoc"],"picked":"SKIP","floor":28},{"not_picked":["Flex+1","Twin Strike"],"picked":"Shrug It Off","floor":29},{"not_picked":["Berserk+1","Exhume"],"picked":"Immolate","floor":33},{"not_picked":["Bloodletting","Headbutt"],"picked":"Spot Weakness","floor":35},{"not_picked":["Panache+1","Good Instincts"],"picked":"Bandage Up","floor":37},{"not_picked":["Blood for Blood","Pommel Strike+1"],"picked":"Flame Barrier","floor":40},{"not_picked":["Evolve+1","Rage+1"],"picked":"Heavy Blade","floor":41},{"not_picked":["Havoc+1","Carnage"],"picked":"Pommel Strike+1","floor":44},{"not_picked":["Thunderclap+1","Cleave"],"picked":"Anger+1","floor":45},{"not_picked":["Sentinel","Thunderclap"],"picked":"Ghostly Armor+1","floor":48},{"not_picked":["Dual Wield+1","Corruption+1"],"picked":"Infernal Blade","floor":49}],"player_experience":45091,"relics_obtained":[{"floor":9,"key":"Matryoshka"},{"floor":26,"key":"Sundial"},{"floor":26,"key":"Frozen Egg 2"},{"floor":43,"key":"Dream Catcher"},{"floor":43,"key":"War Paint"}],"event_choices":[{"damage_healed":0,"gold_gain":0,"player_choice":"Donut","damage_taken":0,"max_hp_gain":5,"max_hp_loss":0,"event_name":"Big Fish","floor":2,"gold_loss":0},{"damage_healed":0,"gold_gain":0,"player_choice":"Take Damage","damage_taken":21,"relics_obtained":["Golden Idol"],"max_hp_gain":0,"max_hp_loss":0,"event_name":"Golden Idol","floor":3,"gold_loss":0},{"cards_removed":["Strike_R"],"damage_healed":0,"gold_gain":0,"player_choice":"Forget","damage_taken":0,"max_hp_gain":0,"max_hp_loss":0,"event_name":"Living Wall","floor":13,"gold_loss":0},{"damage_healed":0,"gold_gain":0,"player_choice":"Became a vampire","damage_taken":0,"max_hp_gain":0,"max_hp_loss":26,"event_name":"Vampires","floor":19,"gold_loss":0,"cards_obtained":["Bite","Bite","Bite","Bite","Bite"]},{"cards_removed":["Defend_R"],"damage_healed":0,"gold_gain":0,"player_choice":"Gave Gold","damage_taken":0,"max_hp_gain":0,"max_hp_loss":0,"event_name":"Beggar","floor":21,"gold_loss":75},{"damage_healed":0,"gold_gain":0,"player_choice":"Ignored","damage_taken":0,"max_hp_gain":0,"max_hp_loss":0,"event_name":"Cursed Tome","floor":27,"gold_loss":0},{"damage_healed":0,"gold_gain":0,"player_choice":"Gave Idol","damage_taken":0,"relics_obtained":["Bloody Idol"],"max_hp_gain":0,"max_hp_loss":0,"event_name":"Forgotten Altar","floor":31,"relics_lost":["Golden Idol"],"gold_loss":0},{"damage_healed":0,"gold_gain":0,"player_choice":"Memory 1","damage_taken":0,"max_hp_gain":0,"max_hp_loss":0,"event_name":"SensoryStone","floor":37,"gold_loss":0},{"damage_healed":0,"gold_gain":0,"player_choice":"Paid","damage_taken":0,"relics_obtained":["Red Mask"],"max_hp_gain":0,"max_hp_loss":0,"event_name":"Tomb of Lord Red Mask","floor":38,"gold_loss":27},{"damage_healed":0,"gold_gain":0,"player_choice":"Max HP","damage_taken":0,"max_hp_gain":0,"max_hp_loss":3,"event_name":"Winding Halls","floor":39,"gold_loss":0},{"cards_removed":["Heavy Blade"],"damage_healed":0,"gold_gain":0,"player_choice":"Removed Attack","damage_taken":0,"max_hp_gain":0,"max_hp_loss":0,"event_name":"Falling","floor":42,"gold_loss":0}],"is_beta":false,"boss_relics":[{"not_picked":["Snecko Eye","Black Blood"],"picked":"Cursed Key"},{"not_picked":["Mark of Pain","Lizard Tail"],"picked":"Fusion Hammer"}],"items_purged_floors":[7,20,36],"is_endless":false,"potions_floor_spawned":[5,12,16,18,22,44,48],"killed_by":"Time Eater","ascension_level":1}