{"gold_per_floor":[116,116,391,408,418,445,445,455,482,502,502,518,530,530],"floor_reached":14,"playtime":330,"items_purged":[],"score":188,"play_id":"d6a6a030-95b5-4f63-81b9-acaf7d78242e","local_time":"20190322212625","is_ascension_mode":true,"campfire_choices":[{"data":"Darkness","floor":7.0,"key":"SMITH"},{"floor":11.0,"key":"REST"}],"neow_cost":"NONE","seed_source_timestamp":471938363210572,"circlet_count":0,"master_deck":["AscendersBane","Strike_B","Strike_B","Strike_B","Defend_B","Defend_B","Defend_B","Defend_B","Zap","Dualcast","Rebound","Regret","Ball Lightning","Darkness+1","Ball Lightning","Conserve Battery","Echo Form","Conserve Battery","Capacitor"],"special_seed":0,"relics":["Cracked Core","NeowsBlessing","Boot","Omamori"],"potions_floor_usage":[13],"damage_taken":[{"damage":0.0,"enemies":"2 Louse","floor":1.0,"turns":1.0},{"damage":0.0,"enemies":"Cultist","floor":4.0,"turns":1.0},{"damage":0.0,"enemies":"Jaw Worm","floor":5.0,"turns":1.0},{"damage":19.0,"enemies":"Lagavulin","floor":6.0,"turns":4.0},{"damage":9.0,"enemies":"Exordium Thugs","floor":8.0,"turns":4.0},{"damage":17.0,"enemies":"Lots of Slimes","floor":10.0,"turns":3.0},{"damage":2.0,"enemies":"2 Fungi Beasts","floor":12.0,"turns":3.0},{"damage":11,"enemies":"Looter","floor":13,"turns":2},{"damage":22,"enemies":"3 Sentries","floor":14,"turns":3}],"seed_played":"2966031556904977501","potions_obtained":[{"floor":1.0,"key":"SkillPotion"},{"floor":5.0,"key":"FearPotion"},{"floor":10.0,"key":"PowerPotion"},{"floor":12.0,"key":"EssenceOfSteel"}],"is_trial":false,"path_per_floor":["M","?","?","M","M","E","R","M","T","M","R","M","M","E"],"character_chosen":"DEFECT","items_purchased":[],"campfire_rested":1,"item_purchase_floors":[],"current_hp_per_floor":[64,57,57,57,57,38,38,29,29,12,33,31,20,0],"gold":530,"neow_bonus":"THREE_ENEMY_KILL","is_prod":false,"is_daily":false,"chose_seed":false,"campfire_upgraded":1,"win_rate":0,"timestamp":1553286385,"path_taken":["M","?","?","?","M","E","R","M","T","M","R","M","?","E"],"build_version":"2019-01-23","purchased_purges":0,"victory":false,"max_hp_per_floor":[71,71,71,71,71,71,71,71,71,71,71,71,71,71],"card_choices":[{"not_picked":["Steam Power","Double Energy"],"picked":"Rebound","floor":1.0},{"not_picked":["Recycle","Go for the Eyes"],"picked":"Ball Lightning","floor":4.0},{"not_picked":["Scrape","Gash"],"picked":"Darkness","floor":5.0},{"not_picked":["Melter","Barrage"],"picked":"Ball Lightning","floor":6.0},{"not_picked":["Sweeping Beam","Redo"],"picked":"Conserve Battery","floor":8.0},{"not_picked":["Hologram","Turbo"],"picked":"Echo Form","floor":10.0},{"not_picked":["Beam Cell","Leap"],"picked":"Conserve Battery","floor":12.0},{"not_picked":["Redo","Conserve Battery"],"picked":"Capacitor","floor":13}],"player_experience":731476,"relics_obtained":[{"floor":6.0,"key":"Boot"},{"floor":9.0,"key":"Omamori"}],"event_choices":[{"cards_removed":["Strike_B"],"damage_healed":0.0,"max_hp_gain":0.0,"max_hp_loss":0.0,"gold_gain":0.0,"event_name":"Golden Wing","player_choice":"Card Removal","floor":2.0,"gold_loss":0.0,"damage_taken":7.0},{"damage_healed":0.0,"max_hp_gain":0.0,"max_hp_loss":0.0,"gold_gain":275.0,"event_name":"Golden Shrine","player_choice":"Desecrate","floor":3.0,"gold_loss":0.0,"damage_taken":0.0,"cards_obtained":["Regret"]}],"is_beta":false,"boss_relics":[],"items_purged_floors":[],"is_endless":false,"potions_floor_spawned":[1,5,10,12],"killed_by":"3 Sentries","ascension_level":20}