{"gold_per_floor":[113,113,113,113,188,222,222,240,240,240,252,280,41,56,56,56],"floor_reached":16,"playtime":420,"items_purged":["Strike_G"],"score":239,"play_id":"62d69633-c9a3-4642-8edf-1faf08cf78f8","local_time":"20190620125354","is_ascension_mode":true,"campfire_choices":[{"data":"Neutralize","floor":7,"key":"SMITH"},{"data":"Dash","floor":10,"key":"SMITH"},{"data":"Footwork","floor":15,"key":"SMITH"}],"neow_cost":"NONE","seed_source_timestamp":218709625180400,"circlet_count":0,"master_deck":["AscendersBane","Defend_G","Defend_G","Defend_G","Defend_G","Defend_G","Strike_G","Strike_G","Strike_G","Survivor","Neutralize+1","Escape Plan","Prepared","Dash+1","Deflect","Footwork+1","Backstab","Cloak And Dagger"],"relics":["Ring of the Snake","NeowsBlessing","Singing Bowl","Sundial","Darkstone Periapt","Oddly Smooth Stone"],"potions_floor_usage":[12,16,16],"damage_taken":[{"damage":0,"enemies":"Small Slimes","floor":1,"turns":1},{"damage":0,"enemies":"Gremlin Nob","floor":6,"turns":1},{"damage":0,"enemies":"Jaw Worm","floor":8,"turns":1},{"damage":0,"enemies":"2 Louse","floor":11,"turns":3},{"damage":21,"enemies":"Lagavulin","floor":12,"turns":11},{"damage":0,"enemies":"2 Fungi Beasts","floor":14,"turns":5},{"damage":34,"enemies":"Hexaghost","floor":16,"turns":19}],"seed_played":"229365904843561759","potions_obtained":[{"floor":1,"key":"Weak Potion"},{"floor":11,"key":"SneckoOil"},{"floor":12,"key":"Block Potion"},{"floor":14,"key":"Dexterity Potion"}],"is_trial":false,"path_per_floor":["M","?","?","$","?","E","R","M","T","R","M","E","$","M","R","B"],"character_chosen":"THE_SILENT","items_purchased":["Oddly Smooth Stone"],"campfire_rested":0,"item_purchase_floors":[13],"current_hp_per_floor":[59,64,64,64,53,53,53,53,53,53,53,32,32,32,32,0],"gold":56,"neow_bonus":"THREE_ENEMY_KILL","is_prod":false,"is_daily":false,"chose_seed":false,"campfire_upgraded":3,"win_rate":0,"timestamp":1561028034,"path_taken":["M","?","?","$","?","E","R","?","T","R","M","E","$","M","R","BOSS"],"build_version":"2019-01-23","purchased_purges":1,"victory":false,"max_hp_per_floor":[66,71,71,71,71,71,71,71,71,71,71,71,71,71,71,71],"card_choices":[{"not_picked":["All Out Attack","Bane"],"picked":"Escape Plan","floor":1},{"not_picked":["Distraction","Leg Sweep"],"picked":"Dash","floor":6},{"not_picked":["Outmaneuver","Expertise"],"picked":"Deflect","floor":8},{"not_picked":["Cloak And Dagger","Well Laid Plans"],"picked":"Footwork","floor":11},{"not_picked":["Slice","Masterful Stab"],"picked":"Backstab","floor":12},{"not_picked":["Prepared","Accuracy"],"picked":"Cloak And Dagger","floor":14}],"player_experience":1417936,"relics_obtained":[{"floor":6,"key":"Singing Bowl"},{"floor":9,"key":"Sundial"},{"floor":12,"key":"Darkstone Periapt"}],"event_choices":[{"damage_healed":0,"gold_gain":0,"player_choice":"Donut","damage_taken":0,"max_hp_gain":5,"max_hp_loss":0,"event_name":"Big Fish","floor":2,"gold_loss":0},{"damage_healed":0,"gold_gain":0,"cards_transformed":["Strike_G"],"player_choice":"Change","damage_taken":0,"max_hp_gain":0,"max_hp_loss":0,"event_name":"Living Wall","floor":3,"gold_loss":0,"cards_obtained":["Prepared"]},{"damage_healed":0,"gold_gain":75,"player_choice":"Gather Gold","damage_taken":11,"max_hp_gain":0,"max_hp_loss":0,"event_name":"World of Goop","floor":5,"gold_loss":0}],"is_beta":false,"boss_relics":[],"items_purged_floors":[13],"is_endless":false,"potions_floor_spawned":[1,11,12,14],"killed_by":"Hexaghost","ascension_level":16}