{"gold_per_floor":[118,137,137,62,81,81,115,129,154,172,38,38,57,73,73,147,147,163,183,58,72,72],"floor_reached":22,"playtime":1048,"items_purged":["Strike_R","Strike_R","Strike_R"],"score":333,"play_id":"ac6ff0d8-8ed9-4e77-b95e-95a683883902","local_time":"20191001110026","is_ascension_mode":true,"campfire_choices":[{"data":"Double Tap","floor":6.0,"key":"SMITH"},{"data":"Battle Trance","floor":12.0,"key":"SMITH"},{"data":"Shockwave","floor":15.0,"key":"SMITH"}],"neow_cost":"NONE","seed_source_timestamp":35837226179955,"circlet_count":0,"master_deck":["AscendersBane","Strike_R","Strike_R","Defend_R","Defend_R","Defend_R","Defend_R","Bash","Cleave","Double Tap+1","Battle Trance+1","Ghostly Armor","Shockwave+1","Barricade","Rampage","Shrug It Off"],"special_seed":0,"relics":["Burning Blood","Orichalcum","Pen Nib","Bag of Marbles","Calling Bell","Boot","Question Card","Incense Burner"],"potions_floor_usage":[],"damage_taken":[{"damage":4.0,"enemies":"Small Slimes","floor":1.0,"turns":4.0},{"damage":0.0,"enemies":"Cultist","floor":2.0,"turns":3.0},{"damage":7.0,"enemies":"2 Louse","floor":5.0,"turns":3.0},{"damage":22.0,"enemies":"Gremlin Nob","floor":7.0,"turns":5.0},{"damage":4.0,"enemies":"Blue Slaver","floor":8.0,"turns":5.0},{"damage":4.0,"enemies":"2 Fungi Beasts","floor":10.0,"turns":4.0},{"damage":3.0,"enemies":"Looter","floor":13.0,"turns":4.0},{"damage":3.0,"enemies":"Blue Slaver","floor":14.0,"turns":3.0},{"damage":41.0,"enemies":"Slime Boss","floor":16.0,"turns":9.0},{"damage":42.0,"enemies":"Chosen","floor":18.0,"turns":11.0},{"damage":11.0,"enemies":"3 Byrds","floor":19.0,"turns":6.0},{"damage":18.0,"enemies":"Sentry and Sphere","floor":21.0,"turns":4.0},{"damage":25,"enemies":"Cultist and Chosen","floor":22,"turns":10}],"seed_played":"-2911155109078881505","potions_obtained":[{"floor":5.0,"key":"Dexterity Potion"},{"floor":7.0,"key":"SkillPotion"},{"floor":16.0,"key":"Strength Potion"}],"is_trial":false,"path_per_floor":["M","M","?","$","M","R","E","M","T","M","$","R","M","M","R","B",null,"M","M","$","M","M"],"character_chosen":"IRONCLAD","items_purchased":["Shockwave"],"campfire_rested":0,"item_purchase_floors":[11],"current_hp_per_floor":[70,75,71,71,70,70,54,56,56,58,58,58,61,64,64,29,64,28,23,23,11,0],"gold":72,"neow_bonus":"RANDOM_COMMON_RELIC","is_prod":false,"is_daily":false,"chose_seed":false,"campfire_upgraded":3,"win_rate":0,"timestamp":1569952826,"path_taken":["M","M","?","$","M","R","E","M","T","M","$","R","?","M","R","BOSS","M","M","$","M","M"],"build_version":"2019-07-17","purchased_purges":3,"victory":false,"max_hp_per_floor":[75,75,75,75,75,75,75,75,75,75,75,75,75,75,75,75,75,75,75,75,75,75],"card_choices":[{"not_picked":["True Grit","Havoc"],"picked":"Cleave","floor":1.0},{"not_picked":["Blood for Blood","Sword Boomerang","Iron Wave"],"picked":"SKIP","floor":2.0},{"not_picked":["Thunderclap","Sever Soul"],"picked":"Double Tap","floor":5.0},{"not_picked":["Sever Soul","Shockwave"],"picked":"Battle Trance","floor":7.0},{"not_picked":["Hemokinesis","Metallicize","Seeing Red"],"picked":"SKIP","floor":8.0},{"not_picked":["Pommel Strike","Havoc"],"picked":"Ghostly Armor","floor":10.0},{"not_picked":["Cleave","Iron Wave","Warcry"],"picked":"SKIP","floor":13.0},{"not_picked":["Double Tap","Wild Strike","Body Slam"],"picked":"SKIP","floor":14.0},{"not_picked":["Reaper","Juggernaut"],"picked":"Barricade","floor":16.0},{"not_picked":["Flex","Wild Strike","Searing Blow","Heavy Blade"],"picked":"SKIP","floor":18.0},{"not_picked":["Heavy Blade","Pummel","True Grit"],"picked":"Rampage","floor":19.0},{"not_picked":["Heavy Blade","Body Slam","Perfected Strike"],"picked":"Shrug It Off","floor":21.0}],"player_experience":285896,"relics_obtained":[{"floor":7.0,"key":"Pen Nib"},{"floor":9.0,"key":"Bag of Marbles"},{"floor":17.0,"key":"Boot"},{"floor":17.0,"key":"Question Card"},{"floor":17.0,"key":"Incense Burner"}],"event_choices":[{"damage_healed":0.0,"max_hp_gain":0.0,"max_hp_loss":0.0,"gold_gain":0.0,"event_name":"The Woman in Blue","player_choice":"Bought 0 Potions","floor":3.0,"gold_loss":0.0,"damage_taken":0.0}],"is_beta":false,"boss_relics":[{"not_picked":["Eternal Feather","Black Star"],"picked":"Calling Bell"}],"items_purged_floors":[4,11,20],"is_endless":false,"potions_floor_spawned":[5,7,8,10,16,18],"killed_by":"Cultist and Chosen","ascension_level":15}