{"gold_per_floor":[369,64,64,84,99,113,113,141,164,64,64],"floor_reached":11,"playtime":412,"items_purged":["Injury","Strike_B"],"score":146,"play_id":"067ec3be-005f-4ca0-b103-5ed478d0cb37","local_time":"20190710223645","is_ascension_mode":true,"campfire_choices":[{"data":"Zap","floor":7,"key":"SMITH"}],"neow_cost":"CURSE","seed_source_timestamp":3979319709399,"circlet_count":0,"master_deck":["AscendersBane","Strike_B","Strike_B","Strike_B","Defend_B","Defend_B","Defend_B","Defend_B","Zap+1","Dualcast","Defragment","Self Repair","Genetic Algorithm","Cold Snap","Hologram"],"relics":["Cracked Core","OrangePellets","Strawberry","Dream Catcher"],"potions_floor_usage":[8,8],"damage_taken":[{"damage":6,"enemies":"2 Louse","floor":1,"turns":4},{"damage":2,"enemies":"Jaw Worm","floor":4,"turns":4},{"damage":1,"enemies":"Cultist","floor":5,"turns":3},{"damage":36,"enemies":"Gremlin Gang","floor":6,"turns":7},{"damage":23,"enemies":"3 Sentries","floor":8,"turns":7},{"damage":33,"enemies":"Gremlin Nob","floor":11,"turns":4}],"seed_played":"-1464493884210852666","potions_obtained":[{"floor":1,"key":"Strength Potion"},{"floor":4,"key":"Energy Potion"},{"floor":8,"key":"Strength Potion"}],"is_trial":false,"path_per_floor":["M","$","?","M","M","M","R","E","T","$","E"],"character_chosen":"DEFECT","items_purchased":["OrangePellets"],"campfire_rested":0,"item_purchase_floors":[2],"current_hp_per_floor":[58,58,58,56,62,33,33,24,24,24,0],"gold":64,"neow_bonus":"TWO_FIFTY_GOLD","is_prod":false,"is_daily":false,"chose_seed":false,"campfire_upgraded":1,"win_rate":0,"timestamp":1562794605,"path_taken":["M","$","?","M","M","M","R","E","T","$","E"],"build_version":"2019-07-05","purchased_purges":2,"victory":false,"max_hp_per_floor":[71,71,71,71,71,71,71,78,78,78,78],"card_choices":[{"not_picked":["Beam Cell","Double Energy"],"picked":"Defragment","floor":1},{"not_picked":["Storm","Stack"],"picked":"Self Repair","floor":4},{"not_picked":["Turbo","Sweeping Beam"],"picked":"Genetic Algorithm","floor":5},{"not_picked":["Turbo","Conserve Battery"],"picked":"Cold Snap","floor":6},{"not_picked":["Rebound","Lockon"],"picked":"Hologram","floor":8}],"player_experience":1162172,"relics_obtained":[{"floor":8,"key":"Strawberry"},{"floor":9,"key":"Dream Catcher"}],"event_choices":[{"damage_healed":0,"gold_gain":0,"player_choice":"Ignored","damage_taken":0,"max_hp_gain":0,"max_hp_loss":0,"event_name":"Liars Game","floor":3,"gold_loss":0}],"is_beta":false,"boss_relics":[],"items_purged_floors":[2,10],"is_endless":false,"potions_floor_spawned":[1,4,6,8],"killed_by":"Gremlin Nob","ascension_level":20}