{"gold_per_floor":[19,31,51,69,87,113,133,133,133,133,143,159,217,7,7,102,102,115,115,115,4,31,31],"floor_reached":23,"playtime":1323,"items_purged":[],"score":218,"play_id":"681e96ae-9fc2-45fc-8905-2265533fe4e9","local_time":"20190527013231","is_ascension_mode":false,"campfire_choices":[{"data":"Offering","floor":10,"key":"SMITH"},{"data":"Flame Barrier","floor":15,"key":"SMITH"}],"neow_cost":"NO_GOLD","seed_source_timestamp":201921094597375,"circlet_count":0,"master_deck":["Defend_R","Defend_R+1","Defend_R+1","Defend_R","Bash","Offering+1","Searing Blow","Combust","Anger","Demon Form","Flame Barrier+1","Offering","Searing Blow","Bite","Bite","Bite","Bite","Bite","Whirlwind"],"relics":["Burning Blood","Smiling Mask","Letter Opener","Lee\u0027s Waffle","Black Star","Lantern"],"potions_floor_usage":[6,16,16,16,23,23],"damage_taken":[{"damage":8,"enemies":"2 Louse","floor":1,"turns":3},{"damage":7,"enemies":"Jaw Worm","floor":2,"turns":3},{"damage":8,"enemies":"Small Slimes","floor":3,"turns":2},{"damage":6,"enemies":"Looter","floor":4,"turns":3},{"damage":8,"enemies":"Exordium Wildlife","floor":5,"turns":3},{"damage":14,"enemies":"Gremlin Nob","floor":6,"turns":3},{"damage":12,"enemies":"3 Louse","floor":7,"turns":2},{"damage":20,"enemies":"Blue Slaver","floor":11,"turns":3},{"damage":16,"enemies":"Exordium Thugs","floor":12,"turns":3},{"damage":47,"enemies":"Hexaghost","floor":16,"turns":6},{"damage":41,"enemies":"Spheric Guardian","floor":18,"turns":4},{"damage":75,"enemies":"Book of Stabbing","floor":23,"turns":7}],"seed_played":"-6445456754939899073","potions_obtained":[{"floor":4,"key":"SpeedPotion"},{"floor":5,"key":"SteroidPotion"},{"floor":11,"key":"SpeedPotion"},{"floor":12,"key":"PowerPotion"},{"floor":16,"key":"FearPotion"}],"is_trial":false,"path_per_floor":["M","M","M","M","M","E","M","?","T","R","M","M","?","$","R","B",null,"M","?","?","$","T","E"],"character_chosen":"IRONCLAD","items_purchased":["Lee\u0027s Waffle","Whirlwind","BloodPotion"],"campfire_rested":0,"item_purchase_floors":[14,21,21],"current_hp_per_floor":[78,77,75,75,73,65,59,43,43,43,29,19,19,87,87,46,87,52,52,52,52,52,0],"gold":31,"neow_bonus":"THREE_RARE_CARDS","is_prod":false,"is_daily":false,"chose_seed":false,"campfire_upgraded":2,"win_rate":0.0,"timestamp":1558935151,"path_taken":["M","M","M","M","M","E","M","?","T","R","M","M","?","$","R","BOSS","M","?","?","$","?","E"],"build_version":"2019-01-23","purchased_purges":0,"victory":false,"max_hp_per_floor":[80,80,80,80,80,80,80,80,80,80,80,80,80,87,87,87,87,87,87,60,60,60,60],"card_choices":[{"not_picked":["Berserk","Reaper"],"picked":"Offering","floor":0},{"not_picked":["Flex","Clash"],"picked":"Searing Blow","floor":1},{"not_picked":["Thunderclap","Perfected Strike","Reckless Charge"],"picked":"SKIP","floor":2},{"not_picked":["True Grit","Armaments","Warcry"],"picked":"SKIP","floor":3},{"not_picked":["Rampage","Heavy Blade"],"picked":"Combust","floor":4},{"not_picked":["Perfected Strike","Clash","Thunderclap"],"picked":"SKIP","floor":5},{"not_picked":["Spot Weakness","Clash"],"picked":"Anger","floor":6},{"not_picked":["Pommel Strike","Intimidate"],"picked":"Demon Form","floor":7},{"not_picked":["Disarm","Sword Boomerang","Flex"],"picked":"SKIP","floor":11},{"not_picked":["Pommel Strike","Entrench"],"picked":"Flame Barrier","floor":12},{"not_picked":["Bludgeon","Demon Form"],"picked":"Offering","floor":16},{"not_picked":["Power Through","Clash"],"picked":"Searing Blow","floor":18}],"player_experience":28755,"relics_obtained":[{"floor":6,"key":"Smiling Mask"},{"floor":9,"key":"Letter Opener"},{"floor":22,"key":"Lantern"}],"event_choices":[{"damage_healed":0,"gold_gain":0,"player_choice":"Entered Light","damage_taken":16,"max_hp_gain":0,"max_hp_loss":0,"event_name":"Shining Light","floor":8,"gold_loss":0,"cards_upgraded":["Defend_R","Defend_R"]},{"damage_healed":0,"gold_gain":58,"player_choice":"Gained Gold","damage_taken":0,"max_hp_gain":0,"max_hp_loss":0,"event_name":"Golden Wing","floor":13,"gold_loss":0},{"damage_healed":0,"gold_gain":0,"player_choice":"Ignored","damage_taken":0,"max_hp_gain":0,"max_hp_loss":0,"event_name":"Ghosts","floor":19,"gold_loss":0},{"damage_healed":0,"gold_gain":0,"player_choice":"Became a vampire","damage_taken":0,"max_hp_gain":0,"max_hp_loss":27,"event_name":"Vampires","floor":20,"gold_loss":0,"cards_obtained":["Bite","Bite","Bite","Bite","Bite"]}],"is_beta":false,"boss_relics":[{"not_picked":["Tiny House","Velvet Choker"],"picked":"Black Star"}],"items_purged_floors":[],"is_endless":false,"potions_floor_spawned":[4,5,11,12,16],"killed_by":"Book of Stabbing","ascension_level":0}