{"gold_per_floor":[116,8,26,26,36,36,48,48,48,48,48,66,12,26,26,101,101,60,71,71,71,71],"floor_reached":22,"playtime":1131,"items_purged":[],"score":377,"play_id":"c3d9ae2e-131c-480c-9e28-123e5f193678","local_time":"20191005234502","is_ascension_mode":true,"campfire_choices":[{"data":"Neutralize","floor":6.0,"key":"SMITH"},{"data":"Sucker Punch","floor":8.0,"key":"SMITH"},{"data":"Sucker Punch","floor":10.0,"key":"SMITH"},{"data":"Malaise","floor":15.0,"key":"SMITH"}],"neow_cost":"NONE","seed_source_timestamp":107188801658278,"circlet_count":0,"master_deck":["AscendersBane","Defend_G","Defend_G","Defend_G","Defend_G","Defend_G","Survivor","Neutralize+1","Sucker Punch+1","Flying Knee","Sucker Punch+1","Malaise+1","Die Die Die","Noxious Fumes","Catalyst","Bite","Bite","Bite","Bite","Bite"],"special_seed":0,"relics":["Lizard Tail","Happy Flower","Velvet Choker"],"potions_floor_usage":[],"damage_taken":[{"damage":9.0,"enemies":"Jaw Worm","floor":1.0,"turns":6.0},{"damage":6.0,"enemies":"Cultist","floor":3.0,"turns":4.0},{"damage":5.0,"enemies":"Small Slimes","floor":5.0,"turns":4.0},{"damage":12.0,"enemies":"3 Louse","floor":7.0,"turns":5.0},{"damage":6.0,"enemies":"Large Slime","floor":12.0,"turns":7.0},{"damage":3.0,"enemies":"Looter","floor":14.0,"turns":4.0},{"damage":47.0,"enemies":"Hexaghost","floor":16.0,"turns":15.0},{"damage":23.0,"enemies":"2 Thieves","floor":18.0,"turns":5.0},{"damage":18.0,"enemies":"Chosen","floor":19.0,"turns":7.0},{"damage":25,"enemies":"Shelled Parasite and Fungi","floor":22,"turns":3}],"seed_played":"9019983074127169481","potions_obtained":[{"floor":14.0,"key":"SkillPotion"},{"floor":16.0,"key":"GamblersBrew"},{"floor":18.0,"key":"LiquidBronze"},{"floor":19.0,"key":"SteroidPotion"}],"is_trial":false,"path_per_floor":["M","$","M","?","M","R","M","R","T","R","?","M","$","M","R","B",null,"M","M","?","?","M"],"character_chosen":"THE_SILENT","items_purchased":["Sucker Punch","Flying Knee","PowerPotion"],"campfire_rested":0,"item_purchase_floors":[2,2,13],"current_hp_per_floor":[50,50,44,44,39,39,27,27,27,27,27,21,21,18,18,7,51,28,10,10,19,0],"gold":71,"neow_bonus":"BOSS_RELIC","is_prod":false,"is_daily":false,"chose_seed":false,"campfire_upgraded":4,"win_rate":0,"timestamp":1570344302,"path_taken":["M","$","M","?","M","R","M","R","T","R","?","M","$","M","R","BOSS","M","?","?","?","M"],"build_version":"2019-07-17","purchased_purges":0,"victory":false,"max_hp_per_floor":[66,66,66,66,66,66,66,66,66,66,66,66,66,66,66,66,66,66,66,46,46,46],"card_choices":[{"not_picked":["Poisoned Stab","Escape Plan","Riddle With Holes"],"picked":"SKIP","floor":1.0},{"not_picked":["Bane","Cloak And Dagger","Poisoned Stab"],"picked":"SKIP","floor":3.0},{"not_picked":["Outmaneuver","Distraction"],"picked":"Sucker Punch","floor":5.0},{"not_picked":["Outmaneuver","Riddle With Holes","Sucker Punch"],"picked":"SKIP","floor":7.0},{"not_picked":["Bullet Time","Underhanded Strike","Bane"],"picked":"SKIP","floor":12.0},{"not_picked":["Dodge and Roll","Underhanded Strike","Flechettes"],"picked":"SKIP","floor":14.0},{"not_picked":["Corpse Explosion","Venomology"],"picked":"Die Die Die","floor":16.0},{"not_picked":["Flying Knee","Dagger Spray"],"picked":"Noxious Fumes","floor":18.0},{"not_picked":["Riddle With Holes","Prepared"],"picked":"Catalyst","floor":19.0}],"player_experience":342675,"relics_obtained":[{"floor":9.0,"key":"Happy Flower"}],"event_choices":[{"damage_healed":0.0,"max_hp_gain":0.0,"max_hp_loss":0.0,"gold_gain":0.0,"event_name":"Shining Light","player_choice":"Ignored","floor":4.0,"gold_loss":0.0,"damage_taken":0.0},{"damage_healed":0.0,"max_hp_gain":0.0,"max_hp_loss":0.0,"gold_gain":0.0,"cards_transformed":["Strike_G"],"event_name":"Transmorgrifier","player_choice":"Transformed","floor":11.0,"gold_loss":0.0,"damage_taken":0.0,"cards_obtained":["Malaise"]},{"damage_healed":0.0,"max_hp_gain":0.0,"max_hp_loss":20.0,"gold_gain":0.0,"event_name":"Vampires","player_choice":"Became a vampire","floor":20.0,"gold_loss":0.0,"damage_taken":0.0,"cards_obtained":["Bite","Bite","Bite","Bite","Bite"]},{"damage_healed":9.0,"max_hp_gain":0.0,"max_hp_loss":0.0,"gold_gain":0.0,"event_name":"The Library","player_choice":"Heal","floor":21.0,"gold_loss":0.0,"damage_taken":0.0}],"is_beta":false,"boss_relics":[{"not_picked":["Astrolabe","Coffee Dripper"],"picked":"Velvet Choker"}],"items_purged_floors":[],"is_endless":false,"potions_floor_spawned":[14,16,18,19],"killed_by":"Shelled Parasite and Fungi","ascension_level":20}