{"gold_per_floor":[115,126,201,201,151,151,76,76,130,163,163,182,192,207,207,281,281,291,311,211,223,16,16,16,16,62,81,81,106,21,36,36,36],"floor_reached":33,"playtime":1372,"items_purged":["Strike_R","Strike_R","Defend_R"],"score":437,"play_id":"b731d3eb-ab57-4d57-b077-d21ce6d0b258","local_time":"20190306203811","is_ascension_mode":true,"campfire_choices":[{"data":"Bash","floor":6,"key":"SMITH"},{"data":"True Grit","floor":8,"key":"SMITH"},{"data":"Power Through","floor":11,"key":"SMITH"},{"data":"Spot Weakness","floor":15,"key":"SMITH"},{"data":"Entrench","floor":23,"key":"SMITH"},{"data":"Second Wind","floor":25,"key":"SMITH"},{"floor":32,"key":"REST"}],"neow_cost":"NONE","seed_source_timestamp":55782978065500,"circlet_count":0,"master_deck":["AscendersBane","Strike_R+1","Strike_R+1","Defend_R","Defend_R+1","Defend_R","Bash+1","True Grit+1","Body Slam+1","Power Through+1","Entrench+1","Spot Weakness+1","Power Through","Impervious","Second Wind+1","Sword Boomerang","Feel No Pain","Regret","Headbutt","Juggernaut","Clash+1"],"relics":["Burning Blood","Juzu Bracelet","Oddly Smooth Stone","Whetstone","Cursed Key","Ancient Tea Set","Ornamental Fan","Peace Pipe","The Courier"],"potions_floor_usage":[16,16,18,21,27,29,29],"damage_taken":[{"damage":5,"enemies":"2 Louse","floor":1,"turns":3},{"damage":0,"enemies":"Cultist","floor":2,"turns":3},{"damage":24,"enemies":"Gremlin Nob","floor":10,"turns":4},{"damage":0,"enemies":"Small Slimes","floor":12,"turns":2},{"damage":3,"enemies":"2 Fungi Beasts","floor":13,"turns":3},{"damage":2,"enemies":"Looter","floor":14,"turns":3},{"damage":30,"enemies":"The Guardian","floor":16,"turns":14},{"damage":19,"enemies":"3 Byrds","floor":18,"turns":7},{"damage":0,"enemies":"Shell Parasite","floor":19,"turns":6},{"damage":17,"enemies":"Sentry and Sphere","floor":21,"turns":14},{"damage":29,"enemies":"Cultist and Chosen","floor":27,"turns":7},{"damage":12,"enemies":"Book of Stabbing","floor":29,"turns":6},{"damage":3,"enemies":"Centurion and Healer","floor":31,"turns":5},{"damage":60,"enemies":"Champ","floor":33,"turns":9}],"seed_played":"2221772576381019342","potions_obtained":[{"floor":2,"key":"LiquidBronze"},{"floor":14,"key":"EssenceOfSteel"},{"floor":16,"key":"AttackPotion"},{"floor":18,"key":"SpeedPotion"},{"floor":19,"key":"Strength Potion"},{"floor":21,"key":"Strength Potion"},{"floor":27,"key":"Swift Potion"}],"is_trial":false,"path_per_floor":["M","M","?","?","?","R","$","R","T","E","R","M","M","M","R","B",null,"M","M","$","M","$","R","?","R","T","M","?","E","?","M","R","B"],"character_chosen":"IRONCLAD","items_purchased":["Feel No Pain"],"campfire_rested":1,"item_purchase_floors":[22],"current_hp_per_floor":[73,79,71,55,55,55,55,55,55,37,37,43,46,50,50,26,67,54,60,60,49,49,49,49,49,49,26,26,20,20,23,47,0],"gold":36,"neow_bonus":"RANDOM_COMMON_RELIC","is_prod":false,"is_daily":false,"chose_seed":false,"campfire_upgraded":6,"win_rate":0,"timestamp":1551901091,"path_taken":["M","M","?","?","?","R","$","R","T","E","R","M","M","M","R","BOSS","M","M","$","M","$","R","?","R","T","M","?","E","?","M","R","BOSS"],"build_version":"2019-01-23","purchased_purges":3,"victory":false,"max_hp_per_floor":[80,80,80,80,80,80,80,80,80,80,80,80,80,80,80,80,80,80,80,80,80,80,80,80,80,80,80,80,80,80,80,80,80],"card_choices":[{"not_picked":["Warcry","Rage"],"picked":"True Grit","floor":1},{"not_picked":["Dual Wield","Searing Blow"],"picked":"Body Slam","floor":2},{"not_picked":["Havoc","Uppercut"],"picked":"Power Through","floor":10},{"not_picked":["Armaments","Metallicize"],"picked":"Entrench","floor":12},{"not_picked":["True Grit","Combust"],"picked":"Spot Weakness","floor":13},{"not_picked":["Sword Boomerang","Searing Blow"],"picked":"Power Through","floor":14},{"not_picked":["Immolate","Feed"],"picked":"Impervious","floor":16},{"not_picked":["Warcry","Perfected Strike","Thunderclap"],"picked":"SKIP","floor":18},{"not_picked":["Body Slam","Heavy Blade"],"picked":"Second Wind","floor":19},{"not_picked":["Reaper","Second Wind"],"picked":"Sword Boomerang","floor":21},{"not_picked":["Sentinel","Pummel"],"picked":"Headbutt","floor":27},{"not_picked":["Carnage","Clothesline"],"picked":"Juggernaut","floor":29},{"not_picked":["Metallicize","Headbutt"],"picked":"Clash+1","floor":31}],"player_experience":949577,"relics_obtained":[{"floor":9,"key":"Oddly Smooth Stone"},{"floor":10,"key":"Whetstone"},{"floor":26,"key":"Ancient Tea Set"},{"floor":29,"key":"Peace Pipe"}],"event_choices":[{"damage_healed":0,"gold_gain":75,"player_choice":"Touch","damage_taken":8,"max_hp_gain":0,"max_hp_loss":0,"event_name":"FaceTrader","floor":3,"gold_loss":0},{"damage_healed":0,"gold_gain":0,"player_choice":"Entered Light","damage_taken":16,"max_hp_gain":0,"max_hp_loss":0,"event_name":"Shining Light","floor":4,"gold_loss":0,"cards_upgraded":["Strike_R","Defend_R"]},{"cards_removed":["Strike_R"],"damage_healed":0,"gold_gain":0,"player_choice":"Card Removal","damage_taken":0,"max_hp_gain":0,"max_hp_loss":0,"event_name":"The Cleric","floor":5,"gold_loss":50},{"damage_healed":0,"gold_gain":0,"player_choice":"Ignored","damage_taken":0,"max_hp_gain":0,"max_hp_loss":0,"event_name":"Ghosts","floor":24,"gold_loss":0},{"damage_healed":0,"gold_gain":0,"player_choice":"Opened","damage_taken":0,"relics_obtained":["Ornamental Fan"],"max_hp_gain":0,"max_hp_loss":0,"event_name":"The Mausoleum","floor":28,"gold_loss":0},{"damage_healed":0,"gold_gain":0,"player_choice":"Obtained Relic","damage_taken":0,"relics_obtained":["The Courier"],"max_hp_gain":0,"max_hp_loss":0,"event_name":"Addict","floor":30,"gold_loss":85}],"is_beta":false,"boss_relics":[{"not_picked":["Tiny House","Runic Dome"],"picked":"Cursed Key"}],"items_purged_floors":[7,20,22],"is_endless":false,"potions_floor_spawned":[2,14,16,18,19,21,27],"killed_by":"Champ","ascension_level":13}