{"gold_per_floor":[118,128,128,128,53,53,81,81,150,225,237,2,14,44,44,44],"floor_reached":16,"playtime":1233,"items_purged":["Strike_R"],"score":200,"play_id":"c1756371-ff34-4422-9035-8a71ff5a5126","local_time":"20190706160231","is_ascension_mode":true,"campfire_choices":[{"data":"Rampage","floor":6,"key":"SMITH"},{"data":"Bash","floor":8,"key":"SMITH"},{"data":"Uppercut","floor":15,"key":"SMITH"}],"neow_cost":"NONE","seed_source_timestamp":22947192257900,"circlet_count":0,"master_deck":["AscendersBane","Strike_R","Defend_R","Defend_R","Defend_R","Defend_R","Bash+1","Reckless Charge","Rampage+1","Heavy Blade","Uppercut+1","Seeing Red","Leap","Poisoned Stab"],"relics":["Burning Blood","Calipers","The Courier","PrismaticShard","Potion Belt"],"potions_floor_usage":[14],"damage_taken":[{"damage":7,"enemies":"2 Louse","floor":1,"turns":4},{"damage":2,"enemies":"Jaw Worm","floor":2,"turns":4},{"damage":45,"enemies":"Lagavulin","floor":7,"turns":7},{"damage":0,"enemies":"Small Slimes","floor":11,"turns":2},{"damage":13,"enemies":"Exordium Thugs","floor":13,"turns":5},{"damage":16,"enemies":"3 Sentries","floor":14,"turns":8},{"damage":10,"enemies":"Hexaghost","floor":16,"turns":8}],"seed_played":"3891143961958371462","potions_obtained":[{"floor":13,"key":"FearPotion"},{"floor":14,"key":"SmokeBomb"}],"is_trial":false,"path_per_floor":["M","M","?","?","?","R","E","R","T","?","M","$","M","E","R","B"],"character_chosen":"IRONCLAD","items_purchased":["PrismaticShard"],"campfire_rested":0,"item_purchase_floors":[12],"current_hp_per_floor":[67,71,64,69,69,69,30,30,30,19,25,25,18,8,8,0],"gold":44,"neow_bonus":"TRANSFORM_CARD","is_prod":false,"is_daily":false,"chose_seed":false,"campfire_upgraded":3,"win_rate":0,"timestamp":1562421751,"path_taken":["M","M","?","?","?","R","E","R","T","?","?","$","?","E","R","BOSS"],"build_version":"2019-07-05","purchased_purges":1,"victory":false,"max_hp_per_floor":[75,75,75,80,80,80,80,80,80,80,80,80,80,80,80,80],"card_choices":[{"not_picked":["Headbutt","Clothesline"],"picked":"Rampage","floor":1},{"not_picked":["Rage","Pummel"],"picked":"Heavy Blade","floor":2},{"not_picked":["Cleave","Iron Wave"],"picked":"Uppercut","floor":7},{"not_picked":["Pommel Strike","Pummel"],"picked":"Seeing Red","floor":11},{"not_picked":["Bane","Blizzard"],"picked":"Leap","floor":13},{"not_picked":["Swift Strike","Rupture"],"picked":"Poisoned Stab","floor":14}],"player_experience":1623023,"relics_obtained":[{"floor":7,"key":"Calipers"},{"floor":9,"key":"The Courier"},{"floor":14,"key":"Potion Belt"}],"event_choices":[{"cards_removed":["Strike_R"],"damage_healed":0,"gold_gain":0,"player_choice":"Card Removal","damage_taken":7,"max_hp_gain":0,"max_hp_loss":0,"event_name":"Golden Wing","floor":3,"gold_loss":0},{"damage_healed":0,"gold_gain":0,"player_choice":"Donut","damage_taken":0,"max_hp_gain":5,"max_hp_loss":0,"event_name":"Big Fish","floor":4,"gold_loss":0},{"cards_removed":["Strike_R"],"damage_healed":0,"gold_gain":0,"player_choice":"Card Removal","damage_taken":0,"max_hp_gain":0,"max_hp_loss":0,"event_name":"The Cleric","floor":5,"gold_loss":75},{"damage_healed":0,"gold_gain":75,"player_choice":"Gather Gold","damage_taken":11,"max_hp_gain":0,"max_hp_loss":0,"event_name":"World of Goop","floor":10,"gold_loss":0}],"is_beta":false,"boss_relics":[],"items_purged_floors":[12],"is_endless":false,"potions_floor_spawned":[13,14],"killed_by":"Hexaghost","ascension_level":17}