{"gold_per_floor":[115,115,131,148,148,174,174,174,174,174,174,199,199,199],"floor_reached":14,"playtime":220,"items_purged":[],"score":173,"play_id":"96a180fe-ca2b-4959-a551-dd5861c100d4","local_time":"20190614002125","is_ascension_mode":true,"campfire_choices":[{"data":"Zap","floor":8,"key":"SMITH"},{"data":"White Noise","floor":11,"key":"SMITH"}],"neow_cost":"NONE","seed_source_timestamp":173287185133700,"circlet_count":0,"master_deck":["AscendersBane","Strike_B","Strike_B","Strike_B","Strike_B","Defend_B","Defend_B","Defend_B","Defend_B","Zap+1","Dualcast","White Noise+1","Zap","Cold Snap","Go for the Eyes","Chaos","Creative AI"],"relics":["Cracked Core","NeowsBlessing","Sundial","DataDisk","Matryoshka","Blue Candle","Art of War","Omamori","Letter Opener"],"potions_floor_usage":[6,12],"damage_taken":[{"damage":0,"enemies":"Jaw Worm","floor":1,"turns":1},{"damage":0,"enemies":"Cultist","floor":3,"turns":1},{"damage":0,"enemies":"2 Louse","floor":4,"turns":1},{"damage":11,"enemies":"3 Sentries","floor":6,"turns":5},{"damage":12,"enemies":"Gremlin Nob","floor":12,"turns":3},{"damage":22,"enemies":"3 Sentries","floor":14,"turns":2}],"seed_played":"8076080852993080126","potions_obtained":[{"floor":1,"key":"SteroidPotion"},{"floor":3,"key":"AttackPotion"}],"is_trial":false,"path_per_floor":["M","?","M","M","?","E","T","R","T","?","R","E","T","E"],"character_chosen":"DEFECT","items_purchased":[],"campfire_rested":0,"item_purchase_floors":[],"current_hp_per_floor":[64,64,64,64,64,53,53,53,53,27,27,15,15,0],"gold":199,"neow_bonus":"THREE_ENEMY_KILL","is_prod":false,"is_daily":false,"chose_seed":false,"campfire_upgraded":2,"win_rate":0,"timestamp":1560464485,"path_taken":["M","?","?","M","?","E","?","R","T","?","R","E","?","E"],"build_version":"2019-01-23","purchased_purges":0,"victory":false,"max_hp_per_floor":[71,71,71,71,71,71,71,71,71,71,71,71,71,71],"card_choices":[{"not_picked":["Scrape","Rebound"],"picked":"White Noise","floor":1},{"not_picked":["Consume","Double Energy"],"picked":"Cold Snap","floor":3},{"not_picked":["Beam Cell","Steam"],"picked":"Go for the Eyes","floor":4},{"not_picked":["Compile Driver","Lockon"],"picked":"Chaos","floor":6},{"not_picked":["Aggregate","Skim"],"picked":"Creative AI","floor":12}],"player_experience":1332458,"relics_obtained":[{"floor":6,"key":"Sundial"},{"floor":7,"key":"DataDisk"},{"floor":9,"key":"Matryoshka"},{"floor":12,"key":"Art of War"},{"floor":13,"key":"Omamori"},{"floor":13,"key":"Letter Opener"}],"event_choices":[{"damage_healed":0,"gold_gain":0,"player_choice":"1 cards matched","damage_taken":0,"max_hp_gain":0,"max_hp_loss":0,"event_name":"Match and Keep!","floor":2,"gold_loss":0,"cards_obtained":["Zap"]},{"damage_healed":0,"gold_gain":0,"player_choice":"Ignored","damage_taken":0,"max_hp_gain":0,"max_hp_loss":0,"event_name":"Liars Game","floor":5,"gold_loss":0},{"damage_healed":0,"gold_gain":0,"player_choice":"Success","damage_taken":26,"relics_obtained":["Blue Candle"],"max_hp_gain":0,"max_hp_loss":0,"event_name":"Scrap Ooze","floor":10,"gold_loss":0}],"is_beta":false,"boss_relics":[],"items_purged_floors":[],"is_endless":false,"potions_floor_spawned":[1,3],"killed_by":"3 Sentries","ascension_level":16}