{"gold_per_floor":[117,117,127,139,149,149,149,149,217,228,228,246,261,24,24,126,126,146,146,146,164,180,180,197,197,223,223,223,233,250,250],"floor_reached":31,"playtime":692,"items_purged":[],"score":231,"play_id":"87b47244-e26e-493d-a72f-84713890b3d4","local_time":"20190905144618","is_ascension_mode":false,"campfire_choices":[{"floor":6,"key":"REST"},{"data":"Bash","floor":8,"key":"SMITH"},{"data":"Battle Trance","floor":11,"key":"SMITH"},{"floor":15,"key":"REST"},{"floor":23,"key":"REST"},{"floor":25,"key":"REST"},{"data":"Uppercut","floor":28,"key":"SMITH"}],"neow_cost":"NONE","seed_source_timestamp":507644183351755,"circlet_count":0,"master_deck":["Strike_R","Strike_R","Strike_R","Defend_R","Defend_R","Defend_R","Defend_R","Bash+1","Brutality","Battle Trance+1","Demon Form","Uppercut+1","Flex","Double Tap","Rampage+1","Pummel+1","Flex+1","Flex","Rampage"],"relics":["Burning Blood","CultistMask","Kunai","Oddly Smooth Stone","Mark of Pain","Ancient Tea Set"],"potions_floor_usage":[10,16,16],"damage_taken":[{"damage":15,"enemies":"Cultist","floor":1,"turns":4},{"damage":12,"enemies":"Small Slimes","floor":3,"turns":4},{"damage":13,"enemies":"2 Louse","floor":4,"turns":2},{"damage":39,"enemies":"Large Slime","floor":5,"turns":6},{"damage":2,"enemies":"Lots of Slimes","floor":10,"turns":3},{"damage":15,"enemies":"Blue Slaver","floor":12,"turns":3},{"damage":22,"enemies":"Exordium Thugs","floor":13,"turns":6},{"damage":43,"enemies":"Hexaghost","floor":16,"turns":8},{"damage":8,"enemies":"Chosen","floor":18,"turns":4},{"damage":17,"enemies":"Shell Parasite","floor":21,"turns":4},{"damage":27,"enemies":"Snecko","floor":22,"turns":5},{"damage":11,"enemies":"Centurion and Healer","floor":24,"turns":5},{"damage":26,"enemies":"Chosen and Byrds","floor":29,"turns":5},{"damage":29,"enemies":"3 Cultists","floor":30,"turns":5},{"damage":16,"enemies":"Snake Plant","floor":31,"turns":3}],"seed_played":"-4935685096803159177","potions_obtained":[{"floor":0,"key":"Weak Potion"},{"floor":0,"key":"Poison Potion"},{"floor":0,"key":"Energy Potion"},{"floor":5,"key":"Explosive Potion"},{"floor":12,"key":"SpeedPotion"},{"floor":21,"key":"LiquidBronze"},{"floor":22,"key":"LiquidBronze"}],"is_trial":false,"path_per_floor":["M","?","M","M","M","R","?","R","T","M","R","M","M","$","R","B",null,"M","?","?","M","M","R","M","R","T","?","R","M","M","M"],"character_chosen":"IRONCLAD","items_purchased":["Uppercut","Flex","Oddly Smooth Stone"],"campfire_rested":4,"item_purchase_floors":[14,14,14],"current_hp_per_floor":[71,71,65,58,25,49,49,49,49,53,53,44,28,28,52,15,80,78,63,63,52,31,56,51,76,76,76,76,56,33,17],"gold":250,"neow_bonus":"THREE_SMALL_POTIONS","is_prod":false,"is_daily":false,"chose_seed":false,"campfire_upgraded":3,"win_rate":0,"timestamp":1567709178,"path_taken":["M","?","M","?","M","R","?","R","T","?","R","M","M","$","R","BOSS","M","?","?","M","?","R","M","R","T","?","R","?","M","?"],"build_version":"2019-07-17","purchased_purges":0,"victory":false,"max_hp_per_floor":[80,80,80,80,80,80,80,80,80,80,80,80,80,80,80,80,80,80,85,85,85,85,85,85,85,85,85,85,85,85,85],"card_choices":[{"not_picked":["Reckless Charge","Wild Strike","Searing Blow"],"picked":"SKIP","floor":1},{"not_picked":["Thunderclap","Cleave"],"picked":"Brutality","floor":3},{"not_picked":["Body Slam","Thunderclap","Dropkick"],"picked":"SKIP","floor":4},{"not_picked":["Warcry","Armaments","Sever Soul"],"picked":"SKIP","floor":5},{"not_picked":["Heavy Blade","Hemokinesis"],"picked":"Battle Trance","floor":10},{"not_picked":["Infernal Blade","Rage","Intimidate"],"picked":"SKIP","floor":12},{"not_picked":["Twin Strike","Havoc"],"picked":"Demon Form","floor":13},{"not_picked":["Barricade","Juggernaut"],"picked":"Double Tap","floor":16},{"not_picked":["Hemokinesis+1","Pommel Strike"],"picked":"Rampage+1","floor":18},{"not_picked":["Corruption","Entrench"],"picked":"Pummel+1","floor":21},{"not_picked":["Body Slam+1","Intimidate"],"picked":"Flex+1","floor":22},{"not_picked":["Seeing Red","Warcry"],"picked":"Flex","floor":24},{"not_picked":["Body Slam","Thunderclap","Warcry"],"picked":"SKIP","floor":29},{"not_picked":["Feel No Pain","Exhume"],"picked":"Rampage","floor":30}],"player_experience":346880,"relics_obtained":[{"floor":9,"key":"Kunai"},{"floor":26,"key":"Ancient Tea Set"}],"event_choices":[{"cards_removed":["Strike_R"],"damage_healed":0,"gold_gain":0,"player_choice":"Purged","damage_taken":0,"max_hp_gain":0,"max_hp_loss":0,"event_name":"Purifier","floor":2,"gold_loss":0},{"damage_healed":0,"gold_gain":0,"player_choice":"Trade","damage_taken":0,"relics_obtained":["CultistMask"],"max_hp_gain":0,"max_hp_loss":0,"event_name":"FaceTrader","floor":7,"gold_loss":0},{"damage_healed":0,"gold_gain":0,"player_choice":"Shed Blood","damage_taken":20,"max_hp_gain":5,"max_hp_loss":0,"event_name":"Forgotten Altar","floor":19,"gold_loss":0},{"damage_healed":0,"gold_gain":0,"player_choice":"Bought 0 Potions","damage_taken":0,"max_hp_gain":0,"max_hp_loss":0,"event_name":"The Woman in Blue","floor":20,"gold_loss":0},{"cards_removed":["Strike_R"],"damage_healed":0,"gold_gain":0,"player_choice":"Purged","damage_taken":0,"max_hp_gain":0,"max_hp_loss":0,"event_name":"Purifier","floor":27,"gold_loss":0}],"is_beta":false,"boss_relics":[{"not_picked":["Empty Cage","Astrolabe"],"picked":"Mark of Pain"}],"items_purged_floors":[],"is_endless":false,"potions_floor_spawned":[1,5,12,13,21,22,24,30],"killed_by":"Snake Plant","ascension_level":0}