{"gold_per_floor":[116,116,33,33,33,33,67,83,83,124,49,49,63,82,82,177,177,196,13,36,36,36,36,50,50,50,75,18,18,18],"floor_reached":30,"playtime":1034,"items_purged":["Strike_G"],"score":560,"play_id":"51ee22f5-faf1-4cbf-951c-b241f0bcd89e","local_time":"20190517023709","is_ascension_mode":true,"campfire_choices":[{"data":"Neutralize","floor":6,"key":"SMITH"},{"data":"Well Laid Plans","floor":12,"key":"SMITH"},{"data":"Poisoned Stab","floor":15,"key":"SMITH"},{"data":"Catalyst","floor":23,"key":"SMITH"},{"floor":25,"key":"REST"}],"neow_cost":"NONE","seed_source_timestamp":271005838578600,"circlet_count":0,"master_deck":["AscendersBane","Neutralize+1","Poisoned Stab+1","Well Laid Plans+1","Footwork+1","Dash","PiercingWail","Dagger Spray","Quick Slash","Envenom+1","Tools of the Trade+1","After Image+1","Malaise","Dagger Throw","Caltrops+1","Predator","Envenom+1","Storm of Steel","Backflip","Catalyst+1","Trip","Choke","Riddle With Holes","Night Terror","RitualDagger","Backstab"],"relics":["Ring of the Snake","NeowsBlessing","Omamori","War Paint","Golden Idol","Frozen Egg 2","Ancient Tea Set","Snake Skull","Pandora\u0027s Box","Pocketwatch"],"potions_floor_usage":[10,16,20,24,30],"damage_taken":[{"damage":0,"enemies":"Cultist","floor":1,"turns":1},{"damage":0,"enemies":"Gremlin Nob","floor":7,"turns":1},{"damage":0,"enemies":"Jaw Worm","floor":8,"turns":1},{"damage":4,"enemies":"3 Sentries","floor":10,"turns":15},{"damage":0,"enemies":"2 Louse","floor":13,"turns":3},{"damage":0,"enemies":"Looter","floor":14,"turns":3},{"damage":0,"enemies":"The Guardian","floor":16,"turns":7},{"damage":18,"enemies":"Chosen","floor":18,"turns":5},{"damage":6,"enemies":"3 Byrds","floor":20,"turns":3},{"damage":29,"enemies":"Sentry and Sphere","floor":24,"turns":6},{"damage":20,"enemies":"Snake Plant","floor":27,"turns":3},{"damage":7,"enemies":"Centurion and Healer","floor":30,"turns":1}],"seed_played":"-5313860867800504696","potions_obtained":[{"floor":1,"key":"PowerPotion"},{"floor":8,"key":"SkillPotion"},{"floor":14,"key":"Explosive Potion"},{"floor":20,"key":"GhostInAJar"}],"is_trial":false,"path_per_floor":["M","T","$","?","?","R","E","M","T","E","$","R","M","M","R","B",null,"M","$","M","?","?","R","M","R","T","M","$","$","M"],"character_chosen":"THE_SILENT","items_purchased":["Well Laid Plans","Catalyst","Trip","Energy Potion"],"campfire_rested":1,"item_purchase_floors":[3,19,19,28],"current_hp_per_floor":[59,59,59,48,48,48,48,48,48,44,44,44,44,44,44,44,61,43,43,37,37,31,31,2,21,21,1,1,1,0],"gold":18,"neow_bonus":"THREE_ENEMY_KILL","is_prod":false,"is_daily":false,"chose_seed":false,"campfire_upgraded":4,"win_rate":0,"timestamp":1558053429,"path_taken":["M","?","?","?","?","R","E","M","T","E","?","R","?","M","R","BOSS","M","$","M","?","?","R","M","R","T","M","?","$","M"],"build_version":"2019-01-23","purchased_purges":1,"victory":false,"max_hp_per_floor":[66,66,66,66,66,66,66,66,66,66,66,66,66,66,66,66,66,66,66,66,66,66,66,66,66,66,66,66,66,66],"card_choices":[{"not_picked":["Eviscerate","Blade Dance"],"picked":"Poisoned Stab","floor":1},{"not_picked":["Distraction","Quick Slash"],"picked":"Footwork","floor":7},{"not_picked":["Backflip","PiercingWail"],"picked":"Dash","floor":8},{"not_picked":["Grand Finale","Sucker Punch"],"picked":"PiercingWail","floor":10},{"not_picked":["Acrobatics","Deadly Poison"],"picked":"Dagger Spray","floor":13},{"not_picked":["Bane","Slice"],"picked":"Quick Slash","floor":14},{"not_picked":["Grand Finale","Die Die Die"],"picked":"Envenom+1","floor":16},{"not_picked":["Riddle With Holes","Slice"],"picked":"Backflip","floor":18},{"not_picked":["Slice","Flying Knee"],"picked":"Choke","floor":20},{"not_picked":["Escape Plan","Quick Slash"],"picked":"Backstab","floor":24},{"not_picked":["Backflip","Quick Slash+1","Poisoned Stab"],"picked":"SKIP","floor":27}],"player_experience":1122831,"relics_obtained":[{"floor":2,"key":"Omamori"},{"floor":7,"key":"Frozen Egg 2"},{"floor":9,"key":"Ancient Tea Set"},{"floor":10,"key":"Snake Skull"},{"floor":26,"key":"Pocketwatch"}],"event_choices":[{"damage_healed":0,"gold_gain":0,"player_choice":"Success","damage_taken":11,"relics_obtained":["War Paint"],"max_hp_gain":0,"max_hp_loss":0,"event_name":"Scrap Ooze","floor":4,"gold_loss":0},{"damage_healed":0,"gold_gain":0,"player_choice":"Take Wound","damage_taken":0,"relics_obtained":["Golden Idol"],"max_hp_gain":0,"max_hp_loss":0,"event_name":"Golden Idol","floor":5,"gold_loss":0,"cards_obtained":["Injury"]},{"damage_healed":0,"gold_gain":0,"cards_transformed":["Night Terror","Survivor"],"player_choice":"Became Test Subject","damage_taken":0,"max_hp_gain":0,"max_hp_loss":0,"event_name":"Drug Dealer","floor":21,"gold_loss":0,"cards_obtained":["Riddle With Holes","Night Terror"]},{"damage_healed":0,"gold_gain":0,"player_choice":"Joined the Cult","damage_taken":6,"max_hp_gain":0,"max_hp_loss":0,"event_name":"Nest","floor":22,"gold_loss":0,"cards_obtained":["RitualDagger"]}],"is_beta":false,"boss_relics":[{"not_picked":["Lizard Tail","Empty Cage"],"picked":"Pandora\u0027s Box"}],"items_purged_floors":[11],"is_endless":false,"potions_floor_spawned":[1,8,14,20],"killed_by":"Centurion and Healer","ascension_level":16}