{"gold_per_floor":[115,115,115,115,11,11,41,41,94,125,125,139,173,21,21,97,97,112,162,162,181,181,216,216,248,273,285,298,298,50,68,68,68],"floor_reached":33,"playtime":1277,"items_purged":["Strike_B","Strike_B"],"score":898,"play_id":"afa2cc9d-1725-4fea-ac62-95a262602fa4","local_time":"20190707124346","is_ascension_mode":true,"campfire_choices":[{"floor":6.0,"key":"REST"},{"floor":8.0,"key":"REST"},{"data":"Dualcast","floor":11.0,"key":"SMITH"},{"data":"Coolheaded","floor":15.0,"key":"SMITH"},{"floor":24.0,"key":"REST"},{"floor":29.0,"key":"REST"},{"floor":32.0,"key":"REST"}],"neow_cost":"NONE","seed_source_timestamp":2051035510948172,"circlet_count":0,"master_deck":["AscendersBane","Strike_B+1","Defend_B","Defend_B+1","Defend_B","Defend_B+1","Zap+1","Dualcast+1","Multi-Cast+1","Sweeping Beam","Gash","Coolheaded+1","Echo Form","Capacitor","Gash","Go for the Eyes","Seek+1","Ball Lightning","Barrage","Loop","Gash","Lockon+1","Defragment","Auto Shields"],"special_seed":0,"relics":["Cracked Core","Pen Nib","Centennial Puzzle","Blood Vial","Symbiotic Virus","Inserter","Vajra","DataDisk","War Paint"],"potions_floor_usage":[33,33],"damage_taken":[{"damage":10.0,"enemies":"Small Slimes","floor":1.0,"turns":3.0},{"damage":13.0,"enemies":"Lagavulin","floor":7.0,"turns":6.0},{"damage":6.0,"enemies":"Gremlin Nob","floor":10.0,"turns":3.0},{"damage":0.0,"enemies":"2 Louse","floor":12.0,"turns":1.0},{"damage":13.0,"enemies":"Lagavulin","floor":13.0,"turns":6.0},{"damage":0.0,"enemies":"Slime Boss","floor":16.0,"turns":7.0},{"damage":10.0,"enemies":"3 Byrds","floor":18.0,"turns":4.0},{"damage":4.0,"enemies":"Chosen","floor":21.0,"turns":3.0},{"damage":17.0,"enemies":"Book of Stabbing","floor":23.0,"turns":4.0},{"damage":33.0,"enemies":"Gremlin Leader","floor":25.0,"turns":4.0},{"damage":13.0,"enemies":"Snecko","floor":27.0,"turns":3.0},{"damage":15.0,"enemies":"Centurion and Healer","floor":28.0,"turns":4.0},{"damage":1.0,"enemies":"Cultist and Chosen","floor":31.0,"turns":4.0},{"damage":65,"enemies":"Collector","floor":33,"turns":5}],"seed_played":"-8948042206039840335","potions_obtained":[{"floor":1.0,"key":"Block Potion"},{"floor":7.0,"key":"SteroidPotion"},{"floor":16.0,"key":"EssenceOfSteel"},{"floor":21.0,"key":"Swift Potion"},{"floor":28.0,"key":"Explosive Potion"},{"floor":31.0,"key":"Strength Potion"}],"is_trial":false,"path_per_floor":["M","?","?","?","$","R","E","R","T","E","R","M","E","$","R","B",null,"M","?","?","M","?","E","R","E","T","M","M","R","$","M","R","B"],"character_chosen":"DEFECT","items_purchased":["Gash","Go for the Eyes","Defragment","Regen Potion","Auto Shields"],"campfire_rested":5,"item_purchase_floors":[5,14,30,30,30],"current_hp_per_floor":[54,47,47,26,26,47,34,55,55,49,49,51,40,40,40,42,64,56,56,56,54,54,39,60,29,29,18,5,26,26,27,48,0],"gold":68,"neow_bonus":"ONE_RANDOM_RARE_CARD","is_prod":false,"is_daily":false,"chose_seed":false,"campfire_upgraded":2,"win_rate":0,"timestamp":1562496226,"path_taken":["M","?","?","?","?","R","E","R","T","E","R","M","E","$","R","BOSS","M","?","?","M","?","E","R","E","T","M","M","R","$","M","R","BOSS"],"build_version":"2019-07-05","purchased_purges":2,"victory":false,"max_hp_per_floor":[71,71,71,71,71,71,71,71,71,71,71,71,71,71,71,71,71,71,71,71,71,71,71,71,71,71,71,71,71,71,71,71,71],"card_choices":[{"not_picked":["Aggregate","Barrage"],"picked":"Sweeping Beam","floor":1.0},{"not_picked":["Recycle","Conserve Battery"],"picked":"Coolheaded","floor":7.0},{"not_picked":["Compile Driver","Lockon"],"picked":"Echo Form","floor":10.0},{"not_picked":["Coolheaded","Leap"],"picked":"Capacitor","floor":12.0},{"not_picked":["Blizzard","Rebound"],"picked":"Gash","floor":13.0},{"not_picked":["Multi-Cast","Hyperbeam"],"picked":"Seek","floor":16.0},{"not_picked":["Hologram","Rebound"],"picked":"Ball Lightning","floor":18.0},{"not_picked":["Genetic Algorithm","Coolheaded"],"picked":"Barrage","floor":21.0},{"not_picked":["Sweeping Beam","Capacitor"],"picked":"Loop","floor":23.0},{"not_picked":["Doom and Gloom","Turbo"],"picked":"Gash","floor":25.0},{"not_picked":["Compile Driver","Beam Cell","Stack"],"picked":"SKIP","floor":27.0},{"not_picked":["Turbo","Barrage"],"picked":"Lockon+1","floor":28.0},{"not_picked":["Streamline","Echo Form","Redo"],"picked":"SKIP","floor":31.0}],"player_experience":868355,"relics_obtained":[{"floor":7.0,"key":"Pen Nib"},{"floor":9.0,"key":"Centennial Puzzle"},{"floor":10.0,"key":"Blood Vial"},{"floor":13.0,"key":"Symbiotic Virus"},{"floor":23.0,"key":"Vajra"},{"floor":25.0,"key":"DataDisk"},{"floor":26.0,"key":"War Paint"}],"event_choices":[{"cards_removed":["Strike_B"],"damage_healed":0.0,"max_hp_gain":0.0,"max_hp_loss":0.0,"gold_gain":0.0,"event_name":"Golden Wing","player_choice":"Card Removal","floor":2.0,"gold_loss":0.0,"damage_taken":7.0},{"damage_healed":0.0,"max_hp_gain":0.0,"max_hp_loss":0.0,"gold_gain":0.0,"event_name":"Living Wall","player_choice":"Grow","floor":3.0,"gold_loss":0.0,"damage_taken":0.0,"cards_upgraded":["Zap"]},{"damage_healed":0.0,"max_hp_gain":0.0,"max_hp_loss":0.0,"gold_gain":0.0,"event_name":"Shining Light","player_choice":"Entered Light","floor":4.0,"gold_loss":0.0,"damage_taken":21.0,"cards_upgraded":["Multi-Cast","Strike_B"]},{"damage_healed":0.0,"max_hp_gain":0.0,"max_hp_loss":0.0,"gold_gain":50.0,"event_name":"Nest","player_choice":"Stole From Cult","floor":19.0,"gold_loss":0.0,"damage_taken":0.0},{"damage_healed":0.0,"max_hp_gain":0.0,"max_hp_loss":0.0,"gold_gain":0.0,"event_name":"The Mausoleum","player_choice":"Ignored","floor":20.0,"gold_loss":0.0,"damage_taken":0.0},{"damage_healed":0.0,"max_hp_gain":0.0,"max_hp_loss":0.0,"gold_gain":0.0,"event_name":"Upgrade Shrine","player_choice":"Upgraded","floor":22.0,"gold_loss":0.0,"damage_taken":0.0,"cards_upgraded":["Seek"]}],"is_beta":false,"boss_relics":[{"not_picked":["Busted Crown","Velvet Choker"],"picked":"Inserter"}],"items_purged_floors":[5,14],"is_endless":false,"potions_floor_spawned":[1,7,16,21,28,31],"killed_by":"Collector","ascension_level":20}