{"gold_per_floor":[112,262,274,274,293,293,393,410,433,15,15,50,50,50],"floor_reached":14,"playtime":391,"items_purged":["Strike_B"],"score":163,"play_id":"3ad5d6b4-94f0-44a5-9ba6-7ad7c1827535","local_time":"20190812223250","is_ascension_mode":true,"campfire_choices":[{"data":"Zap","floor":6,"key":"SMITH"},{"data":"Fusion","floor":11,"key":"SMITH"},{"data":"Defragment","floor":13,"key":"SMITH"}],"neow_cost":"PERCENT_DAMAGE","seed_source_timestamp":884344502084300,"circlet_count":0,"master_deck":["AscendersBane","Strike_B","Strike_B","Strike_B","Defend_B","Defend_B","Defend_B","Defend_B","Zap+1","Dualcast","Panacea","Deep Breath","BootSequence","Coolheaded","Go for the Eyes","Fusion+1","Glacier+1","Defragment+1"],"relics":["Cracked Core","Strawberry","Toxic Egg 2","PreservedInsect"],"potions_floor_usage":[8,8,12],"damage_taken":[{"damage":9,"enemies":"Jaw Worm","floor":1,"turns":3},{"damage":7,"enemies":"Cultist","floor":3,"turns":4},{"damage":0,"enemies":"Small Slimes","floor":5,"turns":3},{"damage":0,"enemies":"Red Slaver","floor":8,"turns":3},{"damage":9,"enemies":"Lagavulin","floor":12,"turns":10},{"damage":26,"enemies":"Gremlin Nob","floor":14,"turns":4}],"seed_played":"-268169322071497372","potions_obtained":[{"floor":3,"key":"Regen Potion"},{"floor":5,"key":"Poison Potion"},{"floor":8,"key":"AttackPotion"}],"is_trial":false,"path_per_floor":["M","?","M","?","M","R","?","M","T","$","R","E","R","E"],"character_chosen":"DEFECT","items_purchased":["Toxic Egg 2","Glacier+1"],"campfire_rested":0,"item_purchase_floors":[10,10],"current_hp_per_floor":[37,37,30,23,23,23,23,35,42,42,42,33,33,7],"gold":50,"neow_bonus":"RANDOM_COLORLESS_2","is_prod":false,"is_daily":false,"chose_seed":false,"campfire_upgraded":3,"win_rate":0,"timestamp":1565641970,"path_taken":["M","?","M","?","M","R","?","?","T","$","R","E","R","E"],"build_version":"2019-07-17","purchased_purges":1,"victory":false,"max_hp_per_floor":[71,71,71,71,71,71,71,71,78,78,78,78,78,78],"card_choices":[{"not_picked":["Auto Shields","Go for the Eyes"],"picked":"BootSequence","floor":1},{"not_picked":["Steam","Redo"],"picked":"Coolheaded","floor":3},{"not_picked":["Turbo","Aggregate"],"picked":"Go for the Eyes","floor":5},{"not_picked":["Force Field","Storm"],"picked":"Fusion","floor":8},{"not_picked":["Force Field+1","Coolheaded+1"],"picked":"Defragment","floor":12}],"player_experience":1850980,"relics_obtained":[{"floor":9,"key":"Strawberry"},{"floor":12,"key":"PreservedInsect"}],"event_choices":[{"damage_healed":0,"gold_gain":150,"player_choice":"AGREE","damage_taken":0,"max_hp_gain":0,"max_hp_loss":0,"event_name":"Liars Game","floor":2,"gold_loss":0,"cards_obtained":["Doubt"]},{"cards_removed":["Doubt"],"damage_healed":0,"gold_gain":0,"player_choice":"Card Removal","damage_taken":7,"max_hp_gain":0,"max_hp_loss":0,"event_name":"Golden Wing","floor":4,"gold_loss":0},{"damage_healed":0,"gold_gain":100,"player_choice":"Gold","damage_taken":0,"max_hp_gain":0,"max_hp_loss":0,"event_name":"Wheel of Change","floor":7,"gold_loss":0}],"is_beta":false,"boss_relics":[],"items_purged_floors":[10],"is_endless":false,"potions_floor_spawned":[3,5,8],"killed_by":"Gremlin Nob","ascension_level":17}