{"gold_per_floor":[116,96,108,120,49,49,79,79,79,79,98,114,130,130],"floor_reached":14,"playtime":599,"items_purged":[],"score":129,"play_id":"2af85011-a71a-4db5-9597-ddae90200b2a","local_time":"20180825221604","is_ascension_mode":true,"campfire_choices":[{"data":"Zap","floor":6,"key":"SMITH"},{"data":"Dualcast","floor":8,"key":"SMITH"}],"neow_cost":"NONE","seed_source_timestamp":645814389169970,"circlet_count":0,"master_deck":["Strike_B","Strike_B","Strike_B","Defend_B","Defend_B","Defend_B","Defend_B","Zap+1","Dualcast+1","Conserve Battery","White Noise","Conserve Battery","Cold Snap","Hologram","All For One","Barrage","White Noise","Redo"],"relics":["Cracked Core","The Courier","Darkstone Periapt","Nunchaku"],"potions_floor_usage":[7,12],"damage_taken":[{"damage":4,"enemies":"2 Louse","floor":1,"turns":3},{"damage":0,"enemies":"Cultist","floor":3,"turns":4},{"damage":7,"enemies":"Small Slimes","floor":4,"turns":3},{"damage":25,"enemies":"Gremlin Nob","floor":7,"turns":4},{"damage":5,"enemies":"2 Fungi Beasts","floor":11,"turns":3},{"damage":16,"enemies":"Exordium Thugs","floor":12,"turns":5},{"damage":0,"enemies":"Looter","floor":13,"turns":4},{"damage":10,"enemies":"Gremlin Gang","floor":14,"turns":2}],"seed_played":"8900832579382267543","potions_obtained":[{"floor":2,"key":"GamblersBrew"},{"floor":7,"key":"SkillPotion"},{"floor":11,"key":"Block Potion"},{"floor":12,"key":"FocusPotion"},{"floor":13,"key":"EssenceOfSteel"}],"is_trial":false,"path_per_floor":["M","?","M","M","$","R","E","R","T","?","M","M","M"],"character_chosen":"DEFECT","items_purchased":["Cold Snap","Hologram"],"campfire_rested":0,"item_purchase_floors":[5,5],"current_hp_per_floor":[64,64,64,57,57,57,32,32,32,29,24,8,8,0],"gold":130,"neow_bonus":"REMOVE_CARD","is_prod":false,"is_daily":false,"chose_seed":false,"campfire_upgraded":2,"win_rate":0,"timestamp":1535231764,"path_taken":["M","?","?","M","$","R","E","R","T","?","M","M","M","M"],"build_version":"2018-08-23v2","purchased_purges":0,"victory":false,"max_hp_per_floor":[75,75,75,75,75,75,75,75,75,75,75,75,75,75],"card_choices":[{"not_picked":["Barrage","Stack"],"picked":"Conserve Battery","floor":1},{"not_picked":["Heatsinks","Stack"],"picked":"White Noise","floor":3},{"not_picked":["Steam","Fusion"],"picked":"Conserve Battery","floor":4},{"not_picked":["Go for the Eyes","Self Repair"],"picked":"All For One","floor":7},{"not_picked":["Rip and Tear","Turbo"],"picked":"Barrage","floor":11},{"not_picked":["Storm","Cold Snap"],"picked":"White Noise","floor":12},{"not_picked":["Gash","Steam Power"],"picked":"Redo","floor":13}],"player_experience":604458,"relics_obtained":[{"floor":7,"key":"The Courier"},{"floor":9,"key":"Darkstone Periapt"}],"event_choices":[{"event_name":"The Woman in Blue","player_choice":"Bought 1 Potion","floor":2,"damage_taken":0},{"event_name":"Scrap Ooze","player_choice":"success","floor":10,"damage_taken":3}],"is_beta":false,"boss_relics":[],"items_purged_floors":[],"is_endless":false,"potions_floor_spawned":[7,11,12,13],"killed_by":"Gremlin Gang","ascension_level":8}