{"gold_per_floor":[114,114,127,127,147,185,185,185,185,198,198,218,218,237,237,336,336,357,372,372,219,242,242,242,285,285,187,206,206,206,238,238,238],"floor_reached":33,"playtime":1938,"items_purged":["Strike_G"],"score":485,"play_id":"4fa794d1-e800-4c22-9a92-6bde915ef0a3","local_time":"20190521204305","is_ascension_mode":true,"campfire_choices":[{"floor":7,"key":"REST"},{"data":"Neutralize","floor":11,"key":"SMITH"},{"data":"Crippling Poison","floor":13,"key":"SMITH"},{"data":"Leg Sweep","floor":15,"key":"SMITH"},{"data":"Choke","floor":23,"key":"SMITH"},{"data":"Catalyst","floor":32,"key":"SMITH"}],"neow_cost":"NONE","seed_source_timestamp":61729213776891,"circlet_count":0,"master_deck":["AscendersBane","Defend_G+1","Defend_G+1","Defend_G+1","Defend_G+1","Defend_G+1","Strike_G+1","Strike_G+1","Strike_G+1","Strike_G+1","Survivor","Neutralize+1","Choke+1","Leg Sweep+1","Crippling Poison+1","Calculated Gamble","Endless Agony","Adrenaline","Footwork+1","Dagger Spray+1","Cloak And Dagger+1","Bandage Up","Catalyst+1"],"relics":["Ring of the Snake","Snake Skull","Bloody Idol","Singing Bowl","Kunai","Coffee Dripper","Bronze Scales","Pantograph","Vajra"],"potions_floor_usage":[6,16,19,25,33,33],"damage_taken":[{"damage":4,"enemies":"Small Slimes","floor":1,"turns":4},{"damage":0,"enemies":"2 Louse","floor":3,"turns":2},{"damage":0,"enemies":"Jaw Worm","floor":5,"turns":4},{"damage":23,"enemies":"Gremlin Nob","floor":6,"turns":5},{"damage":3,"enemies":"Looter","floor":10,"turns":3},{"damage":11,"enemies":"Exordium Wildlife","floor":12,"turns":7},{"damage":0,"enemies":"Blue Slaver","floor":14,"turns":4},{"damage":13,"enemies":"The Guardian","floor":16,"turns":23},{"damage":2,"enemies":"2 Thieves","floor":18,"turns":4},{"damage":12,"enemies":"Shell Parasite","floor":19,"turns":6},{"damage":15,"enemies":"Snake Plant","floor":22,"turns":8},{"damage":21,"enemies":"Book of Stabbing","floor":25,"turns":7},{"damage":0,"enemies":"3 Cultists","floor":28,"turns":4},{"damage":6,"enemies":"Colosseum Slavers","floor":30,"turns":6},{"damage":15,"enemies":"Slavers","floor":31,"turns":5},{"damage":55,"enemies":"Collector","floor":33,"turns":6}],"seed_played":"-7493336615391649863","potions_obtained":[{"floor":3,"key":"FearPotion"},{"floor":10,"key":"Dexterity Potion"},{"floor":14,"key":"EssenceOfSteel"},{"floor":18,"key":"SkillPotion"},{"floor":25,"key":"Strength Potion"}],"is_trial":false,"path_per_floor":["M","?","M","?","M","E","R","?","T","M","R","M","R","M","R","B",null,"M","M","?","$","M","R","?","E","T","$","M","?","?","E","R","B"],"character_chosen":"THE_SILENT","items_purchased":["Regen Potion","Bandage Up"],"campfire_rested":1,"item_purchase_floors":[21,27],"current_hp_per_floor":[55,55,55,39,39,18,38,43,43,40,40,31,31,31,31,18,61,61,49,49,49,34,34,34,28,28,28,34,34,32,26,26,0],"gold":238,"neow_bonus":"RANDOM_COMMON_RELIC","is_prod":false,"is_daily":false,"chose_seed":false,"campfire_upgraded":5,"win_rate":0,"timestamp":1558467785,"path_taken":["M","?","M","?","?","E","R","?","T","M","R","M","R","M","R","BOSS","M","M","?","$","M","R","?","E","T","$","M","?","?","E","R","BOSS"],"build_version":"2019-01-23","purchased_purges":1,"victory":false,"max_hp_per_floor":[66,66,66,66,66,68,68,73,73,73,73,75,75,75,75,75,75,77,77,77,77,77,77,77,77,77,77,79,79,79,79,79,79],"card_choices":[{"not_picked":["Prepared","Bane"],"picked":"Choke","floor":1},{"not_picked":["Acrobatics","Slice"],"picked":"Leg Sweep","floor":3},{"not_picked":["Sucker Punch","Poisoned Stab"],"picked":"Crippling Poison","floor":5},{"not_picked":["Slice","Blade Dance","Flying Knee"],"picked":"Singing Bowl","floor":6},{"not_picked":["Phantasmal Killer","Sucker Punch"],"picked":"Calculated Gamble","floor":10},{"not_picked":["Dodge and Roll","Blur","Finisher"],"picked":"Singing Bowl","floor":12},{"not_picked":["Slice","Caltrops"],"picked":"Endless Agony","floor":14},{"not_picked":["After Image","Unload"],"picked":"Adrenaline","floor":16},{"not_picked":["Slice+1","Choke+1","Acrobatics"],"picked":"Singing Bowl","floor":18},{"not_picked":["Caltrops","Poisoned Stab"],"picked":"Footwork+1","floor":19},{"not_picked":["Sucker Punch","Backflip"],"picked":"Dagger Spray+1","floor":22},{"not_picked":["Predator","Expertise+1"],"picked":"Cloak And Dagger+1","floor":25},{"not_picked":["Accuracy","Flying Knee","Heel Hook"],"picked":"Singing Bowl","floor":28},{"not_picked":["Blade Dance","Dash"],"picked":"Catalyst","floor":31}],"player_experience":1036162,"relics_obtained":[{"floor":6,"key":"Singing Bowl"},{"floor":9,"key":"Kunai"},{"floor":25,"key":"Bronze Scales"},{"floor":26,"key":"Pantograph"},{"floor":31,"key":"Vajra"}],"event_choices":[{"damage_healed":0,"gold_gain":0,"player_choice":"Ignored","damage_taken":0,"max_hp_gain":0,"max_hp_loss":0,"event_name":"Liars Game","floor":2,"gold_loss":0},{"damage_healed":0,"gold_gain":0,"player_choice":"Take Damage","damage_taken":16,"relics_obtained":["Golden Idol"],"max_hp_gain":0,"max_hp_loss":0,"event_name":"Golden Idol","floor":4,"gold_loss":0},{"damage_healed":0,"gold_gain":0,"player_choice":"Donut","damage_taken":0,"max_hp_gain":5,"max_hp_loss":0,"event_name":"Big Fish","floor":8,"gold_loss":0},{"damage_healed":0,"gold_gain":0,"player_choice":"Ignored","damage_taken":0,"max_hp_gain":0,"max_hp_loss":0,"event_name":"Ghosts","floor":20,"gold_loss":0},{"damage_healed":0,"gold_gain":0,"player_choice":"Simplicity","damage_taken":0,"max_hp_gain":0,"max_hp_loss":0,"event_name":"Back to Basics","floor":24,"gold_loss":0,"cards_upgraded":["Defend_G","Defend_G","Defend_G","Defend_G","Defend_G","Strike_G","Strike_G","Strike_G","Strike_G"]},{"damage_healed":0,"gold_gain":0,"player_choice":"Gave Idol","damage_taken":0,"relics_obtained":["Bloody Idol"],"max_hp_gain":0,"max_hp_loss":0,"event_name":"Forgotten Altar","floor":29,"relics_lost":["Golden Idol"],"gold_loss":0},{"damage_healed":0,"gold_gain":0,"player_choice":"Fight","damage_taken":0,"max_hp_gain":0,"max_hp_loss":0,"event_name":"Colosseum","floor":30,"gold_loss":0},{"damage_healed":0,"gold_gain":0,"player_choice":"Fled From Nobs","damage_taken":0,"max_hp_gain":0,"max_hp_loss":0,"event_name":"Colosseum","floor":30,"gold_loss":0}],"is_beta":false,"boss_relics":[{"not_picked":["Black Star","White Beast Statue"],"picked":"Coffee Dripper"}],"items_purged_floors":[21],"is_endless":false,"potions_floor_spawned":[3,10,14,18,22,25,30],"killed_by":"Collector","ascension_level":14}