{"gold_per_floor":[119,119,21,35,50,50,82,82,105,105,5,5,19,53,53,130,130,150,25,25,37,54,54,65,65],"floor_reached":25,"playtime":955,"items_purged":["Strike_R","Strike_R","Perfected Strike+1"],"score":348,"play_id":"636cc4a9-3a1f-4d49-962f-520c3bddf5ab","local_time":"20190306215706","is_ascension_mode":true,"campfire_choices":[{"data":"Immolate","floor":6,"key":"SMITH"},{"data":"Bash","floor":10,"key":"SMITH"},{"data":"Body Slam","floor":12,"key":"SMITH"},{"floor":15,"key":"REST"},{"data":"Armaments","floor":23,"key":"SMITH"}],"neow_cost":"PERCENT_DAMAGE","seed_source_timestamp":60935462126400,"circlet_count":0,"master_deck":["AscendersBane","Defend_R+1","Defend_R+1","Defend_R","Bash+1","Immolate+1","Seeing Red+1","Flex","Clothesline","Shrug It Off","Body Slam+1","Whirlwind+1","Dual Wield","Double Tap","Rampage+1","Spot Weakness+1","Second Wind","Armaments+1","True Grit"],"relics":["Burning Blood","PreservedInsect","War Paint","Frozen Egg 2","Astrolabe"],"potions_floor_usage":[16,16,24],"damage_taken":[{"damage":8,"enemies":"Jaw Worm","floor":1,"turns":4},{"damage":6,"enemies":"Cultist","floor":4,"turns":3},{"damage":10,"enemies":"Small Slimes","floor":5,"turns":3},{"damage":15,"enemies":"Gremlin Nob","floor":7,"turns":4},{"damage":1,"enemies":"Red Slaver","floor":13,"turns":3},{"damage":18,"enemies":"Lagavulin","floor":14,"turns":5},{"damage":47,"enemies":"The Guardian","floor":16,"turns":12},{"damage":0,"enemies":"Spheric Guardian","floor":18,"turns":3},{"damage":0,"enemies":"3 Byrds","floor":21,"turns":2},{"damage":4,"enemies":"Cultist and Chosen","floor":22,"turns":3},{"damage":35,"enemies":"Snake Plant","floor":24,"turns":3},{"damage":52,"enemies":"Shelled Parasite and Fungi","floor":25,"turns":6}],"seed_played":"-7767851125529238974","potions_obtained":[{"floor":7,"key":"Dexterity Potion"},{"floor":14,"key":"Swift Potion"},{"floor":16,"key":"GamblersBrew"},{"floor":18,"key":"FearPotion"},{"floor":21,"key":"Dexterity Potion"}],"is_trial":false,"path_per_floor":["M","?","$","M","M","R","E","?","T","R","$","R","M","E","R","B",null,"M","$","?","M","M","R","M","M"],"character_chosen":"IRONCLAD","items_purchased":["Flex"],"campfire_rested":1,"item_purchase_floors":[3],"current_hp_per_floor":[49,49,49,49,45,45,36,36,36,36,36,36,41,29,53,12,63,69,69,69,75,77,77,48,0],"gold":65,"neow_bonus":"THREE_RARE_CARDS","is_prod":false,"is_daily":false,"chose_seed":false,"campfire_upgraded":4,"win_rate":0,"timestamp":1551905826,"path_taken":["M","?","?","M","M","R","E","?","T","R","$","R","?","E","R","BOSS","M","?","?","M","?","R","M","M"],"build_version":"2019-01-23","purchased_purges":3,"victory":false,"max_hp_per_floor":[80,80,80,80,80,80,80,80,80,80,80,80,80,80,80,80,80,80,80,80,80,80,80,80,80],"card_choices":[{"not_picked":["Offering","Double Tap"],"picked":"Immolate","floor":0},{"not_picked":["Body Slam","Searing Blow"],"picked":"Seeing Red","floor":1},{"not_picked":["Anger","Clash"],"picked":"Clothesline","floor":4},{"not_picked":["Body Slam","Sentinel"],"picked":"Shrug It Off","floor":5},{"not_picked":["Wild Strike","Clothesline"],"picked":"Body Slam","floor":7},{"not_picked":["Pommel Strike","Pummel"],"picked":"Whirlwind","floor":13},{"not_picked":["Combust","Offering"],"picked":"Dual Wield","floor":14},{"not_picked":["Brutality+1","Juggernaut+1"],"picked":"Double Tap","floor":16},{"not_picked":["Cleave","Warcry","Clash"],"picked":"SKIP","floor":18},{"not_picked":["Entrench","Heavy Blade"],"picked":"Second Wind","floor":21},{"not_picked":["Anger","Flex"],"picked":"Armaments","floor":22},{"not_picked":["Armaments","Flex"],"picked":"True Grit","floor":24}],"player_experience":954604,"relics_obtained":[{"floor":7,"key":"PreservedInsect"},{"floor":9,"key":"War Paint"},{"floor":14,"key":"Frozen Egg 2"}],"event_choices":[{"cards_removed":["Strike_R"],"damage_healed":0,"gold_gain":0,"player_choice":"Offered Basic","damage_taken":0,"max_hp_gain":0,"max_hp_loss":0,"event_name":"Bonfire Elementals","floor":2,"gold_loss":0},{"damage_healed":0,"gold_gain":0,"player_choice":"Upgraded","damage_taken":0,"max_hp_gain":0,"max_hp_loss":0,"event_name":"Upgrade Shrine","floor":8,"gold_loss":0,"cards_upgraded":["Seeing Red"]},{"damage_healed":0,"gold_gain":0,"player_choice":"Upgraded","damage_taken":0,"max_hp_gain":0,"max_hp_loss":0,"event_name":"Upgrade Shrine","floor":20,"gold_loss":0,"cards_upgraded":["Whirlwind"]}],"is_beta":false,"boss_relics":[{"not_picked":["Runic Pyramid","Empty Cage"],"picked":"Astrolabe"}],"items_purged_floors":[3,11,19],"is_endless":false,"potions_floor_spawned":[7,14,16,18,21],"killed_by":"Shelled Parasite and Fungi","ascension_level":13}