{"gold_per_floor":[115,129,147,147,167,167,196,196,223,223,1,1,1,14,14,14],"floor_reached":16,"playtime":622,"items_purged":["Strike_R"],"score":185,"play_id":"f79b90ce-19dc-4403-893e-af12bd9b7bb4","local_time":"20190706124554","is_ascension_mode":true,"campfire_choices":[{"data":"Clothesline","floor":6,"key":"SMITH"},{"data":"Second Wind","floor":8,"key":"SMITH"},{"data":"Body Slam","floor":10,"key":"SMITH"},{"data":"Battle Trance","floor":13,"key":"SMITH"},{"data":"Uppercut","floor":15,"key":"SMITH"}],"neow_cost":"NONE","seed_source_timestamp":11770108082700,"circlet_count":0,"master_deck":["AscendersBane","Strike_R+1","Strike_R","Strike_R","Strike_R+1","Defend_R","Defend_R","Defend_R","Defend_R","Bash+1","Anger","Second Wind+1","Battle Trance+1","Clothesline+1","Body Slam+1","Flex+1","Shrug It Off","Uppercut+1","Clash"],"relics":["Burning Blood","Whetstone","Happy Flower"],"potions_floor_usage":[5,7,16],"damage_taken":[{"damage":7,"enemies":"Cultist","floor":1,"turns":4},{"damage":4,"enemies":"2 Louse","floor":2,"turns":3},{"damage":4,"enemies":"Small Slimes","floor":3,"turns":4},{"damage":14,"enemies":"Exordium Wildlife","floor":5,"turns":4},{"damage":32,"enemies":"3 Sentries","floor":7,"turns":9},{"damage":14,"enemies":"Lots of Slimes","floor":14,"turns":5},{"damage":37,"enemies":"Slime Boss","floor":16,"turns":8}],"seed_played":"1521497886934317249","potions_obtained":[{"floor":2,"key":"Poison Potion"},{"floor":5,"key":"SpeedPotion"},{"floor":14,"key":"SpeedPotion"}],"is_trial":false,"path_per_floor":["M","M","M","?","M","R","E","R","T","R","$","?","R","M","R","B"],"character_chosen":"IRONCLAD","items_purchased":["Flex","Shrug It Off","Uppercut"],"campfire_rested":0,"item_purchase_floors":[11,11,11],"current_hp_per_floor":[74,76,78,78,70,70,44,44,44,44,44,44,44,36,36,0],"gold":14,"neow_bonus":"TEN_PERCENT_HP_BONUS","is_prod":false,"is_daily":false,"chose_seed":false,"campfire_upgraded":5,"win_rate":0,"timestamp":1562409954,"path_taken":["M","?","M","?","M","R","E","R","T","R","?","?","R","?","R","BOSS"],"build_version":"2019-07-05","purchased_purges":1,"victory":false,"max_hp_per_floor":[82,82,82,82,82,82,82,82,82,82,82,82,82,82,82,82],"card_choices":[{"not_picked":["Iron Wave","Wild Strike"],"picked":"Anger","floor":1},{"not_picked":["Intimidate","Fire Breathing"],"picked":"Second Wind","floor":2},{"not_picked":["Flex","Combust"],"picked":"Battle Trance","floor":3},{"not_picked":["Wild Strike","Perfected Strike"],"picked":"Clothesline","floor":5},{"not_picked":["Blood for Blood","Seeing Red"],"picked":"Body Slam","floor":7},{"not_picked":["Dropkick","Rupture"],"picked":"Clash","floor":14}],"player_experience":1612274,"relics_obtained":[{"floor":7,"key":"Whetstone"},{"floor":9,"key":"Happy Flower"}],"event_choices":[{"damage_healed":0,"gold_gain":0,"player_choice":"Upgraded","damage_taken":0,"max_hp_gain":0,"max_hp_loss":0,"event_name":"Upgrade Shrine","floor":4,"gold_loss":0,"cards_upgraded":["Bash"]},{"damage_healed":0,"gold_gain":0,"player_choice":"Grow","damage_taken":0,"max_hp_gain":0,"max_hp_loss":0,"event_name":"Living Wall","floor":12,"gold_loss":0,"cards_upgraded":["Flex"]}],"is_beta":false,"boss_relics":[],"items_purged_floors":[11],"is_endless":false,"potions_floor_spawned":[2,5,14],"killed_by":"Slime Boss","ascension_level":17}