{"gold_per_floor":[11,31,31,49,49,63,96,113,140,140,39,66,3,18,18,18],"floor_reached":16,"playtime":686,"items_purged":["Strike_B"],"score":190,"play_id":"33f1c6ae-c3b2-49d6-a987-1e5a3c269e0a","local_time":"20190423101841","is_ascension_mode":true,"campfire_choices":[{"floor":10,"key":"REST"},{"data":"Double Energy","floor":15,"key":"SMITH"}],"neow_cost":"NO_GOLD","seed_source_timestamp":43202631543900,"circlet_count":0,"master_deck":["AscendersBane","Strike_B","Strike_B","Defend_B","Defend_B","Defend_B","Defend_B","Zap","Dualcast","Ball Lightning","Coolheaded","Conserve Battery","Sweeping Beam","Reinforced Body","Capacitor","Go for the Eyes","Redo","Conserve Battery","Double Energy+1"],"relics":["Cracked Core","Gambling Chip","Juzu Bracelet","Dream Catcher","Bag of Marbles","Vajra","Ornamental Fan"],"potions_floor_usage":[6,8,8,12,16],"damage_taken":[{"damage":7,"enemies":"Small Slimes","floor":1,"turns":3},{"damage":2,"enemies":"Jaw Worm","floor":2,"turns":3},{"damage":0,"enemies":"Cultist","floor":4,"turns":3},{"damage":0,"enemies":"Red Slaver","floor":6,"turns":4},{"damage":16,"enemies":"3 Sentries","floor":7,"turns":6},{"damage":5,"enemies":"Exordium Thugs","floor":8,"turns":4},{"damage":11,"enemies":"Lagavulin","floor":12,"turns":7},{"damage":0,"enemies":"Large Slime","floor":14,"turns":5},{"damage":39,"enemies":"Hexaghost","floor":16,"turns":12}],"seed_played":"5410395557975407428","potions_obtained":[{"floor":2,"key":"Fire Potion"},{"floor":6,"key":"Energy Potion"},{"floor":7,"key":"Energy Potion"},{"floor":8,"key":"Energy Potion"},{"floor":14,"key":"Energy Potion"}],"is_trial":false,"path_per_floor":["M","M","?","M","T","M","E","M","T","R","$","E","?","M","R","B"],"character_chosen":"DEFECT","items_purchased":["Redo"],"campfire_rested":1,"item_purchase_floors":[11],"current_hp_per_floor":[57,55,48,48,48,48,32,27,27,48,48,37,37,37,37,0],"gold":18,"neow_bonus":"ONE_RARE_RELIC","is_prod":false,"is_daily":false,"chose_seed":false,"campfire_upgraded":1,"win_rate":0,"timestamp":1556007521,"path_taken":["M","M","?","M","?","M","E","M","T","R","$","E","?","M","R","BOSS"],"build_version":"2019-01-23","purchased_purges":1,"victory":false,"max_hp_per_floor":[71,71,71,71,71,71,71,71,71,71,71,71,71,71,71,71],"card_choices":[{"not_picked":["Rebound","Cold Snap"],"picked":"Ball Lightning","floor":1},{"not_picked":["Heatsinks","Redo"],"picked":"Coolheaded","floor":2},{"not_picked":["Streamline","Go for the Eyes"],"picked":"Conserve Battery","floor":4},{"not_picked":["Gash","Storm"],"picked":"Sweeping Beam","floor":6},{"not_picked":["Steam","Sweeping Beam"],"picked":"Reinforced Body","floor":7},{"not_picked":["Redo","Coolheaded"],"picked":"Capacitor","floor":8},{"not_picked":["Static Discharge","Blizzard"],"picked":"Go for the Eyes","floor":10},{"not_picked":["Genetic Algorithm","Heatsinks"],"picked":"Conserve Battery","floor":12},{"not_picked":["Ball Lightning","Hologram"],"picked":"Double Energy","floor":14}],"player_experience":1044027,"relics_obtained":[{"floor":5,"key":"Juzu Bracelet"},{"floor":7,"key":"Dream Catcher"},{"floor":9,"key":"Bag of Marbles"},{"floor":12,"key":"Vajra"}],"event_choices":[{"cards_removed":["Strike_B"],"damage_healed":0,"gold_gain":0,"player_choice":"Card Removal","damage_taken":7,"max_hp_gain":0,"max_hp_loss":0,"event_name":"Golden Wing","floor":3,"gold_loss":0},{"damage_healed":0,"gold_gain":0,"player_choice":"Paid Gold","damage_taken":0,"relics_obtained":["Ornamental Fan"],"max_hp_gain":0,"max_hp_loss":0,"event_name":"WeMeetAgain","floor":13,"gold_loss":63}],"is_beta":false,"boss_relics":[],"items_purged_floors":[11],"is_endless":false,"potions_floor_spawned":[2,6,7,8,14],"killed_by":"Hexaghost","ascension_level":14}