{"gold_per_floor":[116,136,151,168,183,183,199,199,199,228,243,243,318,318,318,396,396,414,414,170,170,180,180,207,207,207,207,232,249,278,295,295,373,373,387,387,407,407,8,37,37,37,37,37,65,85,96,111,111,111,111],"floor_reached":52,"playtime":2695,"items_purged":["Strike_B"],"score":2044,"play_id":"39a58163-c6c7-4801-9616-daa464517162","local_time":"20190403040333","is_ascension_mode":true,"campfire_choices":[{"data":"Sunder","floor":6.0,"key":"SMITH"},{"data":"Defragment","floor":8.0,"key":"SMITH"},{"data":"Skim","floor":12.0,"key":"SMITH"},{"floor":15.0,"key":"REST"},{"floor":23.0,"key":"REST"},{"data":"Thunder Strike","floor":25.0,"key":"SMITH"},{"data":"Reinforced Body","floor":27.0,"key":"SMITH"},{"floor":32.0,"key":"REST"},{"floor":41.0,"key":"REST"},{"data":"Loop","floor":44.0,"key":"SMITH"},{"data":"Tempest","floor":49.0,"key":"SMITH"}],"neow_cost":"NONE","seed_source_timestamp":1439778263718048,"circlet_count":0,"master_deck":["AscendersBane","Defend_B","Defend_B","Defend_B","Defend_B","Zap","Defragment+1","Sunder+1","Ball Lightning","Conserve Battery","Skim+1","Meteor Strike","Cold Snap","Thunder Strike+1","White Noise+1","White Noise+1","White Noise+1","Reinforced Body+1","Rebound+1","Glacier","Tempest+1","Electrodynamics","Redo+1","Meteor Strike","Self Repair+1","Sunder","Loop+1","Cold Snap+1","Conserve Battery","Undo+1","Reinforced Body"],"special_seed":0,"relics":["Snecko Eye","Vajra","Juzu Bracelet","Regal Pillow","Astrolabe","Strawberry","Bottled Lightning","Oddly Smooth Stone","Boot","Potion Belt","Inserter","Calipers","Orichalcum","Pear"],"potions_floor_usage":[51],"damage_taken":[{"damage":6.0,"enemies":"Cultist","floor":1.0,"turns":3.0},{"damage":2.0,"enemies":"Jaw Worm","floor":2.0,"turns":2.0},{"damage":0.0,"enemies":"2 Louse","floor":3.0,"turns":2.0},{"damage":4.0,"enemies":"Red Slaver","floor":4.0,"turns":2.0},{"damage":5.0,"enemies":"Lots of Slimes","floor":5.0,"turns":4.0},{"damage":12.0,"enemies":"Looter","floor":7.0,"turns":3.0},{"damage":2.0,"enemies":"Gremlin Nob","floor":10.0,"turns":3.0},{"damage":5.0,"enemies":"Gremlin Gang","floor":11.0,"turns":3.0},{"damage":17.0,"enemies":"The Guardian","floor":16.0,"turns":5.0},{"damage":11.0,"enemies":"Shell Parasite","floor":18.0,"turns":2.0},{"damage":22.0,"enemies":"2 Thieves","floor":22.0,"turns":3.0},{"damage":18.0,"enemies":"Slavers","floor":24.0,"turns":3.0},{"damage":0.0,"enemies":"Gremlin Leader","floor":28.0,"turns":6.0},{"damage":0.0,"enemies":"Snecko","floor":29.0,"turns":3.0},{"damage":18.0,"enemies":"Book of Stabbing","floor":30.0,"turns":4.0},{"damage":18.0,"enemies":"Snake Plant","floor":31.0,"turns":3.0},{"damage":0.0,"enemies":"Automaton","floor":33.0,"turns":9.0},{"damage":0.0,"enemies":"3 Darklings","floor":35.0,"turns":3.0},{"damage":0.0,"enemies":"3 Shapes","floor":37.0,"turns":4.0},{"damage":45.0,"enemies":"Giant Head","floor":40.0,"turns":7.0},{"damage":15.0,"enemies":"Nemesis","floor":45.0,"turns":5.0},{"damage":16.0,"enemies":"Transient","floor":46.0,"turns":6.0},{"damage":2.0,"enemies":"Spire Growth","floor":47.0,"turns":3.0},{"damage":0.0,"enemies":"Sphere and 2 Shapes","floor":48.0,"turns":2.0},{"damage":32.0,"enemies":"Time Eater","floor":50.0,"turns":11.0},{"damage":56,"enemies":"Donu and Deca","floor":51,"turns":8}],"seed_played":"1769851516643064488","potions_obtained":[{"floor":1.0,"key":"FocusPotion"},{"floor":3.0,"key":"Weak Potion"},{"floor":16.0,"key":"Explosive Potion"},{"floor":18.0,"key":"Dexterity Potion"},{"floor":28.0,"key":"FocusPotion"},{"floor":29.0,"key":"LiquidBronze"},{"floor":33.0,"key":"Ancient Potion"},{"floor":35.0,"key":"EssenceOfSteel"},{"floor":40.0,"key":"AttackPotion"},{"floor":46.0,"key":"PowerPotion"},{"floor":48.0,"key":"SkillPotion"}],"is_trial":false,"path_per_floor":["M","M","M","M","M","R","M","R","T","E","M","R","?","?","R","B",null,"M","?","$","?","M","R","E","R","T","R","E","M","E","M","R","B",null,"M","?","M","?","$","E","R","$","T","R","E","M","M","M","R","B","B",null],"character_chosen":"DEFECT","items_purchased":["Strawberry","Calipers","Loop"],"campfire_rested":4,"item_purchase_floors":[20,39,39],"current_hp_per_floor":[58,56,56,52,47,47,35,35,35,33,28,28,17,17,53,36,62,51,51,58,58,36,74,56,56,56,56,56,56,38,20,58,58,73,73,73,78,78,78,43,78,78,78,78,83,87,85,88,88,66,20],"gold":111,"neow_bonus":"BOSS_RELIC","is_prod":false,"is_daily":false,"chose_seed":false,"campfire_upgraded":7,"win_rate":0,"timestamp":1554257013,"path_taken":["M","M","M","M","M","R","M","R","T","E","M","R","?","?","R","BOSS","M","?","$","?","M","R","E","R","T","R","E","M","E","M","R","BOSS","M","?","M","?","$","E","R","?","T","R","E","M","M","M","R","BOSS","BOSS"],"build_version":"2019-01-23","purchased_purges":1,"victory":true,"max_hp_per_floor":[71,71,71,71,71,71,71,71,71,71,71,71,71,71,71,71,71,71,71,78,78,78,78,78,78,78,78,78,78,78,78,78,78,78,78,78,78,78,78,78,78,78,78,78,88,88,88,88,88,88,88],"card_choices":[{"not_picked":["Fusion","Redo"],"picked":"Defragment","floor":1.0},{"not_picked":["Cold Snap","Doom and Gloom"],"picked":"Sunder","floor":2.0},{"not_picked":["Gash","Conserve Battery"],"picked":"Ball Lightning","floor":3.0},{"not_picked":["Double Energy","Storm"],"picked":"Conserve Battery","floor":4.0},{"not_picked":["Go for the Eyes","Compile Driver"],"picked":"Skim","floor":5.0},{"not_picked":["Storm","Heatsinks"],"picked":"Meteor Strike","floor":7.0},{"not_picked":["Sweeping Beam","Barrage"],"picked":"Cold Snap","floor":10.0},{"not_picked":["Sweeping Beam","Steam","Barrage"],"picked":"SKIP","floor":11.0},{"not_picked":["Amplify","Fission"],"picked":"Thunder Strike","floor":16.0},{"not_picked":["Hello World","Beam Cell","Consume"],"picked":"SKIP","floor":18.0},{"not_picked":["Force Field","Sweeping Beam"],"picked":"Rebound+1","floor":22.0},{"not_picked":["Melter+1","Lockon"],"picked":"Glacier","floor":24.0},{"not_picked":["Leap","Streamline","Doom and Gloom"],"picked":"SKIP","floor":28.0},{"not_picked":["Cold Snap","Chill"],"picked":"Tempest","floor":29.0},{"not_picked":["BootSequence","Leap"],"picked":"Electrodynamics","floor":30.0},{"not_picked":["Compile Driver","Heatsinks"],"picked":"Redo+1","floor":31.0},{"not_picked":["All For One","Biased Cognition"],"picked":"Meteor Strike","floor":33.0},{"not_picked":["Compile Driver","Streamline"],"picked":"Self Repair+1","floor":35.0},{"not_picked":["Barrage","Go for the Eyes"],"picked":"Sunder","floor":37.0},{"not_picked":["Turbo","BootSequence","Hello World"],"picked":"SKIP","floor":40.0},{"not_picked":["Gash","Reboot"],"picked":"Cold Snap+1","floor":45.0},{"not_picked":["Scrape","Streamline"],"picked":"Conserve Battery","floor":46.0},{"not_picked":["Chaos+1","Sweeping Beam"],"picked":"Undo+1","floor":47.0},{"not_picked":["Stack","Melter"],"picked":"Reinforced Body","floor":48.0}],"player_experience":753032,"relics_obtained":[{"floor":9.0,"key":"Vajra"},{"floor":10.0,"key":"Juzu Bracelet"},{"floor":24.0,"key":"Bottled Lightning"},{"floor":26.0,"key":"Oddly Smooth Stone"},{"floor":28.0,"key":"Boot"},{"floor":30.0,"key":"Potion Belt"},{"floor":40.0,"key":"Orichalcum"},{"floor":45.0,"key":"Pear"}],"event_choices":[{"damage_healed":0.0,"max_hp_gain":0.0,"max_hp_loss":0.0,"gold_gain":75.0,"event_name":"World of Goop","player_choice":"Gather Gold","floor":13.0,"gold_loss":0.0,"damage_taken":11.0},{"damage_healed":0.0,"max_hp_gain":0.0,"max_hp_loss":0.0,"gold_gain":0.0,"event_name":"WeMeetAgain","player_choice":"Gave Potion","floor":14.0,"gold_loss":0.0,"damage_taken":0.0,"relics_obtained":["Regal Pillow"]},{"damage_healed":0.0,"max_hp_gain":0.0,"max_hp_loss":0.0,"gold_gain":0.0,"event_name":"Cursed Tome","player_choice":"Ignored","floor":19.0,"gold_loss":0.0,"damage_taken":0.0},{"damage_healed":0.0,"max_hp_gain":0.0,"max_hp_loss":0.0,"gold_gain":0.0,"event_name":"The Library","player_choice":"Read","floor":21.0,"gold_loss":0.0,"damage_taken":0.0,"cards_obtained":["Reinforced Body"]},{"cards_removed":["Dualcast"],"damage_healed":0.0,"max_hp_gain":0.0,"max_hp_loss":0.0,"gold_gain":0.0,"event_name":"Bonfire Elementals","player_choice":"Offered Basic","floor":36.0,"gold_loss":0.0,"damage_taken":0.0},{"damage_healed":0.0,"max_hp_gain":0.0,"max_hp_loss":0.0,"gold_gain":0.0,"event_name":"Match and Keep!","player_choice":"0 cards matched","floor":38.0,"gold_loss":0.0,"damage_taken":0.0,"cards_obtained":[]}],"is_beta":false,"boss_relics":[{"not_picked":["Ectoplasm","Nuclear Battery"],"picked":"Astrolabe"},{"not_picked":["White Beast Statue","Coffee Dripper"],"picked":"Inserter"}],"items_purged_floors":[20],"is_endless":false,"potions_floor_spawned":[1,3,7,16,18,28,29,33,35,40,46,48],"ascension_level":20}