{"gold_per_floor":[114,39,49,49,49,77,91,91,91,91,91],"floor_reached":11,"playtime":234,"items_purged":["Shame"],"score":117,"play_id":"dd572f7c-cf48-490b-9ac1-ff6fe73275c0","local_time":"20190303172759","is_ascension_mode":true,"campfire_choices":[{"data":"Bash","floor":8,"key":"SMITH"},{"data":"Juggernaut","floor":10,"key":"SMITH"}],"neow_cost":"CURSE","seed_source_timestamp":164457735064900,"circlet_count":0,"master_deck":["AscendersBane","Strike_R","Strike_R","Strike_R","Strike_R","Strike_R","Defend_R","Defend_R","Defend_R","Defend_R","Bash+1","Juggernaut+1","Rampage","True Grit","Shrug It Off"],"relics":["Burning Blood","Gremlin Horn","Frozen Egg 2","Meat on the Bone","Pear"],"potions_floor_usage":[3],"damage_taken":[{"damage":22,"enemies":"Cultist","floor":1,"turns":5},{"damage":21,"enemies":"Jaw Worm","floor":3,"turns":4},{"damage":34,"enemies":"Gremlin Nob","floor":6,"turns":5},{"damage":1,"enemies":"Small Slimes","floor":7,"turns":4},{"damage":37,"enemies":"Gremlin Gang","floor":11,"turns":2}],"seed_played":"-2597200372550532907","potions_obtained":[{"floor":1,"key":"SteroidPotion"}],"is_trial":false,"path_per_floor":["M","$","M","?","?","E","M","R","T","R","M"],"character_chosen":"IRONCLAD","items_purchased":[],"campfire_rested":0,"item_purchase_floors":[],"current_hp_per_floor":[56,56,41,38,38,10,27,27,37,37,0],"gold":91,"neow_bonus":"THREE_RARE_CARDS","is_prod":false,"is_daily":false,"chose_seed":false,"campfire_upgraded":2,"win_rate":0,"timestamp":1551630479,"path_taken":["M","$","?","?","?","E","M","R","T","R","M"],"build_version":"2019-01-23","purchased_purges":1,"victory":false,"max_hp_per_floor":[80,80,80,80,80,80,80,80,90,90,90],"card_choices":[{"not_picked":["Brutality","Exhume"],"picked":"Juggernaut","floor":0},{"not_picked":["Cleave","Armaments"],"picked":"True Grit","floor":1},{"not_picked":["Twin Strike","Cleave"],"picked":"Rampage","floor":3},{"not_picked":["Feed","Carnage"],"picked":"True Grit","floor":6},{"not_picked":["Havoc","Twin Strike"],"picked":"Shrug It Off","floor":7}],"player_experience":920465,"relics_obtained":[{"floor":6,"key":"Meat on the Bone"},{"floor":9,"key":"Pear"}],"event_choices":[{"damage_healed":0,"gold_gain":0,"player_choice":"Success","damage_taken":3,"relics_obtained":["Gremlin Horn"],"max_hp_gain":0,"max_hp_loss":0,"event_name":"Scrap Ooze","floor":4,"gold_loss":0},{"cards_removed":["True Grit"],"damage_healed":0,"gold_gain":0,"player_choice":"Gave Card","damage_taken":0,"relics_obtained":["Frozen Egg 2"],"max_hp_gain":0,"max_hp_loss":0,"event_name":"WeMeetAgain","floor":5,"gold_loss":0}],"is_beta":false,"boss_relics":[],"items_purged_floors":[2],"is_endless":false,"potions_floor_spawned":[1],"killed_by":"Gremlin Gang","ascension_level":13}