{"gold_per_floor":[115,130,130,153,1,1,1,1,1,1,1,33,33,43,43,116,116,134,152,152,163,40,72,72,97,97,97,172,192,192,192,192,266,266,282,33,45,56,56,56,70,88,88,2,2,16,29,44,44,44],"floor_reached":51,"playtime":2174,"items_purged":["Strike_G","Defend_G","Defend_G"],"score":1247,"play_id":"deeb0c8d-95ef-421f-b06d-36d641c2c1af","local_time":"20190313021624","is_ascension_mode":true,"campfire_choices":[{"data":"Neutralize","floor":6,"key":"SMITH"},{"data":"Footwork","floor":8,"key":"SMITH"},{"data":"Noxious Fumes","floor":10,"key":"SMITH"},{"data":"Cloak And Dagger","floor":13,"key":"SMITH"},{"data":"Cloak And Dagger","floor":15,"key":"SMITH"},{"floor":24,"key":"REST"},{"floor":27,"key":"REST"},{"data":"Malaise","floor":30,"key":"SMITH"},{"floor":32,"key":"REST"},{"data":"Crippling Poison","floor":40,"key":"SMITH"},{"floor":45,"key":"REST"},{"floor":49,"key":"REST"}],"neow_cost":"NONE","seed_source_timestamp":58859763928400,"circlet_count":0,"master_deck":["AscendersBane","Defend_G+1","Strike_G+1","Survivor","Neutralize+1","Footwork+1","Noxious Fumes+1","Flying Knee","Cloak And Dagger+1","Cloak And Dagger+1","Flying Knee","Tools of the Trade+1","Die Die Die+1","Dodge and Roll+1","Cloak And Dagger+1","Bouncing Flask+1","Deflect","Deflect+1","Blade Dance","Crippling Poison+1","Malaise+1","Deadly Poison+1","Corpse Explosion","Leg Sweep+1","After Image+1","Blade Dance","PiercingWail","Catalyst","After Image+1","Dodge and Roll","Footwork+1","Discovery","Parasite","Venomology","Well Laid Plans+1","Noxious Fumes+1"],"relics":["Ring of the Snake","NeowsBlessing","Anchor","Shuriken","Frozen Egg 2","Astrolabe","Bottled Tornado","Gremlin Horn","Paper Crane","WristBlade","Meat on the Bone"],"potions_floor_usage":[16,16,29,33,33,37,41,42,48,50,50,50],"damage_taken":[{"damage":0,"enemies":"Small Slimes","floor":1,"turns":1},{"damage":0,"enemies":"Jaw Worm","floor":2,"turns":1},{"damage":0,"enemies":"Gremlin Nob","floor":12,"turns":1},{"damage":0,"enemies":"Cultist","floor":14,"turns":4},{"damage":0,"enemies":"Slime Boss","floor":16,"turns":11},{"damage":0,"enemies":"Shell Parasite","floor":18,"turns":4},{"damage":0,"enemies":"Chosen","floor":19,"turns":4},{"damage":11,"enemies":"Snecko","floor":21,"turns":5},{"damage":28,"enemies":"Book of Stabbing","floor":23,"turns":6},{"damage":21,"enemies":"Gremlin Leader","floor":25,"turns":6},{"damage":0,"enemies":"Snake Plant","floor":29,"turns":4},{"damage":31,"enemies":"Automaton","floor":33,"turns":9},{"damage":0,"enemies":"Orb Walker","floor":35,"turns":4},{"damage":8,"enemies":"3 Darklings","floor":37,"turns":4},{"damage":20,"enemies":"Maw","floor":38,"turns":9},{"damage":18,"enemies":"Sphere and 2 Shapes","floor":41,"turns":5},{"damage":6,"enemies":"Transient","floor":42,"turns":5},{"damage":6,"enemies":"Writhing Mass","floor":46,"turns":8},{"damage":9,"enemies":"3 Darklings","floor":47,"turns":5},{"damage":6,"enemies":"Transient","floor":48,"turns":5},{"damage":36,"enemies":"Awakened One","floor":50,"turns":16}],"seed_played":"2840889710647094479","potions_obtained":[{"floor":1,"key":"Ancient Potion"},{"floor":2,"key":"Dexterity Potion"},{"floor":25,"key":"SkillPotion"},{"floor":29,"key":"EssenceOfSteel"},{"floor":31,"key":"LiquidBronze"},{"floor":31,"key":"SkillPotion"},{"floor":33,"key":"SkillPotion"},{"floor":35,"key":"Fire Potion"},{"floor":41,"key":"SkillPotion"},{"floor":47,"key":"GamblersBrew"}],"is_trial":false,"path_per_floor":["M","M","?","T","$","R","?","R","T","R","?","E","R","M","R","B",null,"M","M","?","M","$","E","R","E","T","R","?","M","R","?","R","B",null,"M","$","M","M","?","R","M","M","T","$","R","M","M","M","R","B",null],"character_chosen":"THE_SILENT","items_purchased":["Flying Knee","Cloak And Dagger","Blade Dance","After Image+1","Blade Dance","Discovery"],"campfire_rested":5,"item_purchase_floors":[5,5,22,36,36,44],"current_hp_per_floor":[63,63,49,49,49,49,49,49,49,49,49,49,49,49,49,49,65,65,65,65,54,54,26,47,26,26,47,40,40,40,40,61,30,60,60,60,52,32,32,32,14,8,8,8,29,35,38,44,65,41],"gold":44,"neow_bonus":"THREE_ENEMY_KILL","is_prod":false,"is_daily":false,"chose_seed":false,"campfire_upgraded":7,"win_rate":0,"timestamp":1552439784,"path_taken":["M","M","?","?","$","R","?","R","T","R","?","E","R","M","R","BOSS","M","?","?","M","$","E","R","E","T","R","?","?","R","?","R","BOSS","M","?","M","M","?","R","?","M","T","$","R","M","M","M","R","BOSS"],"build_version":"2019-01-23","purchased_purges":3,"victory":true,"max_hp_per_floor":[70,70,70,70,70,70,70,70,70,70,70,70,70,70,70,70,70,70,70,70,70,70,70,70,70,70,70,70,70,70,70,70,70,70,70,70,70,70,70,70,70,70,70,70,70,70,70,70,70,70],"card_choices":[{"not_picked":["Masterful Stab","Noxious Fumes"],"picked":"Footwork","floor":1},{"not_picked":["Infinite Blades","Deflect"],"picked":"Noxious Fumes","floor":2},{"not_picked":["Poisoned Stab","Tactician"],"picked":"Cloak And Dagger","floor":12},{"not_picked":["Calculated Gamble","Riddle With Holes"],"picked":"Flying Knee","floor":14},{"not_picked":["Storm of Steel","Malaise"],"picked":"Tools of the Trade+1","floor":16},{"not_picked":["Dagger Spray","Bane"],"picked":"Bouncing Flask+1","floor":18},{"not_picked":["Quick Slash","Dagger Spray"],"picked":"Deflect","floor":19},{"not_picked":["Poisoned Stab","Crippling Poison"],"picked":"Deflect+1","floor":21},{"not_picked":["Heel Hook","Deadly Poison"],"picked":"Crippling Poison","floor":23},{"not_picked":["Acrobatics","Setup"],"picked":"Malaise","floor":25},{"not_picked":["Poisoned Stab","Setup"],"picked":"Deadly Poison+1","floor":29},{"not_picked":["Doppelganger","Die Die Die"],"picked":"Corpse Explosion","floor":33},{"not_picked":["Bane","PiercingWail"],"picked":"Leg Sweep+1","floor":35},{"not_picked":["Dagger Spray+1","Acrobatics"],"picked":"PiercingWail","floor":37},{"not_picked":["Dagger Spray","Deflect"],"picked":"Catalyst","floor":38},{"not_picked":["Prepared","Sucker Punch"],"picked":"Dodge and Roll","floor":41},{"not_picked":["Poisoned Stab+1","Acrobatics"],"picked":"Footwork+1","floor":42},{"not_picked":["Poisoned Stab","Bane"],"picked":"Venomology","floor":46},{"not_picked":["Poisoned Stab","Slice"],"picked":"Well Laid Plans+1","floor":47},{"not_picked":["Acrobatics","Sucker Punch"],"picked":"Noxious Fumes+1","floor":48}],"player_experience":982730,"relics_obtained":[{"floor":4,"key":"Anchor"},{"floor":9,"key":"Shuriken"},{"floor":12,"key":"Frozen Egg 2"},{"floor":23,"key":"Bottled Tornado"},{"floor":25,"key":"Gremlin Horn"},{"floor":26,"key":"Paper Crane"},{"floor":43,"key":"Meat on the Bone"}],"event_choices":[{"damage_healed":0,"gold_gain":0,"player_choice":"Entered Light","damage_taken":14,"max_hp_gain":0,"max_hp_loss":0,"event_name":"Shining Light","floor":3,"gold_loss":0,"cards_upgraded":["Defend_G","Strike_G"]},{"damage_healed":0,"gold_gain":0,"player_choice":"Leave","damage_taken":0,"max_hp_gain":0,"max_hp_loss":0,"event_name":"The Cleric","floor":7,"gold_loss":0},{"cards_removed":["Strike_G"],"damage_healed":0,"gold_gain":0,"player_choice":"Offered Basic","damage_taken":0,"max_hp_gain":0,"max_hp_loss":0,"event_name":"Bonfire Elementals","floor":11,"gold_loss":0},{"cards_removed":["Defend_G"],"damage_healed":0,"gold_gain":0,"player_choice":"Elegance","damage_taken":0,"max_hp_gain":0,"max_hp_loss":0,"event_name":"Back to Basics","floor":20,"gold_loss":0},{"damage_healed":0,"gold_gain":75,"player_choice":"Touch","damage_taken":7,"max_hp_gain":0,"max_hp_loss":0,"event_name":"FaceTrader","floor":28,"gold_loss":0},{"damage_healed":0,"gold_gain":0,"player_choice":"Got Potions","damage_taken":0,"max_hp_gain":0,"max_hp_loss":0,"event_name":"Lab","floor":31,"gold_loss":0},{"damage_healed":0,"gold_gain":0,"player_choice":"Copied","damage_taken":0,"max_hp_gain":0,"max_hp_loss":0,"event_name":"Duplicator","floor":39,"gold_loss":0,"cards_obtained":["After Image"]}],"is_beta":false,"boss_relics":[{"not_picked":["Empty Cage","Ring of the Serpent"],"picked":"Astrolabe"},{"not_picked":["Runic Dome","Snecko Eye"],"picked":"WristBlade"}],"items_purged_floors":[5,22,36],"is_endless":false,"potions_floor_spawned":[1,2,12,25,29,33,35,41,47],"ascension_level":13}