{"gold_per_floor":[111,111,36,36,36,36,49,63,90,90,110,110,110,145,145,244,244,262,47,64,163,163,163,163,163,163,163,173,185,26,36,36,133,133,146,56,66,83,100,100,0,0,27,38,38,138,155,30,30,30],"floor_reached":51,"playtime":1237,"items_purged":["Strike_R","Strike_R","Parasite"],"score":670,"play_id":"5b7441c8-957d-4bc2-9da8-a2460800ef90","local_time":"20190923235042","is_ascension_mode":false,"campfire_choices":[{"data":"Bash","floor":6.0,"key":"SMITH"},{"data":"Cleave","floor":10.0,"key":"SMITH"},{"data":"Infernal Blade","floor":13.0,"key":"SMITH"},{"data":"Thunderclap","floor":15.0,"key":"SMITH"},{"floor":23.0,"key":"REST"},{"floor":25.0,"key":"REST"},{"floor":32.0,"key":"REST"},{"floor":40.0,"key":"RECALL"}],"neow_cost":"NONE","seed_source_timestamp":3036453909981,"circlet_count":0,"master_deck":["Strike_R","Strike_R","Defend_R+1","Defend_R","Defend_R","Bash+1","Thunderclap+1","Cleave+1","Infernal Blade+1","Disarm+1","Limit Break","Flame Barrier+1","Iron Wave+1","Limit Break","Flex","Double Tap+1","Whirlwind","Shrug It Off+1","Heavy Blade+1","Battle Trance","Battle Trance","Flex"],"special_seed":0,"relics":["Burning Blood","NeowsBlessing","Toy Ornithopter","Potion Belt","War Paint","Fusion Hammer","Tiny Chest","Centennial Puzzle","Blood Vial","The Courier","DollysMirror","Coffee Dripper","InkBottle","TungstenRod"],"potions_floor_usage":[50,50,50,50],"damage_taken":[{"damage":0.0,"enemies":"Cultist","floor":1.0,"turns":1.0},{"damage":0.0,"enemies":"Small Slimes","floor":7.0,"turns":1.0},{"damage":0.0,"enemies":"2 Louse","floor":8.0,"turns":1.0},{"damage":2.0,"enemies":"2 Fungi Beasts","floor":11.0,"turns":3.0},{"damage":20.0,"enemies":"Gremlin Nob","floor":14.0,"turns":4.0},{"damage":25.0,"enemies":"Hexaghost","floor":16.0,"turns":13.0},{"damage":7.0,"enemies":"3 Byrds","floor":18.0,"turns":6.0},{"damage":14.0,"enemies":"Shell Parasite","floor":20.0,"turns":5.0},{"damage":3.0,"enemies":"Shelled Parasite and Fungi","floor":28.0,"turns":5.0},{"damage":10.0,"enemies":"Cultist and Chosen","floor":29.0,"turns":4.0},{"damage":8.0,"enemies":"3 Cultists","floor":31.0,"turns":5.0},{"damage":38.0,"enemies":"Automaton","floor":33.0,"turns":8.0},{"damage":12.0,"enemies":"Orb Walker","floor":35.0,"turns":3.0},{"damage":0.0,"enemies":"3 Darklings","floor":37.0,"turns":2.0},{"damage":28.0,"enemies":"Spire Growth","floor":38.0,"turns":5.0},{"damage":13.0,"enemies":"Writhing Mass","floor":39.0,"turns":5.0},{"damage":11.0,"enemies":"Transient","floor":44.0,"turns":5.0},{"damage":0.0,"enemies":"Mind Bloom Boss Battle","floor":46.0,"turns":4.0},{"damage":10.0,"enemies":"Spire Growth","floor":47.0,"turns":3.0},{"damage":37,"enemies":"Awakened One","floor":50,"turns":13}],"seed_played":"243709542237749588","potions_obtained":[{"floor":4.0,"key":"Strength Potion"},{"floor":4.0,"key":"SpeedPotion"},{"floor":4.0,"key":"FairyPotion"},{"floor":7.0,"key":"AttackPotion"},{"floor":14.0,"key":"FearPotion"},{"floor":20.0,"key":"Block Potion"},{"floor":31.0,"key":"FearPotion"},{"floor":33.0,"key":"Swift Potion"},{"floor":35.0,"key":"Dexterity Potion"},{"floor":46.0,"key":"Block Potion"}],"is_trial":false,"path_per_floor":["M","T","$","?","$","R","M","M","T","R","M","?","R","E","R","B",null,"M","$","M","?","?","R","T","R","T","?","M","M","$","M","R","B",null,"M","?","M","M","M","R","$","?","T","M","$","?","M","$","R","B",null],"character_chosen":"IRONCLAD","items_purchased":["Tiny Chest","DollysMirror","Flex","Battle Trance","Flex","LiquidBronze"],"campfire_rested":3,"item_purchase_floors":[19,30,30,48,48,48],"current_hp_per_floor":[80,80,80,80,80,80,80,80,80,80,80,85,85,71,71,57,85,84,84,76,76,76,85,85,85,85,85,85,81,81,81,85,53,85,79,79,85,63,63,63,63,63,63,60,60,68,66,66,66,56],"gold":30,"neow_bonus":"THREE_ENEMY_KILL","is_prod":false,"is_daily":false,"chose_seed":false,"campfire_upgraded":4,"win_rate":0,"timestamp":1569304242,"path_taken":["M","?","$","?","$","R","M","M","T","R","?","?","R","E","R","BOSS","M","$","M","?","?","R","?","R","T","?","M","?","?","M","R","BOSS","M","?","?","M","M","R","?","?","T","M","$","?","M","$","R","BOSS"],"build_version":"2019-09-23","purchased_purges":3,"victory":true,"max_hp_per_floor":[80,80,80,80,80,80,80,80,80,80,80,85,85,85,85,85,85,85,85,85,85,85,85,85,85,85,85,85,85,85,85,85,85,85,85,85,85,85,85,85,82,82,82,82,82,82,82,82,82,82],"card_choices":[{"not_picked":["Shrug It Off","Armaments"],"picked":"Thunderclap","floor":1.0},{"not_picked":["Combust","Perfected Strike"],"picked":"Cleave","floor":7.0},{"not_picked":["Anger","Sword Boomerang","Pommel Strike"],"picked":"SKIP","floor":8.0},{"not_picked":["Rupture","Second Wind"],"picked":"Infernal Blade","floor":11.0},{"not_picked":["Dropkick","Bludgeon"],"picked":"Disarm","floor":14.0},{"not_picked":["Immolate","Juggernaut"],"picked":"Limit Break","floor":16.0},{"not_picked":["Iron Wave","Wild Strike"],"picked":"Twin Strike","floor":18.0},{"not_picked":["Anger","Burning Pact+1"],"picked":"Flame Barrier+1","floor":20.0},{"not_picked":["Evolve+1","Exhume","Dual Wield"],"picked":"SKIP","floor":28.0},{"not_picked":["Metallicize","Dual Wield"],"picked":"Iron Wave+1","floor":29.0},{"not_picked":["Armaments","Ghostly Armor+1","Headbutt"],"picked":"SKIP","floor":31.0},{"not_picked":["Reaper","Fiend Fire"],"picked":"Double Tap","floor":33.0},{"not_picked":["Bloodletting+1","Entrench"],"picked":"Whirlwind","floor":35.0},{"not_picked":["Havoc+1","Fire Breathing+1","Clash+1"],"picked":"SKIP","floor":37.0},{"not_picked":["Hemokinesis","Body Slam+1","Perfected Strike+1"],"picked":"SKIP","floor":38.0},{"not_picked":["Warcry+1","Anger"],"picked":"Shrug It Off+1","floor":39.0},{"not_picked":["Twin Strike","True Grit+1"],"picked":"Heavy Blade+1","floor":44.0},{"not_picked":["Entrench","Cleave+1"],"picked":"Battle Trance","floor":47.0}],"player_experience":1579089,"relics_obtained":[{"floor":2.0,"key":"Toy Ornithopter"},{"floor":9.0,"key":"Potion Belt"},{"floor":14.0,"key":"War Paint"},{"floor":24.0,"key":"Blood Vial"},{"floor":26.0,"key":"The Courier"},{"floor":43.0,"key":"InkBottle"},{"floor":46.0,"key":"TungstenRod"}],"event_choices":[{"damage_healed":0.0,"max_hp_gain":0.0,"max_hp_loss":0.0,"gold_gain":0.0,"event_name":"Lab","player_choice":"Got Potions","floor":4.0,"gold_loss":0.0,"damage_taken":0.0},{"damage_healed":0.0,"max_hp_gain":5.0,"max_hp_loss":0.0,"gold_gain":0.0,"event_name":"Big Fish","player_choice":"Donut","floor":12.0,"gold_loss":0.0,"damage_taken":0.0},{"damage_healed":0.0,"max_hp_gain":0.0,"max_hp_loss":0.0,"gold_gain":99.0,"event_name":"Nest","player_choice":"Stole From Cult","floor":21.0,"gold_loss":0.0,"damage_taken":0.0},{"damage_healed":0.0,"max_hp_gain":0.0,"max_hp_loss":0.0,"gold_gain":0.0,"event_name":"The Mausoleum","player_choice":"Opened","floor":22.0,"gold_loss":0.0,"damage_taken":0.0,"relics_obtained":["Centennial Puzzle"]},{"cards_removed":["Defend_R"],"damage_healed":0.0,"max_hp_gain":0.0,"max_hp_loss":0.0,"gold_gain":0.0,"event_name":"Purifier","player_choice":"Purged","floor":27.0,"gold_loss":0.0,"damage_taken":0.0},{"cards_removed":["Strike_R"],"damage_healed":0.0,"max_hp_gain":0.0,"max_hp_loss":0.0,"gold_gain":0.0,"event_name":"Designer","player_choice":"Upgrade and Remove","floor":36.0,"gold_loss":90.0,"damage_taken":0.0,"cards_upgraded":["Double Tap"]},{"cards_removed":["Twin Strike"],"damage_healed":0.0,"max_hp_gain":0.0,"max_hp_loss":0.0,"gold_gain":0.0,"event_name":"Falling","player_choice":"Removed Attack","floor":42.0,"gold_loss":0.0,"damage_taken":0.0},{"damage_healed":0.0,"max_hp_gain":0.0,"max_hp_loss":0.0,"gold_gain":0.0,"event_name":"MindBloom","player_choice":"Fight","floor":46.0,"gold_loss":0.0,"damage_taken":0.0}],"is_beta":true,"boss_relics":[{"not_picked":["Runic Pyramid","SacredBark"],"picked":"Fusion Hammer"},{"not_picked":["Mark of Pain","Cursed Key"],"picked":"Coffee Dripper"}],"items_purged_floors":[3,19,41],"is_endless":false,"potions_floor_spawned":[7,8,14,20,31,33,35,46],"ascension_level":0}