{"gold_per_floor":[109,109,109,125,125,156,156,166,189,189,208,218,67,45,45,146,146,161,161,83,95,27,27],"floor_reached":23,"playtime":921,"items_purged":["Strike_B"],"score":236,"play_id":"c2c808ee-aff3-4041-9719-8bc158304629","local_time":"20180804101040","is_ascension_mode":true,"campfire_choices":[{"data":"Loop","floor":7,"key":"SMITH"},{"data":"Zap","floor":10,"key":"SMITH"},{"floor":15,"key":"REST"}],"neow_cost":"NONE","seed_source_timestamp":1127339470149555,"circlet_count":0,"master_deck":["Strike_B+1","Strike_B+1","Defend_B+1","Defend_B+1","Defend_B+1","Defend_B+1","Zap+1","Dualcast","Gash","Loop+1","Conserve Battery","Capacitor","BootSequence","Cold Snap","FTL","Leap","Rebound","Barrage","Biased Cognition","Defragment","Consume","Defragment","Chaos"],"relics":["Cracked Core","Strawberry","Shuriken","Boot","Philosopher\u0027s Stone"],"potions_floor_usage":[16,16],"damage_taken":[{"damage":9,"enemies":"Jaw Worm","floor":1,"turns":4},{"damage":12,"enemies":"Small Slimes","floor":4,"turns":2},{"damage":28,"enemies":"3 Sentries","floor":6,"turns":8},{"damage":0,"enemies":"2 Louse","floor":8,"turns":2},{"damage":4,"enemies":"2 Fungi Beasts","floor":11,"turns":3},{"damage":13,"enemies":"Gremlin Gang","floor":12,"turns":4},{"damage":11,"enemies":"Hexaghost","floor":16,"turns":9},{"damage":17,"enemies":"3 Byrds","floor":18,"turns":4},{"damage":22,"enemies":"2 Thieves","floor":21,"turns":4},{"damage":47,"enemies":"3 Cultists","floor":23,"turns":4}],"seed_played":"-7420048530714256531","potions_obtained":[{"floor":6,"key":"Block Potion"},{"floor":8,"key":"FearPotion"},{"floor":12,"key":"PowerPotion"}],"is_trial":false,"path_per_floor":["M","?","?","M","?","E","R","M","T","R","M","M","$","$","R","B",null,"M","?","$","M","$"],"character_chosen":"DEFECT","items_purchased":["Leap","Rebound","Barrage","Consume","Chaos"],"campfire_rested":1,"item_purchase_floors":[13,13,14,20,22],"current_hp_per_floor":[66,59,63,51,78,50,50,50,50,50,46,33,33,33,57,46,73,56,56,56,34,34,0],"gold":27,"neow_bonus":"THREE_CARDS","is_prod":false,"is_daily":false,"chose_seed":false,"campfire_upgraded":2,"win_rate":0,"timestamp":1533373840,"path_taken":["M","?","?","?","?","E","R","M","T","R","M","M","?","$","R","BOSS","M","?","$","?","$","?"],"build_version":"2018-08-02","purchased_purges":1,"victory":false,"max_hp_per_floor":[75,75,82,82,82,82,82,82,82,82,82,82,82,82,82,82,82,82,82,82,82,82,82],"card_choices":[{"not_picked":["Steam Power","Conserve Battery"],"picked":"Gash","floor":0},{"not_picked":["Redo","Gash"],"picked":"Loop","floor":1},{"not_picked":["Rip and Tear","Rebound"],"picked":"Conserve Battery","floor":4},{"not_picked":["Steam","Redo"],"picked":"Capacitor","floor":6},{"not_picked":["All For One","Skim"],"picked":"BootSequence","floor":8},{"not_picked":["Blizzard","Fusion"],"picked":"Cold Snap","floor":11},{"not_picked":["Rebound","Stack"],"picked":"FTL","floor":12},{"not_picked":["Hyperbeam","Amplify"],"picked":"Biased Cognition","floor":16},{"not_picked":["Redo","Ball Lightning"],"picked":"Defragment","floor":18},{"not_picked":["Turbo","Gash"],"picked":"Defragment","floor":21}],"player_experience":529099,"relics_obtained":[{"floor":6,"key":"Shuriken"},{"floor":9,"key":"Boot"}],"event_choices":[{"event_name":"Golden Wing","player_choice":"Card Removal","floor":2,"damage_taken":0},{"event_name":"Scrap Ooze","player_choice":"success","floor":3,"damage_taken":3},{"event_name":"Big Fish","player_choice":"Banana","floor":5,"damage_taken":0},{"event_name":"Back to Basics","player_choice":"Simplicity","floor":19,"damage_taken":0}],"is_beta":false,"boss_relics":[{"not_picked":["Coffee Dripper","Busted Crown"],"picked":"Philosopher\u0027s Stone"}],"items_purged_floors":[13],"is_endless":false,"potions_floor_spawned":[6,8,12],"killed_by":"3 Cultists","ascension_level":5}