{"gold_per_floor":[112,130,130,55,205,205,240,240,240,250,250,250,276,276,276,347,347,360,376,386,401,401,401,427,446,519,533,533,546,561,16,16,93,93,110,120,120,140,15,15],"floor_reached":40,"playtime":1858,"items_purged":["Strike_B","Writhe","Defend_B"],"score":773,"play_id":"8a1678fb-9a3d-498b-b477-7a966afd29e4","local_time":"20190716221428","is_ascension_mode":true,"campfire_choices":[{"data":"Zap","floor":6,"key":"SMITH"},{"data":"Static Discharge","floor":11,"key":"SMITH"},{"data":"Ball Lightning","floor":15,"key":"SMITH"},{"floor":23,"key":"REST"},{"data":"White Noise","floor":28,"key":"SMITH"},{"floor":32,"key":"REST"}],"neow_cost":"NONE","seed_source_timestamp":349831971289500,"circlet_count":0,"master_deck":["AscendersBane","Defend_B","Defend_B","Zap+1","Dualcast","Ball Lightning+1","Cold Snap","Coolheaded","Static Discharge+1","Steam","Buffer","Stack","Undo","FTL","White Noise+1","Leap","BootSequence+1","Go for the Eyes+1","Conserve Battery","Sweeping Beam+1","Loop","Consume","Electrodynamics","Sweeping Beam+1","Creative AI","Leap+1","Seek+1","Melter+1","Steam","Redo","Auto Shields","Hologram+1","Gash"],"relics":["Cracked Core","Ancient Tea Set","Ornamental Fan","Regal Pillow","Bronze Scales","Cursed Key","Prayer Wheel","Cables","Bag of Preparation","Gremlin Horn","Astrolabe"],"potions_floor_usage":[13,16,20,21,27,36,38],"damage_taken":[{"damage":0,"enemies":"2 Louse","floor":1,"turns":2},{"damage":7,"enemies":"Small Slimes","floor":2,"turns":3},{"damage":28,"enemies":"Lagavulin","floor":7,"turns":7},{"damage":5,"enemies":"Jaw Worm","floor":10,"turns":2},{"damage":21,"enemies":"3 Sentries","floor":13,"turns":4},{"damage":24,"enemies":"Hexaghost","floor":16,"turns":8},{"damage":1,"enemies":"Spheric Guardian","floor":18,"turns":5},{"damage":13,"enemies":"Shell Parasite","floor":19,"turns":4},{"damage":20,"enemies":"Centurion and Healer","floor":20,"turns":12},{"damage":0,"enemies":"Snecko","floor":21,"turns":6},{"damage":12,"enemies":"Book of Stabbing","floor":24,"turns":6},{"damage":13,"enemies":"Snake Plant","floor":25,"turns":3},{"damage":18,"enemies":"Shelled Parasite and Fungi","floor":27,"turns":5},{"damage":19,"enemies":"Centurion and Healer","floor":29,"turns":11},{"damage":3,"enemies":"Snake Plant","floor":30,"turns":4},{"damage":10,"enemies":"Collector","floor":33,"turns":9},{"damage":7,"enemies":"3 Shapes","floor":35,"turns":3},{"damage":14,"enemies":"Orb Walker","floor":36,"turns":4},{"damage":13,"enemies":"4 Shapes","floor":38,"turns":2},{"damage":25,"enemies":"Nemesis","floor":40,"turns":7}],"seed_played":"7674810658462477996","potions_obtained":[{"floor":10,"key":"LiquidBronze"},{"floor":13,"key":"Weak Potion"},{"floor":18,"key":"AttackPotion"},{"floor":19,"key":"Ancient Potion"},{"floor":24,"key":"Energy Potion"},{"floor":30,"key":"GamblersBrew"},{"floor":35,"key":"SpeedPotion"},{"floor":37,"key":"Ancient Potion"},{"floor":37,"key":"Fire Potion"}],"is_trial":false,"path_per_floor":["M","M","?","$","?","R","E","?","T","M","R","?","E","?","R","B",null,"M","M","M","M","?","R","E","M","T","M","R","M","M","$","R","B",null,"M","M","?","M","$","E"],"character_chosen":"DEFECT","items_purchased":["Bag of Preparation","Gremlin Horn"],"campfire_rested":2,"item_purchase_floors":[31,31],"current_hp_per_floor":[64,57,52,52,52,52,24,17,17,12,12,29,8,71,71,47,65,64,51,31,31,31,66,54,41,41,23,23,4,1,1,36,26,58,51,37,37,24,24,0],"gold":15,"neow_bonus":"REMOVE_CARD","is_prod":false,"is_daily":false,"chose_seed":false,"campfire_upgraded":4,"win_rate":0,"timestamp":1563308068,"path_taken":["M","M","?","$","?","R","E","?","T","?","R","?","E","?","R","BOSS","M","M","?","M","?","R","E","M","T","M","R","M","M","$","R","BOSS","M","M","?","M","$","E"],"build_version":"2019-07-05","purchased_purges":3,"victory":false,"max_hp_per_floor":[71,71,71,71,71,71,71,71,71,71,71,71,71,71,71,71,71,71,71,71,71,68,68,68,68,68,68,68,68,68,68,68,68,68,68,68,68,68,68,68],"card_choices":[{"not_picked":["Coolheaded","Compile Driver"],"picked":"Ball Lightning","floor":1},{"not_picked":["Barrage","Auto Shields"],"picked":"Cold Snap","floor":2},{"not_picked":["Ball Lightning","Double Energy"],"picked":"Coolheaded","floor":7},{"not_picked":["Streamline","Coolheaded"],"picked":"Static Discharge","floor":10},{"not_picked":["Sweeping Beam","Redo"],"picked":"Steam","floor":13},{"not_picked":["Electrodynamics","Fission"],"picked":"Buffer","floor":16},{"not_picked":["Lockon","Hello World"],"picked":"Stack","floor":18},{"not_picked":["Coolheaded+1","Hello World"],"picked":"Undo","floor":19},{"not_picked":["Blizzard","Sweeping Beam"],"picked":"FTL","floor":20},{"not_picked":["Stack","Barrage"],"picked":"White Noise","floor":21},{"not_picked":["Hyperbeam","Ball Lightning"],"picked":"Leap","floor":24},{"not_picked":["Steam","Rebound"],"picked":"BootSequence+1","floor":25},{"not_picked":["Storm","Coolheaded"],"picked":"Go for the Eyes+1","floor":25},{"not_picked":["Chaos","Gash"],"picked":"Conserve Battery","floor":27},{"not_picked":["Cold Snap","Go for the Eyes"],"picked":"Sweeping Beam+1","floor":27},{"not_picked":["Cold Snap","Go for the Eyes"],"picked":"Loop","floor":29},{"not_picked":["Beam Cell","Streamline"],"picked":"Consume","floor":29},{"not_picked":["Ball Lightning","Doom and Gloom"],"picked":"Electrodynamics","floor":30},{"not_picked":["Coolheaded","Barrage"],"picked":"Sweeping Beam+1","floor":30},{"not_picked":["Fission","Thunder Strike"],"picked":"Creative AI","floor":33},{"not_picked":["Static Discharge","Sweeping Beam"],"picked":"Steam","floor":35},{"not_picked":["Barrage+1","Steam"],"picked":"Redo","floor":35},{"not_picked":["Compile Driver","Ball Lightning"],"picked":"Auto Shields","floor":36},{"not_picked":["Barrage","Reprogram"],"picked":"Hologram+1","floor":36},{"not_picked":["Blizzard","Cold Snap"],"picked":"Gash","floor":38},{"not_picked":["Steam Power+1","Steam","Turbo"],"picked":"SKIP","floor":38}],"player_experience":1660443,"relics_obtained":[{"floor":7,"key":"Ornamental Fan"},{"floor":9,"key":"Regal Pillow"},{"floor":13,"key":"Bronze Scales"},{"floor":24,"key":"Prayer Wheel"},{"floor":26,"key":"Cables"}],"event_choices":[{"damage_healed":0,"gold_gain":0,"player_choice":"Success","damage_taken":5,"relics_obtained":["Ancient Tea Set"],"max_hp_gain":0,"max_hp_loss":0,"event_name":"Scrap Ooze","floor":3,"gold_loss":0},{"damage_healed":0,"gold_gain":150,"player_choice":"AGREE","damage_taken":0,"max_hp_gain":0,"max_hp_loss":0,"event_name":"Liars Game","floor":5,"gold_loss":0,"cards_obtained":["Doubt"]},{"cards_removed":["Doubt"],"damage_healed":0,"gold_gain":0,"player_choice":"Card Removal","damage_taken":7,"max_hp_gain":0,"max_hp_loss":0,"event_name":"Golden Wing","floor":8,"gold_loss":0},{"damage_healed":17,"gold_gain":0,"player_choice":"Healed and dodged fight","damage_taken":0,"max_hp_gain":0,"max_hp_loss":0,"event_name":"Mushrooms","floor":12,"gold_loss":0,"cards_obtained":["Parasite"]},{"damage_healed":63,"gold_gain":0,"player_choice":"Full Heal","damage_taken":0,"max_hp_gain":0,"max_hp_loss":0,"event_name":"Wheel of Change","floor":14,"gold_loss":0},{"cards_removed":["Parasite"],"damage_healed":0,"gold_gain":0,"player_choice":"Card Removal","damage_taken":0,"max_hp_gain":0,"max_hp_loss":0,"event_name":"Wheel of Change","floor":22,"gold_loss":0},{"damage_healed":0,"gold_gain":0,"player_choice":"Got Potions","damage_taken":0,"max_hp_gain":0,"max_hp_loss":0,"event_name":"Lab","floor":37,"gold_loss":0}],"is_beta":false,"boss_relics":[{"not_picked":["Philosopher\u0027s Stone","Coffee Dripper"],"picked":"Cursed Key"},{"not_picked":["Black Star","Busted Crown"],"picked":"Astrolabe"}],"items_purged_floors":[4,31,39],"is_endless":false,"potions_floor_spawned":[10,13,18,19,24,30,35],"killed_by":"Nemesis","ascension_level":17}