{"gold_per_floor":[116,116,126,139,158,158,233,233,290,290,290,321,301,106,106,177,177,187,199,222,242,258,258,287,287,287,192,205,3,3,20,20,20],"floor_reached":33,"playtime":1178,"items_purged":["Strike_G","Strike_G","Strike_G"],"score":487,"play_id":"5a55a1a1-c008-4341-8214-e58680ca2f73","local_time":"20190306122634","is_ascension_mode":true,"campfire_choices":[{"data":"Neutralize","floor":6,"key":"SMITH"},{"data":"Crippling Poison","floor":8,"key":"SMITH"},{"data":"Deadly Poison","floor":10,"key":"SMITH"},{"data":"Flechettes","floor":15,"key":"SMITH"},{"data":"Adrenaline","floor":23,"key":"SMITH"},{"data":"Distraction","floor":32,"key":"SMITH"}],"neow_cost":"NONE","seed_source_timestamp":26478856363600,"circlet_count":0,"master_deck":["AscendersBane","Defend_G","Defend_G","Defend_G","Defend_G","Strike_G","Survivor","Neutralize+1","Backflip","Crippling Poison+1","Deadly Poison+1","Tactician","Dagger Throw","Flechettes+1","Adrenaline+1","Skewer+1","Dodge and Roll","Tactician","Distraction+1","Backstab","Flying Knee","Terror","Expertise","Acrobatics","Quick Slash+1"],"relics":["Ring of the Snake","Tiny Chest","Mango","Vajra","Coffee Dripper","Strawberry","Smiling Mask","Enchiridion","StoneCalendar","Lantern"],"potions_floor_usage":[12,16,16,19,24,24,31,33],"damage_taken":[{"damage":6,"enemies":"Jaw Worm","floor":1,"turns":7},{"damage":1,"enemies":"Small Slimes","floor":3,"turns":5},{"damage":0,"enemies":"2 Louse","floor":4,"turns":3},{"damage":1,"enemies":"2 Fungi Beasts","floor":5,"turns":4},{"damage":16,"enemies":"Gremlin Nob","floor":12,"turns":4},{"damage":10,"enemies":"The Guardian","floor":16,"turns":8},{"damage":14,"enemies":"Spheric Guardian","floor":18,"turns":4},{"damage":0,"enemies":"Chosen","floor":19,"turns":3},{"damage":0,"enemies":"Centurion and Healer","floor":21,"turns":4},{"damage":3,"enemies":"Chosen and Byrds","floor":22,"turns":5},{"damage":11,"enemies":"Book of Stabbing","floor":24,"turns":5},{"damage":16,"enemies":"Sentry and Sphere","floor":28,"turns":4},{"damage":4,"enemies":"Snecko","floor":31,"turns":3},{"damage":44,"enemies":"Champ","floor":33,"turns":8}],"seed_played":"-8772026541388251974","potions_obtained":[{"floor":3,"key":"SkillPotion"},{"floor":13,"key":"PowerPotion"},{"floor":16,"key":"Ancient Potion"},{"floor":18,"key":"SpeedPotion"},{"floor":19,"key":"PowerPotion"},{"floor":28,"key":"Regen Potion"},{"floor":31,"key":"SteroidPotion"}],"is_trial":false,"path_per_floor":["M","?","M","M","M","R","?","R","T","R","T","E","?","$","R","B",null,"M","M","T","M","M","R","E","?","T","$","M","$","?","M","R","B"],"character_chosen":"THE_SILENT","items_purchased":["Energy Potion","Flechettes","Flying Knee","Lantern"],"campfire_rested":0,"item_purchase_floors":[14,14,27,29],"current_hp_per_floor":[64,69,68,68,67,67,56,56,56,56,70,54,54,54,54,44,83,69,69,76,76,73,73,62,46,46,46,30,30,30,35,35,0],"gold":20,"neow_bonus":"TEN_PERCENT_HP_BONUS","is_prod":false,"is_daily":false,"chose_seed":false,"campfire_upgraded":6,"win_rate":0,"timestamp":1551871594,"path_taken":["M","?","M","M","M","R","?","R","T","R","?","E","?","$","R","BOSS","M","M","?","M","M","R","E","?","T","$","M","$","?","M","R","BOSS"],"build_version":"2019-01-23","purchased_purges":3,"victory":false,"max_hp_per_floor":[77,82,82,82,82,82,82,82,82,82,96,96,96,96,96,96,96,96,96,103,103,103,103,103,103,103,103,103,103,103,103,103,103],"card_choices":[{"not_picked":["Sucker Punch","Blade Dance"],"picked":"Backflip","floor":1},{"not_picked":["Distraction","Riddle With Holes"],"picked":"Crippling Poison","floor":3},{"not_picked":["Backflip","Blade Dance"],"picked":"Deadly Poison","floor":4},{"not_picked":["Backflip","Underhanded Strike"],"picked":"Tactician","floor":5},{"not_picked":["PiercingWail","Cloak And Dagger"],"picked":"Dagger Throw","floor":12},{"not_picked":["Phantasmal Killer","Unload"],"picked":"Adrenaline","floor":16},{"not_picked":["Bane","Tactician"],"picked":"Skewer+1","floor":18},{"not_picked":["Distraction","Endless Agony"],"picked":"Dodge and Roll","floor":19},{"not_picked":["Cloak And Dagger","Slice"],"picked":"Tactician","floor":21},{"not_picked":["Wraith Form v2","Dodge and Roll"],"picked":"Distraction","floor":22},{"not_picked":["Dagger Spray","Backflip"],"picked":"Backstab","floor":24},{"not_picked":["Flying Knee","Bane"],"picked":"Terror","floor":28},{"not_picked":["Bane+1","Terror+1"],"picked":"Quick Slash+1","floor":31}],"player_experience":941922,"relics_obtained":[{"floor":9,"key":"Tiny Chest"},{"floor":11,"key":"Mango"},{"floor":12,"key":"Vajra"},{"floor":20,"key":"Strawberry"},{"floor":24,"key":"Smiling Mask"},{"floor":25,"key":"Enchiridion"},{"floor":26,"key":"StoneCalendar"}],"event_choices":[{"damage_healed":0,"gold_gain":0,"player_choice":"Donut","damage_taken":0,"max_hp_gain":5,"max_hp_loss":0,"event_name":"Big Fish","floor":2,"gold_loss":0},{"damage_healed":0,"gold_gain":75,"player_choice":"Gather Gold","damage_taken":11,"max_hp_gain":0,"max_hp_loss":0,"event_name":"World of Goop","floor":7,"gold_loss":0},{"damage_healed":0,"gold_gain":0,"player_choice":"Bought 1 Potion","damage_taken":0,"max_hp_gain":0,"max_hp_loss":0,"event_name":"The Woman in Blue","floor":13,"gold_loss":0},{"damage_healed":0,"gold_gain":0,"player_choice":"Obtained Book","damage_taken":16,"max_hp_gain":0,"max_hp_loss":0,"event_name":"Cursed Tome","floor":25,"gold_loss":0},{"damage_healed":0,"gold_gain":0,"cards_transformed":["Strike_G","Defend_G"],"player_choice":"Became Test Subject","damage_taken":0,"max_hp_gain":0,"max_hp_loss":0,"event_name":"Drug Dealer","floor":30,"gold_loss":0,"cards_obtained":["Expertise","Acrobatics"]}],"is_beta":false,"boss_relics":[{"not_picked":["Black Star","Fusion Hammer"],"picked":"Coffee Dripper"}],"items_purged_floors":[14,27,29],"is_endless":false,"potions_floor_spawned":[3,16,18,19,28,31],"killed_by":"Champ","ascension_level":13}