{"gold_per_floor":[117,117,137,150,165,196,208,208,208,224,224,224,224,249,249,353,353,364,364,383,82,7,7,7,7,77,92,122,132,160,171,171,268,268,286,286,304,227,244,244,256,256,256,268,617,24,55,73,73,73,73,73,38,73,73],"floor_reached":56,"playtime":4289,"items_purged":[],"score":1254,"play_id":"839d062c-6f8d-46bb-ae1e-3128a29527d7","local_time":"20190625165017","is_ascension_mode":false,"campfire_choices":[{"floor":11,"key":"REST"},{"floor":13,"key":"REST"},{"data":"Corruption","floor":15,"key":"SMITH"},{"data":"Uppercut","floor":23,"key":"SMITH"},{"data":"Dark Embrace","floor":25,"key":"SMITH"},{"data":"Feel No Pain","floor":32,"key":"SMITH"},{"floor":40,"key":"RECALL"},{"data":"Armaments","floor":42,"key":"SMITH"},{"floor":49,"key":"DIG"},{"floor":52,"key":"DIG"}],"neow_cost":"NONE","seed_source_timestamp":1123028501430445,"circlet_count":0,"master_deck":["Defend_R","Defend_R","Defend_R","Bash","Havoc","Exhume","Infernal Blade","True Grit","Uppercut+1","Juggernaut","Corruption+1","Infernal Blade","Dark Embrace+1","Spot Weakness+1","Impervious+1","Disarm+1","Iron Wave","Shrug It Off","Exhume","Feel No Pain+1","Sentinel","Sentinel","Flex","Reaper","Heavy Blade+1","Infernal Blade+1","Shrug It Off","Armaments+1","Second Wind+1","Heavy Blade+1","Armaments","Warcry","Rampage","Second Wind","Clothesline+1","Spot Weakness"],"relics":["Burning Blood","Vajra","Calipers","Thread and Needle","Astrolabe","Unceasing Top","Nilry\u0027s Codex","Bottled Lightning","Bottled Flame","Letter Opener","Busted Crown","Old Coin","Shovel","Oddly Smooth Stone","Happy Flower","Orichalcum","Self Forming Clay","Nunchaku"],"potions_floor_usage":[6,14,16,16,20],"damage_taken":[{"damage":6,"enemies":"Jaw Worm","floor":1,"turns":4},{"damage":6,"enemies":"Cultist","floor":3,"turns":4},{"damage":3,"enemies":"Small Slimes","floor":4,"turns":3},{"damage":14,"enemies":"Blue Slaver","floor":5,"turns":3},{"damage":43,"enemies":"3 Sentries","floor":6,"turns":12},{"damage":16,"enemies":"Large Slime","floor":7,"turns":5},{"damage":16,"enemies":"Red Slaver","floor":10,"turns":4},{"damage":15,"enemies":"Gremlin Nob","floor":14,"turns":4},{"damage":43,"enemies":"Hexaghost","floor":16,"turns":11},{"damage":11,"enemies":"3 Byrds","floor":18,"turns":7},{"damage":19,"enemies":"2 Thieves","floor":20,"turns":4},{"damage":19,"enemies":"Sentry and Sphere","floor":27,"turns":6},{"damage":0,"enemies":"Slavers","floor":28,"turns":6},{"damage":3,"enemies":"Chosen and Byrds","floor":29,"turns":5},{"damage":4,"enemies":"Book of Stabbing","floor":30,"turns":5},{"damage":2,"enemies":"Centurion and Healer","floor":31,"turns":4},{"damage":47,"enemies":"Automaton","floor":33,"turns":8},{"damage":2,"enemies":"Orb Walker","floor":35,"turns":4},{"damage":0,"enemies":"3 Shapes","floor":37,"turns":5},{"damage":0,"enemies":"Maw","floor":39,"turns":6},{"damage":32,"enemies":"Jaw Worm Horde","floor":41,"turns":4},{"damage":3,"enemies":"3 Darklings","floor":44,"turns":4},{"damage":57,"enemies":"2 Orb Walkers","floor":45,"turns":6},{"damage":3,"enemies":"Giant Head","floor":47,"turns":9},{"damage":3,"enemies":"Spire Growth","floor":48,"turns":6},{"damage":37,"enemies":"Awakened One","floor":50,"turns":13},{"damage":35,"enemies":"Shield and Spear","floor":54,"turns":5},{"damage":3,"enemies":"The Heart","floor":55,"turns":9}],"seed_played":"-8022312884231459822","potions_obtained":[{"floor":4,"key":"Weak Potion"},{"floor":5,"key":"GamblersBrew"},{"floor":6,"key":"PowerPotion"},{"floor":10,"key":"FairyPotion"},{"floor":14,"key":"Strength Potion"},{"floor":18,"key":"Poison Potion"},{"floor":20,"key":"Poison Potion"},{"floor":29,"key":"SpeedPotion"},{"floor":37,"key":"Weak Potion"}],"is_trial":false,"path_per_floor":["M","?","M","M","M","E","M","?","T","M","R","?","R","E","R","B",null,"M","?","M","$","?","R","?","R","T","M","E","M","E","M","R","B",null,"M","?","M","$","M","R","M","R","T","M","?","$","E","M","R","B",null,"R","$","E","B",null],"character_chosen":"IRONCLAD","items_purchased":["Unceasing Top","Shrug It Off","Armaments","Shovel","Armaments","Oddly Smooth Stone","Warcry","Rampage","Spot Weakness"],"campfire_rested":2,"item_purchase_floors":[21,38,38,46,46,46,46,46,53],"current_hp_per_floor":[88,88,88,88,80,43,33,33,33,23,49,42,68,59,59,22,88,83,83,70,70,70,70,54,54,54,41,47,50,52,56,56,15,88,88,88,88,88,88,88,88,88,88,88,49,49,64,67,67,50,88,88,88,70,78],"gold":73,"neow_bonus":"TEN_PERCENT_HP_BONUS","is_prod":false,"is_daily":false,"chose_seed":false,"campfire_upgraded":5,"win_rate":0,"timestamp":1561495817,"path_taken":["M","?","?","M","M","E","M","?","T","M","R","?","R","E","R","BOSS","M","?","?","$","?","R","?","R","T","M","E","M","E","M","R","BOSS","M","?","M","$","M","R","M","R","T","M","?","$","E","M","R","BOSS","R","$","E","BOSS"],"build_version":"2019-01-23","purchased_purges":0,"victory":true,"max_hp_per_floor":[88,88,88,88,88,88,88,88,88,88,88,88,88,88,88,88,88,88,88,88,88,88,88,88,88,88,88,88,88,88,88,88,88,88,88,88,88,88,88,88,88,88,88,88,88,88,88,88,88,88,88,88,88,88,88],"card_choices":[{"not_picked":["Warcry","Ghostly Armor"],"picked":"Havoc","floor":1},{"not_picked":["Clothesline","Perfected Strike"],"picked":"Infernal Blade","floor":3},{"not_picked":["Pommel Strike","Clash"],"picked":"True Grit","floor":4},{"not_picked":["Headbutt","Blood for Blood"],"picked":"Uppercut","floor":5},{"not_picked":["Wild Strike","Pommel Strike"],"picked":"Juggernaut","floor":6},{"not_picked":["Armaments","Dual Wield"],"picked":"Corruption","floor":7},{"not_picked":["Thunderclap","Flex","Bludgeon"],"picked":"SKIP","floor":10},{"not_picked":["Dropkick","Entrench"],"picked":"Infernal Blade","floor":14},{"not_picked":["Fiend Fire","Double Tap"],"picked":"Dark Embrace","floor":16},{"not_picked":["Shrug It Off","Flex"],"picked":"Disarm+1","floor":18},{"not_picked":["Twin Strike+1","Thunderclap"],"picked":"Shrug It Off","floor":20},{"not_picked":["Anger","Heavy Blade"],"picked":"Exhume","floor":27},{"not_picked":["Perfected Strike","Rupture"],"picked":"Feel No Pain","floor":28},{"not_picked":["Infernal Blade","Armaments"],"picked":"Sentinel","floor":29},{"not_picked":["Armaments","True Grit"],"picked":"Sentinel","floor":30},{"not_picked":["Anger+1","Thunderclap"],"picked":"Flex","floor":31},{"not_picked":["Juggernaut","Exhume"],"picked":"Reaper","floor":33},{"not_picked":[],"picked":"Heavy Blade+1","floor":35},{"not_picked":[],"picked":"Infernal Blade+1","floor":37},{"not_picked":["Thunderclap"],"picked":"SKIP","floor":39},{"not_picked":["Thunderclap+1"],"picked":"SKIP","floor":41},{"not_picked":[],"picked":"Second Wind+1","floor":44},{"not_picked":[],"picked":"Heavy Blade+1","floor":45},{"not_picked":[],"picked":"Second Wind","floor":47},{"not_picked":[],"picked":"Clothesline+1","floor":48},{"not_picked":["True Grit"],"picked":"SKIP","floor":54}],"player_experience":233421,"relics_obtained":[{"floor":6,"key":"Vajra"},{"floor":9,"key":"Calipers"},{"floor":14,"key":"Thread and Needle"},{"floor":24,"key":"Nilry\u0027s Codex"},{"floor":26,"key":"Bottled Lightning"},{"floor":28,"key":"Bottled Flame"},{"floor":30,"key":"Letter Opener"},{"floor":45,"key":"Old Coin"},{"floor":47,"key":"Happy Flower"},{"floor":49,"key":"Orichalcum"},{"floor":52,"key":"Self Forming Clay"},{"floor":54,"key":"Nunchaku"}],"event_choices":[{"damage_healed":0,"gold_gain":0,"cards_transformed":["Strike_R"],"player_choice":"Transformed","damage_taken":0,"max_hp_gain":0,"max_hp_loss":0,"event_name":"Transmorgrifier","floor":2,"gold_loss":0,"cards_obtained":["Exhume"]},{"damage_healed":0,"gold_gain":0,"player_choice":"Ignored","damage_taken":0,"max_hp_gain":0,"max_hp_loss":0,"event_name":"Liars Game","floor":8,"gold_loss":0},{"cards_removed":["Strike_R"],"damage_healed":0,"gold_gain":0,"player_choice":"Card Removal","damage_taken":7,"max_hp_gain":0,"max_hp_loss":0,"event_name":"Golden Wing","floor":12,"gold_loss":0},{"cards_removed":["Perfected Strike"],"damage_healed":0,"gold_gain":0,"player_choice":"Took Card","damage_taken":0,"max_hp_gain":0,"max_hp_loss":0,"event_name":"NoteForYourself","floor":19,"gold_loss":0,"cards_obtained":["Iron Wave"]},{"cards_removed":["Defend_R"],"damage_healed":0,"gold_gain":0,"player_choice":"Gave Gold","damage_taken":0,"max_hp_gain":0,"max_hp_loss":0,"event_name":"Beggar","floor":22,"gold_loss":75},{"damage_healed":0,"gold_gain":0,"player_choice":"Obtained Book","damage_taken":16,"max_hp_gain":0,"max_hp_loss":0,"event_name":"Cursed Tome","floor":24,"gold_loss":0},{"damage_healed":0,"gold_gain":0,"player_choice":"Ignored","damage_taken":0,"max_hp_gain":0,"max_hp_loss":0,"event_name":"Tomb of Lord Red Mask","floor":36,"gold_loss":0},{"damage_healed":0,"gold_gain":0,"player_choice":"Fight","damage_taken":0,"max_hp_gain":0,"max_hp_loss":0,"event_name":"Mysterious Sphere","floor":45,"gold_loss":0}],"is_beta":false,"boss_relics":[{"not_picked":["Black Blood","White Beast Statue"],"picked":"Astrolabe"},{"not_picked":["Lizard Tail","Velvet Choker"],"picked":"Busted Crown"}],"items_purged_floors":[],"is_endless":false,"potions_floor_spawned":[4,5,6,10,14,18,20,29,30,35,37,41],"ascension_level":0}