{"gold_per_floor":[117,132,143,143,159,159,171,171,244,244,56,69,96,21,21,116,116,126,142,155,169,169,169,201,213,238,238,238,238,256,171,171,273,273,293,305,305,305,322,322,322,337,337,337,370,11,11,24,24,24],"floor_reached":51,"playtime":3210,"items_purged":["Strike_B","Defend_B"],"score":811,"play_id":"599a0ec7-2e19-4bf7-88a5-49119217ecde","local_time":"20190326154713","is_ascension_mode":true,"campfire_choices":[{"data":"Sunder","floor":6.0,"key":"SMITH"},{"data":"Zap","floor":8.0,"key":"SMITH"},{"data":"Hologram","floor":10.0,"key":"SMITH"},{"data":"Loop","floor":15.0,"key":"SMITH"},{"data":"Hologram","floor":23,"key":"SMITH"},{"data":"Turbo","floor":27,"key":"SMITH"},{"data":"Loop","floor":29,"key":"SMITH"},{"data":"Dualcast","floor":32,"key":"SMITH"},{"data":"Creative AI","floor":40,"key":"SMITH"},{"data":"Madness","floor":47,"key":"SMITH"},{"data":"Madness","floor":49,"key":"SMITH"}],"neow_cost":"NONE","seed_source_timestamp":245972059318648,"circlet_count":0,"master_deck":["Defend_B","Defend_B","Zap+1","Dualcast+1","Sunder+1","Hologram+1","Steam","Sweeping Beam","Loop+1","BootSequence","Self Repair","Glacier","Genetic Algorithm","Hologram+1","Coolheaded+1","Turbo+1","Loop+1","Creative AI+1","Hologram+1","Coolheaded+1","Madness+1","Madness+1","Glacier+1","Coolheaded+1"],"special_seed":0,"relics":["FrozenCore","Potion Belt","Mercury Hourglass","Incense Burner","Empty Cage","MutagenicStrength","Omamori","Pen Nib","Enchiridion","Blood Vial","Kunai","DataDisk","Nunchaku","Cables"],"potions_floor_usage":[24,24,24,50,50],"damage_taken":[{"damage":0.0,"enemies":"Cultist","floor":1.0,"turns":3.0},{"damage":6.0,"enemies":"Jaw Worm","floor":2.0,"turns":3.0},{"damage":0.0,"enemies":"2 Louse","floor":3.0,"turns":2.0},{"damage":12.0,"enemies":"Large Slime","floor":5.0,"turns":4.0},{"damage":0.0,"enemies":"Looter","floor":7.0,"turns":2.0},{"damage":1.0,"enemies":"Blue Slaver","floor":12.0,"turns":3.0},{"damage":4.0,"enemies":"3 Sentries","floor":13.0,"turns":5.0},{"damage":30.0,"enemies":"Hexaghost","floor":16.0,"turns":11.0},{"damage":0.0,"enemies":"Chosen","floor":18.0,"turns":5.0},{"damage":20.0,"enemies":"Spheric Guardian","floor":19.0,"turns":7.0},{"damage":20.0,"enemies":"Cultist and Chosen","floor":20.0,"turns":9.0},{"damage":0.0,"enemies":"Snecko","floor":21.0,"turns":7.0},{"damage":0,"enemies":"Gremlin Leader","floor":24,"turns":6},{"damage":6,"enemies":"Centurion and Healer","floor":25,"turns":7},{"damage":4,"enemies":"Cultist and Chosen","floor":30,"turns":7},{"damage":26,"enemies":"Champ","floor":33,"turns":14},{"damage":5,"enemies":"Orb Walker","floor":35,"turns":4},{"damage":4,"enemies":"3 Darklings","floor":36,"turns":6},{"damage":18,"enemies":"Transient","floor":39,"turns":5},{"damage":0,"enemies":"Jaw Worm Horde","floor":42,"turns":6},{"damage":0,"enemies":"Nemesis","floor":45,"turns":9},{"damage":0,"enemies":"Writhing Mass","floor":48,"turns":9},{"damage":0,"enemies":"Donu and Deca","floor":50,"turns":9}],"seed_played":"828282047158779683","potions_obtained":[{"floor":1.0,"key":"Poison Potion"},{"floor":2.0,"key":"AttackPotion"},{"floor":7.0,"key":"Poison Potion"},{"floor":19.0,"key":"SteroidPotion"},{"floor":21.0,"key":"Swift Potion"},{"floor":24,"key":"Fire Potion"},{"floor":33,"key":"Swift Potion"},{"floor":42,"key":"Regen Potion"}],"is_trial":false,"path_per_floor":["M","M","M","?","M","R","M","R","T","R","$","M","E","$","R","B",null,"M","M","M","M","?","R","E","M","T","R","?","R","M","?","R","B",null,"M","M","?","?","M","R","T","M","T","?","E","$","R","M","R","B",null],"character_chosen":"DEFECT","items_purchased":["BootSequence","Self Repair","Genetic Algorithm","Cables"],"campfire_rested":0,"item_purchase_floors":[11,11,14,46],"current_hp_per_floor":[75,69,69,69,57,57,57,57,57,57,57,63,66,66,66,43,75,75,62,49,56,56,56,56,57,57,57,41,41,44,44,44,27,75,75,75,75,66,57,57,57,66,66,66,75,75,75,75,75,75],"gold":24,"neow_bonus":"RANDOM_COMMON_RELIC","is_prod":false,"is_daily":false,"chose_seed":false,"campfire_upgraded":11,"win_rate":0,"timestamp":1553640433,"path_taken":["M","M","M","?","M","R","M","R","T","R","?","M","E","$","R","BOSS","M","M","M","M","?","R","E","M","T","R","?","R","M","?","R","BOSS","M","M","?","?","M","R","?","M","T","?","E","$","R","M","R","BOSS"],"build_version":"2019-01-23","purchased_purges":2,"victory":true,"max_hp_per_floor":[75,75,75,75,75,75,75,75,75,75,75,75,75,75,75,75,75,75,75,75,75,75,75,75,75,75,75,75,75,75,75,75,75,75,75,75,75,75,75,75,75,75,75,75,75,75,75,75,75,75],"card_choices":[{"not_picked":["Rebound","Compile Driver"],"picked":"Sunder","floor":1.0},{"not_picked":["Darkness","Chaos"],"picked":"Hologram","floor":2.0},{"not_picked":["Chaos","Gash"],"picked":"Steam","floor":3.0},{"not_picked":["Cold Snap","Ball Lightning"],"picked":"Loop","floor":5.0},{"not_picked":["White Noise","Reinforced Body","Undo"],"picked":"SKIP","floor":7.0},{"not_picked":["Darkness","Sweeping Beam","Rebound"],"picked":"SKIP","floor":12.0},{"not_picked":["Fission","Blizzard"],"picked":"Glacier","floor":13.0},{"not_picked":["Melter","Double Energy"],"picked":"Hologram","floor":18.0},{"not_picked":["Rebound","Compile Driver","Cold Snap"],"picked":"SKIP","floor":19.0},{"not_picked":["Sweeping Beam","Hologram","Reinforced Body+1"],"picked":"SKIP","floor":20.0},{"not_picked":["Steam","Ball Lightning"],"picked":"Coolheaded+1","floor":21.0},{"not_picked":["Doom and Gloom","Redo+1"],"picked":"Turbo","floor":24},{"not_picked":["Redo+1","Compile Driver"],"picked":"Loop","floor":25},{"not_picked":["FTL+1","Compile Driver","Lockon"],"picked":"SKIP","floor":30},{"not_picked":["Fission","Machine Learning"],"picked":"Creative AI","floor":33},{"not_picked":["Gash+1","Sweeping Beam"],"picked":"Hologram+1","floor":35},{"not_picked":["Rebound","Gash+1"],"picked":"Coolheaded+1","floor":36},{"not_picked":["Sunder","Steam","Compile Driver+1"],"picked":"SKIP","floor":39},{"not_picked":["Gash","Conserve Battery"],"picked":"Glacier+1","floor":42},{"not_picked":["Glacier+1","Streamline+1"],"picked":"Coolheaded+1","floor":45},{"not_picked":["Hello World","Recycle+1","Redo+1"],"picked":"SKIP","floor":48}],"player_experience":53292,"relics_obtained":[{"floor":9.0,"key":"Mercury Hourglass"},{"floor":13.0,"key":"Incense Burner"},{"floor":24,"key":"Omamori"},{"floor":26,"key":"Pen Nib"},{"floor":28,"key":"Enchiridion"},{"floor":41,"key":"Kunai"},{"floor":43,"key":"DataDisk"},{"floor":45,"key":"Nunchaku"}],"event_choices":[{"damage_healed":0.0,"max_hp_gain":0.0,"max_hp_loss":0.0,"gold_gain":0.0,"cards_transformed":["Strike_B"],"event_name":"Transmorgrifier","player_choice":"Transformed","floor":4.0,"gold_loss":0.0,"damage_taken":0.0,"cards_obtained":["Sweeping Beam"]},{"damage_healed":0,"gold_gain":0,"player_choice":"Inject Mutagens","damage_taken":0,"relics_obtained":["MutagenicStrength"],"max_hp_gain":0,"max_hp_loss":0,"event_name":"Drug Dealer","floor":22,"gold_loss":0},{"damage_healed":0,"gold_gain":0,"player_choice":"Obtained Book","damage_taken":16,"max_hp_gain":0,"max_hp_loss":0,"event_name":"Cursed Tome","floor":28,"gold_loss":0},{"damage_healed":0,"gold_gain":0,"player_choice":"Obtained Relic","damage_taken":0,"relics_obtained":["Blood Vial"],"max_hp_gain":0,"max_hp_loss":0,"event_name":"Addict","floor":31,"gold_loss":85},{"damage_healed":0,"gold_gain":0,"player_choice":"Ignored","damage_taken":0,"max_hp_gain":0,"max_hp_loss":0,"event_name":"Tomb of Lord Red Mask","floor":37,"gold_loss":0},{"damage_healed":0,"gold_gain":0,"player_choice":"Embrace Madness","damage_taken":9,"max_hp_gain":0,"max_hp_loss":0,"event_name":"Winding Halls","floor":38,"gold_loss":0,"cards_obtained":["Madness","Madness"]},{"cards_removed":["Defend_B"],"damage_healed":0,"gold_gain":0,"player_choice":"Purged","damage_taken":0,"max_hp_gain":0,"max_hp_loss":0,"event_name":"Purifier","floor":44,"gold_loss":0}],"is_beta":false,"boss_relics":[{"not_picked":["Tiny House","Eternal Feather"],"picked":"Empty Cage"},{"not_picked":["Black Star","Philosopher\u0027s Stone"],"picked":"FrozenCore"}],"items_purged_floors":[11,46],"is_endless":false,"potions_floor_spawned":[1,2,7,19,21,24,33,42],"ascension_level":1}