{"gold_per_floor":[213,16,26,45,56,56,90,109,109,109,109,109,109,135,135,231,231,250,56,56,66,81,81,110,110,134,134,148,183,197,197,197,197],"floor_reached":33,"playtime":1336,"items_purged":[],"score":428,"play_id":"218f2e64-53ba-4dde-b2b7-d35591080467","local_time":"20180731231352","is_ascension_mode":true,"campfire_choices":[{"data":"Rage","floor":6,"key":"SMITH"},{"data":"Entrench","floor":10,"key":"SMITH"},{"floor":12,"key":"REST"},{"data":"Inflame","floor":15,"key":"SMITH"},{"floor":23,"key":"REST"},{"floor":25,"key":"REST"},{"floor":27,"key":"REST"},{"data":"Apotheosis","floor":32,"key":"SMITH"}],"neow_cost":"NONE","seed_source_timestamp":828301721389533,"circlet_count":0,"master_deck":["Strike_R","Strike_R","Strike_R","Strike_R","Defend_R","Defend_R","Defend_R","Defend_R","Bash","AscendersBane","Rage+1","Inflame+1","Sword Boomerang","Iron Wave","Entrench+1","Battle Trance","Immolate","Clothesline","Heavy Blade","Apotheosis+1","Writhe","Anger+1","Rage","Anger"],"relics":["Burning Blood","Tiny Chest","Strawberry","Sundial","Mummified Hand","Happy Flower","Orrery","Gambling Chip","Potion Belt","Regal Pillow","Ancient Tea Set"],"potions_floor_usage":[7,16,22,24,24,24,33],"damage_taken":[{"damage":9,"enemies":"Jaw Worm","floor":1,"turns":4},{"damage":0,"enemies":"Small Slimes","floor":3,"turns":3},{"damage":2,"enemies":"2 Louse","floor":4,"turns":3},{"damage":14,"enemies":"Exordium Thugs","floor":5,"turns":4},{"damage":30,"enemies":"Lagavulin","floor":7,"turns":6},{"damage":6,"enemies":"Exordium Wildlife","floor":8,"turns":3},{"damage":53,"enemies":"Hexaghost","floor":16,"turns":9},{"damage":31,"enemies":"2 Thieves","floor":18,"turns":4},{"damage":27,"enemies":"3 Byrds","floor":21,"turns":5},{"damage":20,"enemies":"Sentry and Sphere","floor":22,"turns":6},{"damage":21,"enemies":"Book of Stabbing","floor":24,"turns":4},{"damage":14,"enemies":"Snake Plant","floor":28,"turns":4},{"damage":49,"enemies":"Slavers","floor":29,"turns":7},{"damage":2,"enemies":"Centurion and Healer","floor":30,"turns":4},{"damage":71,"enemies":"Automaton","floor":33,"turns":6}],"seed_played":"4178443432889786539","potions_obtained":[{"floor":1,"key":"Weak Potion"},{"floor":4,"key":"GamblersBrew"},{"floor":16,"key":"Dexterity Potion"},{"floor":18,"key":"SpeedPotion"},{"floor":21,"key":"FearPotion"},{"floor":22,"key":"LiquidBronze"},{"floor":30,"key":"Swift Potion"}],"is_trial":false,"path_per_floor":["M","$","M","M","M","R","E","M","T","R","?","R","?","T","R","B",null,"M","$","?","M","M","R","E","R","T","R","M","E","M","?","R"],"character_chosen":"IRONCLAD","items_purchased":["Tiny Chest","Inflame","Apotheosis"],"campfire_rested":4,"item_purchase_floors":[2,2,19],"current_hp_per_floor":[69,69,75,79,71,71,54,54,54,54,42,68,61,61,61,14,69,44,44,44,23,9,35,20,46,46,87,79,36,40,69,69,0],"gold":197,"neow_bonus":"HUNDRED_GOLD","is_prod":false,"is_daily":false,"chose_seed":false,"campfire_upgraded":4,"win_rate":0,"timestamp":1533075232,"path_taken":["M","$","M","M","M","R","E","M","T","R","?","R","?","?","R","BOSS","M","$","?","M","M","R","E","R","T","R","M","E","?","?","R","BOSS"],"build_version":"2018-07-26","purchased_purges":0,"victory":false,"max_hp_per_floor":[80,80,80,80,80,80,87,87,87,87,87,87,87,87,87,87,87,87,87,87,87,87,87,87,87,87,87,87,87,87,87,87,87],"card_choices":[{"not_picked":["Metallicize","Iron Wave"],"picked":"Rage","floor":1},{"not_picked":["Entrench","Perfected Strike"],"picked":"Sword Boomerang","floor":3},{"not_picked":["Bloodletting","True Grit"],"picked":"Iron Wave","floor":4},{"not_picked":["Armaments","Rage","True Grit"],"picked":"SKIP","floor":5},{"not_picked":["Rupture","Feel No Pain"],"picked":"Entrench","floor":7},{"not_picked":["Power Through","Fire Breathing"],"picked":"Battle Trance","floor":8},{"not_picked":["Dark Embrace","Bludgeon"],"picked":"Immolate","floor":16},{"not_picked":["Havoc","Inflame"],"picked":"Clothesline","floor":17},{"not_picked":["Whirlwind","Burning Pact+1"],"picked":"Heavy Blade","floor":18},{"not_picked":["Sentinel","Dark Embrace"],"picked":"Anger+1","floor":21},{"not_picked":["Warcry","Sentinel+1"],"picked":"Rage","floor":22},{"not_picked":["Seeing Red","Armaments","Carnage+1"],"picked":"SKIP","floor":24},{"not_picked":["Twin Strike","Rage"],"picked":"Anger","floor":28},{"not_picked":["Corruption","Armaments","Offering"],"picked":"SKIP","floor":29},{"not_picked":["Anger","Perfected Strike","True Grit"],"picked":"SKIP","floor":30}],"player_experience":523972,"relics_obtained":[{"floor":7,"key":"Strawberry"},{"floor":9,"key":"Sundial"},{"floor":14,"key":"Happy Flower"},{"floor":24,"key":"Potion Belt"},{"floor":26,"key":"Regal Pillow"},{"floor":29,"key":"Ancient Tea Set"}],"event_choices":[{"event_name":"Scrap Ooze","player_choice":"success","floor":11,"damage_taken":12},{"event_name":"Golden Wing","player_choice":"Card Removal","floor":13,"damage_taken":0},{"event_name":"The Mausoleum","player_choice":"Yes","floor":20,"damage_taken":0},{"event_name":"The Library","player_choice":"Heal","floor":31,"damage_taken":0}],"is_beta":false,"boss_relics":[{"not_picked":["White Beast Statue","Empty Cage"],"picked":"Orrery"}],"items_purged_floors":[],"is_endless":false,"potions_floor_spawned":[1,4,16,18,21,22,30],"killed_by":"Automaton","ascension_level":10}