{"gold_per_floor":[118,118,135,285,36,61,61,86,168,168,183,183,200,217,217,296,296,311,284,284,284],"floor_reached":21,"playtime":681,"items_purged":["Doubt"],"score":407,"play_id":"00596b5a-f5a7-4ea7-83c9-bc3f505c0b09","local_time":"20190814232513","is_ascension_mode":true,"campfire_choices":[{"data":"Zap","floor":10,"key":"SMITH"},{"data":"Storm","floor":12,"key":"SMITH"},{"data":"Echo Form","floor":15,"key":"SMITH"}],"neow_cost":"NONE","seed_source_timestamp":66029343438300,"circlet_count":0,"master_deck":["AscendersBane","Strike_B","Strike_B","Defend_B","Defend_B","Defend_B","Defend_B","Zap+1","Dualcast","Ball Lightning","Consume","Static Discharge","Reinforced Body","Go for the Eyes","Storm+1","Sweeping Beam","Steam","Force Field","Echo Form+1","Meteor Strike","Aggregate","Cold Snap","BootSequence","Reprogram"],"relics":["Cracked Core","NeowsBlessing","Potion Belt","Blood Vial","Matryoshka","Cursed Key"],"potions_floor_usage":[8,19,19,19],"damage_taken":[{"damage":0,"enemies":"2 Louse","floor":1,"turns":1},{"damage":0,"enemies":"Jaw Worm","floor":3,"turns":1},{"damage":0,"enemies":"Gremlin Nob","floor":6,"turns":1},{"damage":7,"enemies":"Lagavulin","floor":8,"turns":6},{"damage":0,"enemies":"Small Slimes","floor":11,"turns":2},{"damage":1,"enemies":"Looter","floor":13,"turns":3},{"damage":3,"enemies":"2 Fungi Beasts","floor":14,"turns":4},{"damage":38,"enemies":"Hexaghost","floor":16,"turns":8},{"damage":34,"enemies":"Shell Parasite","floor":18,"turns":6},{"damage":17,"enemies":"2 Thieves","floor":19,"turns":4},{"damage":21,"enemies":"Centurion and Healer","floor":21,"turns":2}],"seed_played":"2565288223602505159","potions_obtained":[{"floor":3,"key":"FocusPotion"},{"floor":13,"key":"Strength Potion"},{"floor":16,"key":"Explosive Potion"},{"floor":18,"key":"EssenceOfSteel"},{"floor":19,"key":"Energy Potion"}],"is_trial":false,"path_per_floor":["M","$","M","?","$","E","?","E","T","R","M","R","M","M","R","B",null,"M","M","?","M"],"character_chosen":"DEFECT","items_purchased":["Static Discharge","Reinforced Body","Go for the Eyes"],"campfire_rested":0,"item_purchase_floors":[5,5,5],"current_hp_per_floor":[64,64,64,64,64,64,69,62,62,62,64,64,65,64,64,28,64,32,17,17,0],"gold":284,"neow_bonus":"THREE_ENEMY_KILL","is_prod":false,"is_daily":false,"chose_seed":false,"campfire_upgraded":3,"win_rate":0,"timestamp":1565817913,"path_taken":["M","$","M","?","$","E","?","E","T","R","M","R","M","M","R","BOSS","M","M","?","M"],"build_version":"2019-07-17","purchased_purges":1,"victory":false,"max_hp_per_floor":[71,71,71,71,71,71,76,76,76,76,76,76,76,76,76,76,76,76,76,76,76],"card_choices":[{"not_picked":["Auto Shields","Hologram"],"picked":"Ball Lightning","floor":1},{"not_picked":["Ball Lightning","Compile Driver"],"picked":"Consume","floor":3},{"not_picked":["Beam Cell","Conserve Battery"],"picked":"Storm","floor":6},{"not_picked":["Blizzard","Ball Lightning"],"picked":"Sweeping Beam","floor":8},{"not_picked":["Sweeping Beam","Stack"],"picked":"Steam","floor":11},{"not_picked":["Redo","Sweeping Beam"],"picked":"Force Field","floor":13},{"not_picked":["Streamline","Undo"],"picked":"Echo Form","floor":14},{"not_picked":["Amplify","Hyperbeam"],"picked":"Meteor Strike","floor":16},{"not_picked":["Heatsinks","Recycle"],"picked":"Aggregate","floor":18},{"not_picked":["Leap","Barrage"],"picked":"Cold Snap","floor":19}],"player_experience":1905008,"relics_obtained":[{"floor":6,"key":"Potion Belt"},{"floor":8,"key":"Blood Vial"},{"floor":9,"key":"Matryoshka"}],"event_choices":[{"damage_healed":0,"gold_gain":150,"player_choice":"AGREE","damage_taken":0,"max_hp_gain":0,"max_hp_loss":0,"event_name":"Liars Game","floor":4,"gold_loss":0,"cards_obtained":["Doubt"]},{"damage_healed":0,"gold_gain":0,"player_choice":"Donut","damage_taken":0,"max_hp_gain":5,"max_hp_loss":0,"event_name":"Big Fish","floor":7,"gold_loss":0},{"damage_healed":0,"gold_gain":0,"cards_transformed":["Strike_B","Strike_B"],"player_choice":"Became Test Subject","damage_taken":0,"max_hp_gain":0,"max_hp_loss":0,"event_name":"Drug Dealer","floor":20,"gold_loss":0,"cards_obtained":["BootSequence","Reprogram"]}],"is_beta":false,"boss_relics":[{"not_picked":["White Beast Statue","Nuclear Battery"],"picked":"Cursed Key"}],"items_purged_floors":[5],"is_endless":false,"potions_floor_spawned":[3,13,16,18,19],"killed_by":"Centurion and Healer","ascension_level":18}