{"gold_per_floor":[117,117,133,208,221,221,278,291,291,291,317,332,332,360,360,439,439,457,79,91,91,39,39,49,61,61,71,82,44,99,109,109,182,182,199,216,216,14,33,33,33,33,33,33,33,50,62,74,74,74],"floor_reached":50,"playtime":2302,"items_purged":["Defend_R"],"score":1032,"play_id":"87d70c04-b6c0-4e80-9329-422d70763785","local_time":"20190113234755","is_ascension_mode":true,"campfire_choices":[{"data":"Perfected Strike","floor":6.0,"key":"SMITH"},{"floor":10.0,"key":"REST"},{"floor":13.0,"key":"REST"},{"floor":15.0,"key":"REST"},{"data":"Armaments","floor":23.0,"key":"SMITH"},{"floor":32.0,"key":"REST"},{"floor":40.0,"key":"RECALL"},{"data":"Perfected Strike","floor":42.0,"key":"SMITH"},{"floor":49,"key":"REST"}],"neow_cost":"NONE","seed_source_timestamp":0,"circlet_count":0,"master_deck":["AscendersBane","Strike_R","Strike_R","Strike_R","Defend_R","Defend_R","Bash","Shrug It Off","Pommel Strike","Perfected Strike+1","Iron Wave","Flame Barrier","Ghostly Armor+1","Twin Strike","Carnage","Dual Wield+1","Feed","Armaments+1","Ghostly Armor+1","Ghostly Armor","Inflame","Perfected Strike","Inflame","Feel No Pain+1","Perfected Strike+1","Ghostly Armor","Immolate","Iron Wave+1","Uppercut+1","Iron Wave","Metallicize","Inflame","True Grit+1","Feed","Sentinel+1","Ghostly Armor","Flame Barrier","Ghostly Armor","Writhe","Iron Wave","Shockwave","Double Tap","Clothesline+1","Carnage+1","Disarm+1"],"special_seed":0,"relics":["Burning Blood","NeowsBlessing","Tiny Chest","Bottled Lightning","Prayer Wheel","Bag of Preparation","Snecko Eye","Membership Card","War Paint","Pen Nib","Self Forming Clay","Cursed Key","Ancient Tea Set","Lantern","Torii"],"potions_floor_usage":[50],"damage_taken":[{"damage":0.0,"enemies":"Small Slimes","floor":1.0,"turns":1.0},{"damage":0.0,"enemies":"Jaw Worm","floor":3.0,"turns":1.0},{"damage":0.0,"enemies":"Cultist","floor":5.0,"turns":1.0},{"damage":32.0,"enemies":"Gremlin Nob","floor":7.0,"turns":4.0},{"damage":28.0,"enemies":"Gremlin Gang","floor":8.0,"turns":5.0},{"damage":23.0,"enemies":"3 Sentries","floor":11.0,"turns":8.0},{"damage":6.0,"enemies":"Exordium Thugs","floor":12.0,"turns":4.0},{"damage":30.0,"enemies":"Lagavulin","floor":14.0,"turns":7.0},{"damage":52.0,"enemies":"The Guardian","floor":16.0,"turns":14.0},{"damage":16.0,"enemies":"3 Byrds","floor":18.0,"turns":4.0},{"damage":19.0,"enemies":"Shell Parasite","floor":20.0,"turns":3.0},{"damage":0.0,"enemies":"Snake Plant","floor":24.0,"turns":2.0},{"damage":22.0,"enemies":"Centurion and Healer","floor":25.0,"turns":4.0},{"damage":0.0,"enemies":"Snecko","floor":27.0,"turns":3.0},{"damage":0.0,"enemies":"3 Cultists","floor":28.0,"turns":2.0},{"damage":10.0,"enemies":"Centurion and Healer","floor":31.0,"turns":4.0},{"damage":32.0,"enemies":"Collector","floor":33.0,"turns":8.0},{"damage":0.0,"enemies":"Orb Walker","floor":35.0,"turns":3.0},{"damage":15.0,"enemies":"3 Darklings","floor":36.0,"turns":4.0},{"damage":12.0,"enemies":"Writhing Mass","floor":39.0,"turns":5.0},{"damage":12.0,"enemies":"4 Shapes","floor":46.0,"turns":5.0},{"damage":9.0,"enemies":"3 Darklings","floor":47.0,"turns":5.0},{"damage":16,"enemies":"Jaw Worm Horde","floor":48,"turns":3},{"damage":110,"enemies":"Awakened One","floor":50,"turns":13}],"seed_played":"-7377340130375945585","potions_obtained":[{"floor":1.0,"key":"Weak Potion"},{"floor":7.0,"key":"Regen Potion"},{"floor":8.0,"key":"LiquidBronze"},{"floor":20.0,"key":"GamblersBrew"},{"floor":25.0,"key":"Fruit Juice"},{"floor":31.0,"key":"SkillPotion"},{"floor":36.0,"key":"Explosive Potion"}],"is_trial":false,"path_per_floor":["M","?","M","?","M","R","E","M","T","R","E","M","R","E","R","B",null,"M","$","M","?","$","R","M","M","T","M","M","$","T","M","R","B",null,"M","M","?","$","M","R","?","R","T","?","T","M","M","M","R","B"],"character_chosen":"IRONCLAD","items_purchased":["Membership Card","War Paint","Pen Nib","Perfected Strike","Inflame","Ancient Tea Set","Lantern","BloodPotion"],"campfire_rested":5,"item_purchase_floors":[19,19,19,22,22,38,38,38],"current_hp_per_floor":[74,67,73,62,68,68,42,34,34,56,39,39,61,37,59,13,60,53,53,40,40,40,40,46,30,30,36,42,42,42,38,61,38,70,76,67,67,72,66,66,66,66,66,66,66,66,66,62,92,0],"gold":74,"neow_bonus":"THREE_ENEMY_KILL","is_prod":false,"is_daily":false,"chose_seed":false,"campfire_upgraded":3,"win_rate":0,"timestamp":1547419675,"path_taken":["M","?","M","?","M","R","E","M","T","R","E","M","R","E","R","BOSS","M","$","M","?","$","R","M","?","T","?","M","$","?","M","R","BOSS","M","M","?","$","M","R","?","R","T","?","?","M","M","M","R","BOSS"],"build_version":"2019-01-10","purchased_purges":1,"victory":false,"max_hp_per_floor":[75,75,75,75,75,75,75,75,75,75,75,75,75,75,75,75,75,78,78,78,78,78,78,78,78,78,78,78,78,78,78,78,81,81,81,81,81,86,86,86,86,86,86,86,86,92,95,101,101,101],"card_choices":[{"not_picked":["Headbutt","Pommel Strike"],"picked":"Shrug It Off","floor":1.0},{"not_picked":["Rupture","Body Slam"],"picked":"Pommel Strike","floor":3.0},{"not_picked":["Warcry","True Grit"],"picked":"Perfected Strike","floor":5.0},{"not_picked":["Cleave","Rupture"],"picked":"Iron Wave","floor":7.0},{"not_picked":["Berserk","True Grit"],"picked":"Flame Barrier","floor":8.0},{"not_picked":["Seeing Red","Barricade"],"picked":"Ghostly Armor","floor":11.0},{"not_picked":["Clash","Hemokinesis"],"picked":"Twin Strike","floor":12.0},{"not_picked":["Blood for Blood","Carnage","Anger"],"picked":"SKIP","floor":12.0},{"not_picked":["Blood for Blood","Anger"],"picked":"Carnage","floor":12.0},{"not_picked":["Body Slam","Corruption"],"picked":"Dual Wield","floor":14.0},{"not_picked":["Exhume","Brutality"],"picked":"Feed","floor":16.0},{"not_picked":["Clash","Iron Wave"],"picked":"Armaments","floor":18.0},{"not_picked":["Havoc","Pommel Strike"],"picked":"Ghostly Armor+1","floor":18.0},{"not_picked":["Second Wind","Fire Breathing"],"picked":"Ghostly Armor","floor":20.0},{"not_picked":["Armaments","Iron Wave"],"picked":"Inflame","floor":20.0},{"not_picked":["Rupture","Body Slam"],"picked":"Feel No Pain+1","floor":24.0},{"not_picked":["Dual Wield","Clothesline"],"picked":"Perfected Strike","floor":24.0},{"not_picked":["Battle Trance+1","Havoc"],"picked":"Ghostly Armor","floor":25.0},{"not_picked":["Wild Strike","Headbutt"],"picked":"Immolate","floor":25.0},{"not_picked":["Anger","Headbutt+1"],"picked":"Iron Wave+1","floor":27.0},{"not_picked":["Disarm","Iron Wave+1"],"picked":"Uppercut+1","floor":27.0},{"not_picked":["Anger","Blood for Blood"],"picked":"Iron Wave","floor":28.0},{"not_picked":["Infernal Blade","Havoc+1"],"picked":"Metallicize","floor":28.0},{"not_picked":["Searing Blow+1","True Grit"],"picked":"Inflame","floor":31.0},{"not_picked":["Body Slam","Berserk"],"picked":"True Grit+1","floor":31.0},{"not_picked":["Brutality","Reaper"],"picked":"Feed","floor":33.0},{"not_picked":["Warcry","Armaments"],"picked":"Sentinel+1","floor":35.0},{"not_picked":["Pummel","Wild Strike"],"picked":"Ghostly Armor","floor":35.0},{"not_picked":["Berserk","Dropkick"],"picked":"Flame Barrier","floor":36.0},{"not_picked":["Hemokinesis+1","Warcry","Reckless Charge"],"picked":"SKIP","floor":36.0},{"not_picked":["Warcry","Wild Strike+1"],"picked":"Ghostly Armor","floor":39.0},{"not_picked":["Hemokinesis","Body Slam","Thunderclap+1"],"picked":"SKIP","floor":39.0},{"not_picked":["Armaments","Clash"],"picked":"Iron Wave","floor":46.0},{"not_picked":["Body Slam+1","Cleave"],"picked":"Shockwave","floor":46.0},{"not_picked":["Disarm","Intimidate"],"picked":"Double Tap","floor":47.0},{"not_picked":["Twin Strike","Havoc"],"picked":"Clothesline+1","floor":47.0},{"not_picked":["Cleave","Clash"],"picked":"Carnage+1","floor":48},{"not_picked":["Heavy Blade","Anger"],"picked":"Disarm+1","floor":48}],"player_experience":596475,"relics_obtained":[{"floor":7.0,"key":"Tiny Chest"},{"floor":9.0,"key":"Bottled Lightning"},{"floor":11.0,"key":"Prayer Wheel"},{"floor":14.0,"key":"Bag of Preparation"},{"floor":26.0,"key":"Self Forming Clay"},{"floor":45.0,"key":"Torii"}],"event_choices":[{"cards_removed":["Strike_R"],"damage_healed":0.0,"max_hp_gain":0.0,"max_hp_loss":0.0,"gold_gain":0.0,"event_name":"Golden Wing","player_choice":"Card Removal","floor":2.0,"gold_loss":0.0,"damage_taken":7.0},{"damage_healed":0.0,"max_hp_gain":0.0,"max_hp_loss":0.0,"gold_gain":75.0,"event_name":"World of Goop","player_choice":"Gather Gold","floor":4.0,"gold_loss":0.0,"damage_taken":11.0},{"cards_removed":["Strike_R"],"damage_healed":0.0,"max_hp_gain":0.0,"max_hp_loss":0.0,"gold_gain":0.0,"event_name":"Bonfire Elementals","player_choice":"Offered Basic","floor":21.0,"gold_loss":0.0,"damage_taken":0.0},{"damage_healed":0.0,"max_hp_gain":0.0,"max_hp_loss":0.0,"gold_gain":0.0,"event_name":"Tomb of Lord Red Mask","player_choice":"Ignored","floor":37.0,"gold_loss":0.0,"damage_taken":0.0},{"damage_healed":0.0,"max_hp_gain":0.0,"max_hp_loss":0.0,"gold_gain":0.0,"event_name":"Mysterious Sphere","player_choice":"Ignored","floor":41.0,"gold_loss":0.0,"damage_taken":0.0},{"cards_removed":["Defend_R"],"damage_healed":0.0,"max_hp_gain":0.0,"max_hp_loss":0.0,"gold_gain":0.0,"event_name":"Falling","player_choice":"Removed Skill","floor":44.0,"gold_loss":0.0,"damage_taken":0.0}],"is_beta":false,"boss_relics":[{"not_picked":["Eternal Feather","Busted Crown"],"picked":"Snecko Eye"},{"not_picked":["Lizard Tail","Black Star"],"picked":"Cursed Key"}],"items_purged_floors":[29],"is_endless":false,"potions_floor_spawned":[1,7,8,20,25,31,36],"killed_by":"Awakened One","ascension_level":20}