{"gold_per_floor":[110,385,398,416,16,16,27,41,41,41,79,79,102,116,116,214,214,232,157,180,25,50,50,50,50,50,65,65,65],"floor_reached":29,"playtime":1080,"items_purged":["Regret","Grand Finale"],"score":439,"play_id":"5a84c26c-a65d-41cf-b53b-fd977420a1d3","local_time":"20190825134237","is_ascension_mode":true,"campfire_choices":[{"data":"Apotheosis","floor":6.0,"key":"SMITH"},{"floor":12.0,"key":"REST"},{"data":"Neutralize","floor":15.0,"key":"SMITH"},{"floor":23,"key":"REST"},{"floor":25,"key":"REST"},{"floor":28,"key":"REST"}],"neow_cost":"NONE","seed_source_timestamp":0,"circlet_count":0,"master_deck":["AscendersBane","Strike_G","Strike_G","Strike_G","Strike_G","Defend_G","Defend_G","Defend_G","Defend_G","Defend_G","Survivor","Neutralize+1","Dagger Throw","Backflip","Blade Dance","Apotheosis+1","Tools of the Trade","Deadly Poison","Escape Plan","Underhanded Strike","Deflect","Wraith Form v2","Footwork","Dodge and Roll","Underhanded Strike","Venomology","Decay","Quick Slash+1"],"special_seed":0,"relics":["Ring of the Snake","NeowsBlessing","Shuriken","Golden Idol","Question Card","Vajra","Cursed Key","Sundial"],"potions_floor_usage":[18,18,27,29,29],"damage_taken":[{"damage":0.0,"enemies":"2 Louse","floor":1.0,"turns":1.0},{"damage":0.0,"enemies":"Cultist","floor":3.0,"turns":1.0},{"damage":0.0,"enemies":"Jaw Worm","floor":4.0,"turns":1.0},{"damage":11.0,"enemies":"Exordium Wildlife","floor":7.0,"turns":5.0},{"damage":0.0,"enemies":"2 Fungi Beasts","floor":8.0,"turns":3.0},{"damage":14.0,"enemies":"3 Sentries","floor":11.0,"turns":6.0},{"damage":0.0,"enemies":"3 Louse","floor":14.0,"turns":3.0},{"damage":22.0,"enemies":"Hexaghost","floor":16.0,"turns":7.0},{"damage":23,"enemies":"Chosen","floor":18,"turns":8},{"damage":13,"enemies":"Shell Parasite","floor":20,"turns":6},{"damage":5,"enemies":"3 Cultists","floor":22,"turns":6},{"damage":12,"enemies":"Snecko","floor":27,"turns":6},{"damage":60,"enemies":"Slavers","floor":29,"turns":8}],"seed_played":"-8271969623210444437","potions_obtained":[{"floor":3.0,"key":"Swift Potion"},{"floor":11.0,"key":"FearPotion"},{"floor":14.0,"key":"SpeedPotion"},{"floor":16.0,"key":"Regen Potion"},{"floor":22,"key":"Poison Potion"}],"is_trial":false,"path_per_floor":["M","?","M","M","$","R","M","M","T","?","E","R","T","M","R","B",null,"M","?","M","$","M","R","?","R","T","M","R","E"],"character_chosen":"THE_SILENT","items_purchased":["Apotheosis","Tools of the Trade","Deadly Poison","Underhanded Strike"],"campfire_rested":4,"item_purchase_floors":[5,5,5,21],"current_hp_per_floor":[59,59,59,59,59,59,48,48,48,48,34,52,52,52,52,30,53,42,42,29,29,24,42,33,51,51,39,57,0],"gold":65,"neow_bonus":"THREE_ENEMY_KILL","is_prod":false,"is_daily":false,"chose_seed":false,"campfire_upgraded":2,"win_rate":0,"timestamp":1566733357,"path_taken":["M","?","M","?","?","R","M","?","T","?","E","R","?","?","R","BOSS","M","?","M","$","M","R","?","R","T","M","R","E"],"build_version":"2019-07-17","purchased_purges":2,"victory":false,"max_hp_per_floor":[66,66,66,66,66,66,66,66,66,60,60,60,60,60,60,60,60,60,60,60,60,60,60,60,60,60,60,60,60],"card_choices":[{"not_picked":["Cloak And Dagger","Quick Slash"],"picked":"Dagger Throw","floor":1.0},{"not_picked":["Escape Plan","Predator"],"picked":"Backflip","floor":3.0},{"not_picked":["Distraction","Dodge and Roll"],"picked":"Blade Dance","floor":4.0},{"not_picked":["PiercingWail","Outmaneuver"],"picked":"Escape Plan","floor":7.0},{"not_picked":["Predator","Sucker Punch"],"picked":"Underhanded Strike","floor":8.0},{"not_picked":["Dagger Spray","Concentrate"],"picked":"Deflect","floor":11.0},{"not_picked":["Escape Plan","Outmaneuver","Riddle With Holes"],"picked":"Grand Finale","floor":14.0},{"not_picked":["Grand Finale","Phantasmal Killer","Glass Knife"],"picked":"Wraith Form v2","floor":16.0},{"not_picked":["Prepared","Poisoned Stab+1","Slice"],"picked":"Footwork","floor":18},{"not_picked":["Deflect","Quick Slash","Outmaneuver"],"picked":"Dodge and Roll","floor":20},{"not_picked":["Cloak And Dagger","Deadly Poison","Sucker Punch"],"picked":"Venomology","floor":22},{"not_picked":["Underhanded Strike","Heel Hook","Leg Sweep"],"picked":"Quick Slash+1","floor":27}],"player_experience":1963373,"relics_obtained":[{"floor":9.0,"key":"Shuriken"},{"floor":11.0,"key":"Question Card"},{"floor":13.0,"key":"Vajra"},{"floor":26,"key":"Sundial"}],"event_choices":[{"damage_healed":0.0,"max_hp_gain":0.0,"max_hp_loss":0.0,"gold_gain":275.0,"event_name":"Golden Shrine","player_choice":"Desecrate","floor":2.0,"gold_loss":0.0,"damage_taken":0.0,"cards_obtained":["Regret"]},{"damage_healed":0.0,"max_hp_gain":0.0,"max_hp_loss":6.0,"gold_gain":0.0,"event_name":"Golden Idol","player_choice":"Lose Max HP","floor":10.0,"gold_loss":0.0,"damage_taken":0.0,"relics_obtained":["Golden Idol"]},{"cards_removed":["Strike_G"],"damage_healed":0,"gold_gain":0,"player_choice":"Gave Gold","damage_taken":0,"max_hp_gain":0,"max_hp_loss":0,"event_name":"Beggar","floor":19,"gold_loss":75},{"damage_healed":0,"gold_gain":0,"player_choice":"Damaged","damage_taken":9,"max_hp_gain":0,"max_hp_loss":0,"event_name":"Wheel of Change","floor":24,"gold_loss":0}],"is_beta":false,"boss_relics":[{"not_picked":["Philosopher\u0027s Stone","Snecko Eye"],"picked":"Cursed Key"}],"items_purged_floors":[5,21],"is_endless":false,"potions_floor_spawned":[3,11,14,16,22],"killed_by":"Slavers","ascension_level":19}