{"gold_per_floor":[12,12,162,176,176,176,217,88,136,136,159,172,172,211,211,307,307,330,343,343,44,0,0,336,386,459,459,498,498],"floor_reached":29,"playtime":1240,"items_purged":["Doubt","Strike_R"],"score":534,"play_id":"e55aed67-c5b9-45a2-97d9-d3b944f386bb","local_time":"20190704201917","is_ascension_mode":true,"campfire_choices":[{"data":"Bash","floor":6,"key":"SMITH"},{"floor":10,"key":"REST"},{"data":"Inflame","floor":13,"key":"SMITH"},{"data":"Shockwave","floor":15,"key":"SMITH"},{"floor":23,"key":"REST"},{"floor":27,"key":"REST"}],"neow_cost":"NO_GOLD","seed_source_timestamp":609389765735159,"circlet_count":0,"master_deck":["AscendersBane","Strike_R","Strike_R","Strike_R","Strike_R","Defend_R","Defend_R","Defend_R","Defend_R","Bash+1","Inflame+1","Injury","Second Wind","Offering","Pommel Strike","Shrug It Off","Headbutt","Shockwave+1","Limit Break","Heavy Blade","Metallicize","Combust","Thunderclap","Ghostly Armor"],"relics":["Burning Blood","Du-Vu Doll","Golden Idol","Oddly Smooth Stone","Potion Belt","Juzu Bracelet","Black Star","MutagenicStrength","PreservedInsect","Old Coin","Frozen Egg 2","Matryoshka","Ornamental Fan","Regal Pillow"],"potions_floor_usage":[7,14,16,16,24,28],"damage_taken":[{"damage":7,"enemies":"2 Louse","floor":1,"turns":3},{"damage":3,"enemies":"Small Slimes","floor":4,"turns":4},{"damage":45,"enemies":"Lagavulin","floor":7,"turns":7},{"damage":0,"enemies":"Cultist","floor":11,"turns":3},{"damage":18,"enemies":"Large Slime","floor":12,"turns":3},{"damage":17,"enemies":"3 Sentries","floor":14,"turns":5},{"damage":23,"enemies":"Hexaghost","floor":16,"turns":9},{"damage":39,"enemies":"3 Byrds","floor":18,"turns":6},{"damage":16,"enemies":"Shell Parasite","floor":19,"turns":3},{"damage":39,"enemies":"Book of Stabbing","floor":24,"turns":6},{"damage":25,"enemies":"Gremlin Leader","floor":28,"turns":5},{"damage":11,"enemies":"Centurion and Healer","floor":29,"turns":1}],"seed_played":"7499276166071594777","potions_obtained":[{"floor":1,"key":"Block Potion"},{"floor":7,"key":"SteroidPotion"},{"floor":11,"key":"Explosive Potion"},{"floor":19,"key":"SkillPotion"},{"floor":24,"key":"Energy Potion"}],"is_trial":false,"path_per_floor":["M","?","?","M","?","R","E","$","T","R","M","M","R","E","R","B",null,"M","M","?","$","?","R","E","?","T","R","E","M"],"character_chosen":"IRONCLAD","items_purchased":["Poison Potion","PreservedInsect","Combust"],"campfire_rested":3,"item_purchase_floors":[8,21,21],"current_hp_per_floor":[67,67,67,70,70,70,31,31,31,53,59,47,47,36,36,19,61,28,18,18,18,18,40,7,7,7,29,10,0],"gold":498,"neow_bonus":"ONE_RARE_RELIC","is_prod":false,"is_daily":false,"chose_seed":false,"campfire_upgraded":3,"win_rate":0,"timestamp":1562267957,"path_taken":["M","?","?","M","?","R","E","$","T","R","M","?","R","E","R","BOSS","M","M","?","$","?","R","E","?","T","R","E","M"],"build_version":"2019-07-01","purchased_purges":2,"victory":false,"max_hp_per_floor":[75,75,75,75,75,75,75,75,75,75,75,75,75,75,75,75,75,75,75,75,75,75,75,75,75,75,75,75,75],"card_choices":[{"not_picked":["Rupture","Metallicize"],"picked":"Inflame","floor":1},{"not_picked":["Havoc","Power Through"],"picked":"Second Wind","floor":4},{"not_picked":["Bloodletting","Clash"],"picked":"Pommel Strike","floor":7},{"not_picked":["Clothesline","Headbutt"],"picked":"Shrug It Off","floor":11},{"not_picked":["Carnage","Perfected Strike"],"picked":"Headbutt","floor":12},{"not_picked":["Flex","Headbutt"],"picked":"Shockwave","floor":14},{"not_picked":["Offering","Juggernaut"],"picked":"Limit Break","floor":16},{"not_picked":["Shrug It Off","Body Slam"],"picked":"Heavy Blade","floor":18},{"not_picked":["Offering","Spot Weakness"],"picked":"Metallicize","floor":19},{"not_picked":["Iron Wave","Carnage"],"picked":"Thunderclap","floor":24},{"not_picked":["Burning Pact","Warcry"],"picked":"Ghostly Armor","floor":28}],"player_experience":1130697,"relics_obtained":[{"floor":7,"key":"Oddly Smooth Stone"},{"floor":9,"key":"Potion Belt"},{"floor":14,"key":"Juzu Bracelet"},{"floor":24,"key":"Old Coin"},{"floor":24,"key":"Frozen Egg 2"},{"floor":26,"key":"Matryoshka"},{"floor":28,"key":"Ornamental Fan"},{"floor":28,"key":"Regal Pillow"}],"event_choices":[{"damage_healed":0,"gold_gain":0,"player_choice":"Take Wound","damage_taken":0,"relics_obtained":["Golden Idol"],"max_hp_gain":0,"max_hp_loss":0,"event_name":"Golden Idol","floor":2,"gold_loss":0,"cards_obtained":["Injury"]},{"damage_healed":0,"gold_gain":150,"player_choice":"AGREE","damage_taken":0,"max_hp_gain":0,"max_hp_loss":0,"event_name":"Liars Game","floor":3,"gold_loss":0,"cards_obtained":["Doubt"]},{"damage_healed":0,"gold_gain":0,"player_choice":"1 cards matched","damage_taken":0,"max_hp_gain":0,"max_hp_loss":0,"event_name":"Match and Keep!","floor":5,"gold_loss":0,"cards_obtained":["Offering"]},{"damage_healed":0,"gold_gain":0,"player_choice":"Inject Mutagens","damage_taken":0,"relics_obtained":["MutagenicStrength"],"max_hp_gain":0,"max_hp_loss":0,"event_name":"Drug Dealer","floor":20,"gold_loss":0},{"damage_healed":0,"gold_gain":0,"player_choice":"Paid Fearfully","damage_taken":0,"max_hp_gain":0,"max_hp_loss":0,"event_name":"Masked Bandits","floor":22,"gold_loss":44},{"damage_healed":0,"gold_gain":50,"player_choice":"Stole From Cult","damage_taken":0,"max_hp_gain":0,"max_hp_loss":0,"event_name":"Nest","floor":25,"gold_loss":0}],"is_beta":false,"boss_relics":[{"not_picked":["White Beast Statue","Runic Pyramid"],"picked":"Black Star"}],"items_purged_floors":[8,21],"is_endless":false,"potions_floor_spawned":[1,7,11,19,24],"killed_by":"Centurion and Healer","ascension_level":20}