{"gold_per_floor":[118,43,8,283,295,321,321,321,347,358,139,173,48,80,80,159,159,172,172,172,157,157,157,177,191,191,224,224,242,92,103,103,178,178,188,164,164,164,564,564,590,590,590,605,619,635,389,400,400,400],"floor_reached":51,"playtime":2771,"items_purged":["Strike_R","Strike_R","Strike_R","Strike_R","Strike_R"],"score":1500,"play_id":"71ee73ea-6175-4b1a-adb6-beff54221967","local_time":"20190330191842","is_ascension_mode":true,"campfire_choices":[{"data":"True Grit","floor":7,"key":"SMITH"},{"data":"True Grit","floor":15,"key":"SMITH"},{"data":"Discovery","floor":23,"key":"SMITH"},{"data":"Demon Form","floor":28,"key":"SMITH"},{"floor":32,"key":"REST"},{"data":"Spot Weakness","floor":40,"key":"SMITH"},{"data":"Whirlwind","floor":42,"key":"SMITH"},{"floor":49,"key":"REST"}],"neow_cost":"NONE","seed_source_timestamp":389949261019100,"circlet_count":0,"master_deck":["AscendersBane","Defend_R","Defend_R","Defend_R","Defend_R","Bash","True Grit+1","Shrug It Off","True Grit+1","Demon Form+1","Discovery+1","Metallicize","Feed","Flame Barrier","Feed","Spot Weakness+1","Flex+1","Corruption+1","Heavy Blade","Flame Barrier","Iron Wave+1","Battle Trance","Barricade","Heavy Blade","Clash","Madness","Madness","Feel No Pain+1","Whirlwind+1","Warcry+1","Shockwave","Battle Trance","Burning Pact+1"],"relics":["Black Blood","NeowsBlessing","Pen Nib","Oddly Smooth Stone","Pocketwatch","Paper Frog","Snecko Eye","Nilry\u0027s Codex","Meat on the Bone","Bottled Lightning","Juzu Bracelet","Old Coin","Centennial Puzzle","Pantograph"],"potions_floor_usage":[12,16,18,24,31,44,46,48],"damage_taken":[{"damage":0,"enemies":"Jaw Worm","floor":1,"turns":1},{"damage":0,"enemies":"Cultist","floor":5,"turns":1},{"damage":0,"enemies":"Gremlin Nob","floor":6,"turns":1},{"damage":0,"enemies":"2 Louse","floor":10,"turns":3},{"damage":42,"enemies":"Lagavulin","floor":12,"turns":9},{"damage":30,"enemies":"Gremlin Nob","floor":14,"turns":4},{"damage":0,"enemies":"Hexaghost","floor":16,"turns":14},{"damage":0,"enemies":"3 Byrds","floor":18,"turns":4},{"damage":6,"enemies":"2 Thieves","floor":21,"turns":4},{"damage":14,"enemies":"Snake Plant","floor":24,"turns":4},{"damage":0,"enemies":"Centurion and Healer","floor":25,"turns":5},{"damage":12,"enemies":"Gremlin Leader","floor":27,"turns":4},{"damage":0,"enemies":"Snecko","floor":29,"turns":3},{"damage":16,"enemies":"Snake Plant","floor":31,"turns":5},{"damage":6,"enemies":"Champ","floor":33,"turns":7},{"damage":3,"enemies":"3 Shapes","floor":35,"turns":5},{"damage":0,"enemies":"Mind Bloom Boss Battle","floor":39,"turns":5},{"damage":6,"enemies":"Nemesis","floor":41,"turns":9},{"damage":12,"enemies":"Orb Walker","floor":44,"turns":5},{"damage":17,"enemies":"Maw","floor":45,"turns":5},{"damage":8,"enemies":"Sphere and 2 Shapes","floor":46,"turns":1},{"damage":50,"enemies":"Transient","floor":48,"turns":5},{"damage":86,"enemies":"Donu and Deca","floor":50,"turns":9}],"seed_played":"-8668358121886769982","potions_obtained":[{"floor":1,"key":"Strength Potion"},{"floor":12,"key":"SpeedPotion"},{"floor":14,"key":"SteroidPotion"},{"floor":16,"key":"Poison Potion"},{"floor":18,"key":"AttackPotion"},{"floor":27,"key":"Energy Potion"},{"floor":31,"key":"SteroidPotion"},{"floor":39,"key":"Weak Potion"},{"floor":41,"key":"Block Potion"},{"floor":45,"key":"SkillPotion"},{"floor":48,"key":"Fire Potion"}],"is_trial":false,"path_per_floor":["M","$","?","?","M","E","R","?","T","M","$","E","$","E","R","B",null,"M","?","?","M","?","R","M","M","T","E","R","M","$","M","R","B",null,"M","$","?","?","?","R","E","R","T","M","M","M","$","M","R","B",null],"character_chosen":"IRONCLAD","items_purchased":["Discovery","Metallicize","Clash","Battle Trance"],"campfire_rested":2,"item_purchase_floors":[11,11,36,47],"current_hp_per_floor":[74,74,75,75,75,75,75,75,75,75,75,39,39,15,15,21,62,71,55,55,55,40,40,47,56,56,62,62,71,71,64,92,92,94,101,101,88,88,98,98,101,101,101,99,92,94,94,66,96,37],"gold":400,"neow_bonus":"THREE_ENEMY_KILL","is_prod":false,"is_daily":false,"chose_seed":false,"campfire_upgraded":6,"win_rate":0,"timestamp":1553969922,"path_taken":["M","$","?","?","?","E","R","?","T","M","$","E","$","E","R","BOSS","M","?","?","?","?","R","M","M","T","E","R","M","$","M","R","BOSS","M","$","?","?","?","R","E","R","T","M","M","M","$","M","R","BOSS"],"build_version":"2019-01-23","purchased_purges":5,"victory":true,"max_hp_per_floor":[75,75,75,75,75,75,75,75,75,75,75,75,75,75,75,75,75,78,78,78,78,83,83,86,89,89,89,89,92,92,95,95,95,95,101,101,101,101,101,101,101,101,101,101,101,101,101,101,101,101],"card_choices":[{"not_picked":["Twin Strike","Wild Strike"],"picked":"True Grit","floor":1},{"not_picked":["Warcry","Iron Wave"],"picked":"Shrug It Off","floor":5},{"not_picked":["Infernal Blade","Warcry"],"picked":"True Grit","floor":6},{"not_picked":["Perfected Strike","Ghostly Armor"],"picked":"Demon Form","floor":10},{"not_picked":["Cleave","Sword Boomerang"],"picked":"Feed","floor":12},{"not_picked":["Shrug It Off","Headbutt"],"picked":"Flame Barrier","floor":14},{"not_picked":["Fiend Fire","Brutality"],"picked":"Feed","floor":16},{"not_picked":["Sword Boomerang","Searing Blow"],"picked":"Spot Weakness","floor":18},{"not_picked":["Thunderclap","Cleave"],"picked":"Flex+1","floor":21},{"not_picked":["Power Through","Clash"],"picked":"Corruption+1","floor":24},{"not_picked":["Anger","Havoc"],"picked":"Heavy Blade","floor":25},{"not_picked":["Reckless Charge","Sever Soul"],"picked":"Flame Barrier","floor":27},{"not_picked":["Infernal Blade","Warcry"],"picked":"Iron Wave+1","floor":29},{"not_picked":["Blood for Blood+1","Thunderclap"],"picked":"Battle Trance","floor":31},{"not_picked":["Feed","Double Tap"],"picked":"Barricade","floor":33},{"not_picked":["Iron Wave+1","Power Through"],"picked":"Heavy Blade","floor":35},{"not_picked":["Disarm","Rupture"],"picked":"Feel No Pain+1","floor":39},{"not_picked":["Sentinel+1","Armaments+1"],"picked":"Whirlwind","floor":41},{"not_picked":["Anger","Searing Blow","Burning Pact"],"picked":"SKIP","floor":44},{"not_picked":["Cleave","Perfected Strike"],"picked":"Warcry+1","floor":45},{"not_picked":["Havoc","True Grit"],"picked":"Shockwave","floor":46},{"not_picked":["Headbutt","Infernal Blade"],"picked":"Burning Pact+1","floor":48}],"player_experience":1016656,"relics_obtained":[{"floor":6,"key":"Pen Nib"},{"floor":9,"key":"Oddly Smooth Stone"},{"floor":12,"key":"Pocketwatch"},{"floor":14,"key":"Paper Frog"},{"floor":19,"key":"Nilry\u0027s Codex"},{"floor":26,"key":"Bottled Lightning"},{"floor":27,"key":"Juzu Bracelet"},{"floor":39,"key":"Old Coin"},{"floor":41,"key":"Centennial Puzzle"},{"floor":43,"key":"Pantograph"}],"event_choices":[{"damage_healed":18,"gold_gain":0,"player_choice":"Healed","damage_taken":0,"max_hp_gain":0,"max_hp_loss":0,"event_name":"The Cleric","floor":3,"gold_loss":35},{"damage_healed":0,"gold_gain":275,"player_choice":"Desecrate","damage_taken":0,"max_hp_gain":0,"max_hp_loss":0,"event_name":"Golden Shrine","floor":4,"gold_loss":0,"cards_obtained":["Regret"]},{"cards_removed":["Regret"],"damage_healed":0,"gold_gain":0,"player_choice":"Forget","damage_taken":0,"max_hp_gain":0,"max_hp_loss":0,"event_name":"Living Wall","floor":8,"gold_loss":0},{"damage_healed":0,"gold_gain":0,"player_choice":"Obtained Book","damage_taken":16,"max_hp_gain":0,"max_hp_loss":0,"event_name":"Cursed Tome","floor":19,"gold_loss":0},{"damage_healed":0,"gold_gain":0,"player_choice":"Gave Potion","damage_taken":0,"relics_obtained":["Meat on the Bone"],"max_hp_gain":0,"max_hp_loss":0,"event_name":"WeMeetAgain","floor":20,"gold_loss":0},{"damage_healed":0,"gold_gain":0,"player_choice":"Shed Blood","damage_taken":20,"max_hp_gain":5,"max_hp_loss":0,"event_name":"Forgotten Altar","floor":22,"gold_loss":0},{"damage_healed":0,"gold_gain":0,"player_choice":"Embrace Madness","damage_taken":13,"max_hp_gain":0,"max_hp_loss":0,"event_name":"Winding Halls","floor":37,"gold_loss":0,"cards_obtained":["Madness","Madness"]},{"damage_healed":0,"gold_gain":0,"player_choice":"Ignored","damage_taken":0,"max_hp_gain":0,"max_hp_loss":0,"event_name":"Tomb of Lord Red Mask","floor":38,"gold_loss":0},{"damage_healed":0,"gold_gain":0,"player_choice":"Fight","damage_taken":0,"max_hp_gain":0,"max_hp_loss":0,"event_name":"MindBloom","floor":39,"gold_loss":0}],"is_beta":false,"boss_relics":[{"not_picked":["Sozu","Mark of Pain"],"picked":"Snecko Eye"},{"not_picked":["Runic Dome","Calling Bell"],"picked":"Black Blood"}],"items_purged_floors":[2,11,13,30,47],"is_endless":false,"potions_floor_spawned":[1,12,14,16,18,27,31,39,41,45,48],"ascension_level":14}