{"path_per_floor":["M","?","?","?","M","R","E","R","T","$","R","M","M","M","R","B",null,"M","$","M","M","M","R","E","M","T","R","$","M","M","M","R","B",null,"M","M","$","M","$","T","M","R","T","$","M","?","R","E","R"],"character_chosen":"IRONCLAD","items_purchased":["Bag of Preparation","Bag of Marbles","Swift Strike","Oddly Smooth Stone"],"gold_per_floor":[113,113,113,113,129,129,164,164,216,73,73,88,112,130,130,259,259,283,57,78,91,111,111,142,162,192,192,87,101,117,131,131,252,252,277,291,291,312,158,158,172,172,225,225,249,249,249,285,285],"floor_reached":50,"campfire_rested":3,"playtime":2608,"current_hp_per_floor":[80,80,64,44,40,40,17,41,41,41,41,43,47,53,53,26,67,59,59,59,48,54,54,30,30,30,69,69,73,79,80,80,64,76,78,80,80,80,80,80,75,75,75,75,52,52,52,54,80],"items_purged":["Decay"],"gold":285,"play_id":"75eaf0ef-3140-431f-97fc-8e8cf3a6af08","is_prod":false,"is_daily":false,"is_ascension_mode":true,"campfire_upgraded":7,"path_taken":["M","?","?","?","M","R","E","R","T","$","R","M","?","M","R","BOSS","M","$","M","M","M","R","E","M","T","R","$","M","M","M","R","BOSS","M","M","$","M","$","?","?","R","T","$","M","?","R","E","R","BOSS"],"build_version":"2018-02-01-PROD3","purchased_purges":4,"victory":false,"master_deck":["Strike_R","Strike_R","Strike_R","Strike_R","Strike_R","Defend_R+1","Defend_R+1","Defend_R","Defend_R","Bash+1","Perfected Strike+1","Perfected Strike+1","Shockwave+1","Clash+1","Power Through","Twin Strike+1","Wild Strike+1","Perfected Strike+1","Swift Strike","Offering+1","Dropkick+1","Double Tap+1","Spot Weakness+1","Wild Strike+1"],"max_hp_per_floor":[80,80,80,80,80,80,80,80,80,80,80,80,80,80,80,80,80,80,80,80,80,80,80,80,80,80,80,80,80,80,80,80,80,80,80,80,80,80,80,80,80,80,80,80,80,80,80,80,80],"relics":["Burning Blood","Golden Idol","Shuriken","Regal Pillow","Bag of Preparation","Mark of Pain","Bag of Marbles","Self Forming Clay","Tiny Chest","Sozu","Oddly Smooth Stone","Frozen Eye","War Paint","Juzu Bracelet"],"card_choices":[{"not_picked":["Iron Wave","Wild Strike"],"picked":"Perfected Strike"},{"not_picked":["Fiend Fire","Flame Barrier"],"picked":"Perfected Strike"},{"not_picked":["Armaments","Heavy Blade"],"picked":"Shockwave"},{"not_picked":["Thunderclap","Headbutt"],"picked":"Clash"},{"not_picked":["Thunderclap","Flex"],"picked":"Power Through"},{"not_picked":["Dropkick","Disarm"],"picked":"Twin Strike"},{"not_picked":["Havoc","Dual Wield"],"picked":"Wild Strike"},{"not_picked":["Infernal Blade","Warcry"],"picked":"Perfected Strike"},{"not_picked":["Headbutt","Thunderclap"],"picked":"Offering"},{"not_picked":["Clothesline","Headbutt"],"picked":"Dropkick"},{"not_picked":["Barricade","Demon Form"],"picked":"Double Tap"},{"not_picked":["Flame Barrier","Flex"],"picked":"Spot Weakness"},{"not_picked":["Flame Barrier","Warcry"],"picked":"Wild Strike"}],"player_experience":156709,"potions_floor_usage":[18,18,24,33,33],"damage_taken":[{"damage":1,"enemies":"2 Louse","floor":1,"turns":2},{"damage":10,"enemies":"Blue Slaver","floor":5,"turns":3},{"damage":29,"enemies":"Gremlin Nob","floor":7,"turns":4},{"damage":4,"enemies":"Jaw Worm","floor":12,"turns":2},{"damage":2,"enemies":"2 Fungi Beasts","floor":13,"turns":3},{"damage":0,"enemies":"Exordium Wildlife","floor":14,"turns":2},{"damage":33,"enemies":"The Guardian","floor":16,"turns":7},{"damage":14,"enemies":"Shell Parasite","floor":18,"turns":2},{"damage":6,"enemies":"2 Thieves","floor":20,"turns":5},{"damage":17,"enemies":"Slaver and Parasite","floor":21,"turns":5},{"damage":0,"enemies":"Snake Plant","floor":22,"turns":1},{"damage":30,"enemies":"Book of Stabbing","floor":24,"turns":4},{"damage":6,"enemies":"Centurion and Healer","floor":25,"turns":4},{"damage":2,"enemies":"Slaver and Parasite","floor":29,"turns":3},{"damage":0,"enemies":"3 Cultists","floor":30,"turns":2},{"damage":4,"enemies":"Cultist and Chosen","floor":31,"turns":3},{"damage":22,"enemies":"Champ","floor":33,"turns":6},{"damage":4,"enemies":"3 Darklings","floor":35,"turns":3},{"damage":0,"enemies":"Orb Walker","floor":36,"turns":1},{"damage":4,"enemies":"Sphere and 2 Shapes","floor":38,"turns":3},{"damage":11,"enemies":"4 Shapes","floor":41,"turns":4},{"damage":29,"enemies":"3 Darklings","floor":45,"turns":3},{"damage":4,"enemies":"2 Orb Walkers","floor":48,"turns":4},{"damage":81,"enemies":"Awakened One","floor":50,"turns":6}],"event_choices":[{"event_name":"Wheel of Change","player_choice":"Curse","floor":2,"damage_taken":0},{"event_name":"Shining Light","player_choice":"Entered Light","floor":3,"damage_taken":0},{"event_name":"Golden Idol","player_choice":"Take Damage","floor":4,"damage_taken":0},{"event_name":"Accursed Blacksmith","player_choice":"Ignore","floor":46,"damage_taken":0}],"boss_relics":[{"not_picked":["Snecko Eye","Lizard Tail"],"picked":"Mark of Pain"},{"not_picked":["Pandora\u0027s Box","Runic Cube"],"picked":"Sozu"}],"potions_floor_spawned":[5,12,16,21,22,25,30,33,38],"seed_played":"5966367162498957397","killed_by":"Awakened One","ascension_level":5,"is_trial":false}