{"gold_per_floor":[116,191,191,191,20,20,48,48,48,80,100,100],"floor_reached":12,"playtime":340,"items_purged":["Defend_G"],"score":151,"play_id":"e826bf75-0fc4-4356-8310-32bb70a8c8f9","local_time":"20190517152510","is_ascension_mode":true,"campfire_choices":[{"data":"Neutralize","floor":6.0,"key":"SMITH"},{"data":"Noxious Fumes","floor":8,"key":"SMITH"}],"neow_cost":"NONE","seed_source_timestamp":317767970004800,"circlet_count":0,"master_deck":["AscendersBane","Defend_G","Defend_G","Defend_G","Defend_G","Strike_G","Strike_G","Strike_G","Survivor","Neutralize+1","Blur","Finisher","Noxious Fumes+1","Blade Dance","Cloak And Dagger","Dagger Spray","Blur"],"special_seed":0,"relics":["Ring of the Snake","Bottled Lightning","Frozen Egg 2","Bag of Preparation"],"potions_floor_usage":[],"damage_taken":[{"damage":3.0,"enemies":"Small Slimes","floor":1.0,"turns":5.0},{"damage":8.0,"enemies":"Lagavulin","floor":7.0,"turns":7.0},{"damage":18,"enemies":"3 Sentries","floor":10,"turns":9},{"damage":3,"enemies":"Jaw Worm","floor":11,"turns":2}],"seed_played":"-1347692169384868460","potions_obtained":[{"floor":1.0,"key":"GhostInAJar"}],"is_trial":false,"path_per_floor":["M","?","?","?","$","R","E","R","T","E","M","?"],"character_chosen":"THE_SILENT","items_purchased":["Noxious Fumes","Blade Dance"],"campfire_rested":0,"item_purchase_floors":[5,5],"current_hp_per_floor":[56,45,50,43,43,43,35,35,35,17,14,0],"gold":100,"neow_bonus":"TRANSFORM_CARD","is_prod":false,"is_daily":false,"chose_seed":false,"campfire_upgraded":2,"win_rate":0,"timestamp":1558099510,"path_taken":["M","?","?","?","$","R","E","R","T","E","M","?"],"build_version":"2019-01-23","purchased_purges":1,"victory":false,"max_hp_per_floor":[66,66,71,71,71,71,71,71,71,71,71,71],"card_choices":[{"not_picked":["Sucker Punch","Dagger Throw"],"picked":"Finisher","floor":1.0},{"not_picked":["Dagger Spray","Choke"],"picked":"Cloak And Dagger","floor":7},{"not_picked":["Tactician","Dodge and Roll"],"picked":"Dagger Spray","floor":10},{"not_picked":["Distraction","Deflect"],"picked":"Blur","floor":11}],"player_experience":1130465,"relics_obtained":[{"floor":7,"key":"Bottled Lightning"},{"floor":9,"key":"Frozen Egg 2"},{"floor":10,"key":"Bag of Preparation"}],"event_choices":[{"damage_healed":0.0,"max_hp_gain":0.0,"max_hp_loss":0.0,"gold_gain":75.0,"event_name":"World of Goop","player_choice":"Gather Gold","floor":2.0,"gold_loss":0.0,"damage_taken":11.0},{"damage_healed":0.0,"max_hp_gain":5.0,"max_hp_loss":0.0,"gold_gain":0.0,"event_name":"Big Fish","player_choice":"Donut","floor":3.0,"gold_loss":0.0,"damage_taken":0.0},{"cards_removed":["Strike_G"],"damage_healed":0.0,"max_hp_gain":0.0,"max_hp_loss":0.0,"gold_gain":0.0,"event_name":"Golden Wing","player_choice":"Card Removal","floor":4.0,"gold_loss":0.0,"damage_taken":7.0}],"is_beta":false,"boss_relics":[],"items_purged_floors":[5],"is_endless":false,"potions_floor_spawned":[1],"ascension_level":16}