{"gold_per_floor":[367,28,47,66,66,66,101,101,147,222,237,17,17,32,32,103,103,123,123,123,11,27,27,37,50,50,64,64,64,64,114,114,114],"floor_reached":33,"playtime":1563,"items_purged":["Writhe"],"score":429,"play_id":"25c92927-b9f9-4875-8e98-d27c4b6ce59f","local_time":"20180916201719","is_ascension_mode":true,"campfire_choices":[{"data":"Intimidate","floor":6,"key":"SMITH"},{"floor":8,"key":"REST"},{"data":"Flex","floor":13,"key":"SMITH"},{"data":"True Grit","floor":15,"key":"SMITH"},{"floor":23,"key":"REST"},{"data":"Limit Break","floor":28,"key":"SMITH"},{"data":"Sword Boomerang","floor":30,"key":"SMITH"},{"data":"Feel No Pain","floor":32,"key":"SMITH"}],"neow_cost":"TEN_PERCENT_HP_LOSS","seed_source_timestamp":328563939970651,"circlet_count":0,"master_deck":["Strike_R","Strike_R","Strike_R","Strike_R","Strike_R","Defend_R","Defend_R+1","Defend_R","Defend_R","Bash","AscendersBane","Intimidate+1","Clothesline","Battle Trance","Burning Pact+1","Bash","Double Tap","Flex+1","Shrug It Off","Headbutt","True Grit+1","Dark Embrace","Sword Boomerang+1","Feel No Pain+1","Sword Boomerang+1","Corruption","Entrench","Limit Break+1"],"relics":["Burning Blood","Ice Cream","Ancient Tea Set","Orichalcum","Red Skull","Velvet Choker","Torii","Frozen Egg 2","War Paint"],"potions_floor_usage":[7,18,24,27],"damage_taken":[{"damage":7,"enemies":"Jaw Worm","floor":1,"turns":3},{"damage":1,"enemies":"Cultist","floor":3,"turns":3},{"damage":10,"enemies":"2 Louse","floor":4,"turns":3},{"damage":29,"enemies":"3 Sentries","floor":7,"turns":10},{"damage":19,"enemies":"Large Slime","floor":11,"turns":6},{"damage":9,"enemies":"3 Louse","floor":14,"turns":3},{"damage":19,"enemies":"The Guardian","floor":16,"turns":15},{"damage":14,"enemies":"Shell Parasite","floor":18,"turns":6},{"damage":7,"enemies":"Chosen","floor":22,"turns":3},{"damage":0,"enemies":"Snecko","floor":24,"turns":2},{"damage":24,"enemies":"Chosen and Byrds","floor":25,"turns":9},{"damage":16,"enemies":"Centurion and Healer","floor":27,"turns":6},{"damage":30,"enemies":"Collector","floor":33,"turns":5}],"seed_played":"-1175827928260981599","potions_obtained":[{"floor":1,"key":"Dexterity Potion"},{"floor":3,"key":"Energy Potion"},{"floor":16,"key":"Block Potion"},{"floor":22,"key":"Swift Potion"},{"floor":25,"key":"Block Potion"}],"is_trial":false,"path_per_floor":["M","$","M","M","?","R","E","R","T","?","M","$","R","M","R","B",null,"M","?","?","$","M","R","M","M","T","M","R","T","R","?","R"],"character_chosen":"IRONCLAD","items_purchased":["Ice Cream","Clothesline","Red Skull","Shrug It Off","Headbutt","Feel No Pain"],"campfire_rested":2,"item_purchase_floors":[2,2,12,12,12,21],"current_hp_per_floor":[67,67,68,64,64,64,41,61,61,50,37,37,37,34,34,21,56,48,29,29,29,28,49,55,37,37,27,27,27,27,27,27,0],"gold":114,"neow_bonus":"TWO_FIFTY_GOLD","is_prod":false,"is_daily":false,"chose_seed":false,"campfire_upgraded":6,"win_rate":0,"timestamp":1537125439,"path_taken":["M","$","M","M","?","R","E","R","T","?","?","$","R","M","R","BOSS","M","?","?","$","?","R","M","M","T","M","R","?","R","?","R","BOSS"],"build_version":"2018-09-06","purchased_purges":1,"victory":false,"max_hp_per_floor":[68,68,68,68,68,68,68,68,68,68,68,68,68,68,68,68,68,68,73,73,73,73,73,73,73,73,73,73,73,73,73,73,73],"card_choices":[{"not_picked":["Armaments","Anger"],"picked":"Intimidate","floor":1},{"not_picked":["Clothesline","Headbutt"],"picked":"Battle Trance","floor":3},{"not_picked":["Wild Strike","Warcry"],"picked":"Burning Pact","floor":4},{"not_picked":["Clash","Perfected Strike"],"picked":"Double Tap","floor":7},{"not_picked":["Pommel Strike","Thunderclap"],"picked":"Flex","floor":11},{"not_picked":["Clothesline","Rampage"],"picked":"True Grit","floor":14},{"not_picked":["Impervious","Bludgeon"],"picked":"Dark Embrace","floor":16},{"not_picked":["Power Through","Wild Strike"],"picked":"Sword Boomerang+1","floor":18},{"not_picked":["Battle Trance","Flex"],"picked":"Sword Boomerang","floor":22},{"not_picked":["Fire Breathing","Body Slam"],"picked":"Corruption","floor":24},{"not_picked":["Feel No Pain","Wild Strike"],"picked":"Entrench","floor":25},{"not_picked":["Spot Weakness","Anger"],"picked":"Limit Break","floor":27}],"player_experience":744230,"relics_obtained":[{"floor":7,"key":"Ancient Tea Set"},{"floor":9,"key":"Orichalcum"},{"floor":26,"key":"Frozen Egg 2"},{"floor":29,"key":"War Paint"}],"event_choices":[{"event_name":"Match and Keep!","player_choice":"1 cards matched","floor":5,"damage_taken":0},{"event_name":"World of Goop","player_choice":"Gather Gold","floor":10,"damage_taken":0},{"event_name":"Forgotten Altar","player_choice":"Shed Blood","floor":19,"damage_taken":0},{"event_name":"The Mausoleum","player_choice":"Yes","floor":20,"damage_taken":0},{"event_name":"Nest","player_choice":"Stole From Cult","floor":31,"damage_taken":0}],"is_beta":false,"boss_relics":[{"not_picked":["Fusion Hammer","Busted Crown"],"picked":"Velvet Choker"}],"items_purged_floors":[21],"is_endless":false,"potions_floor_spawned":[1,3,16,22,25],"killed_by":"Collector","ascension_level":15}