{"gold_per_floor":[109,122,197,207,226,226,256,331,378,390,430,442,484,512,524,614,626,658,333,333,344,344,344,360,360,383,383,383,383,383,399,399,476,476,495,543,555,50,50,75,91,91],"floor_reached":42,"playtime":2006,"items_purged":["Strike_R","Strike_R"],"score":716,"play_id":"ab0e06ed-fa16-4c33-8682-9a13660739fe","local_time":"20190304065007","is_ascension_mode":true,"campfire_choices":[{"data":"Bash","floor":6.0,"key":"SMITH"},{"floor":10.0,"key":"REST"},{"floor":15,"key":"REST"},{"data":"RitualDagger","floor":23,"key":"SMITH"},{"floor":25,"key":"REST"},{"data":"Juggernaut","floor":29,"key":"SMITH"},{"floor":32,"key":"REST"}],"neow_cost":"NONE","seed_source_timestamp":0,"circlet_count":0,"master_deck":["AscendersBane","Strike_R","Strike_R","Strike_R","Defend_R","Defend_R","Defend_R","Defend_R","Bash+1","Metallicize+1","Clothesline+1","Uppercut","True Grit","Iron Wave","Cleave","Power Through","Anger","Juggernaut+1","Anger","RitualDagger+1","Ghostly Armor","Flame Barrier","Pommel Strike","Juggernaut","Flame Barrier+1","Reckless Charge+1","Fire Breathing","Madness","Madness","Body Slam+1","Armaments"],"special_seed":0,"relics":["Burning Blood","Blood Vial","Letter Opener","MawBank","Bag of Preparation","Odd Mushroom","Cursed Key","Bottled Lightning","Boot","Nilry\u0027s Codex","Runic Pyramid","Shovel","Bottled Tornado","Happy Flower","Dodecahedron"],"potions_floor_usage":[16,18,24,30,36,37,41],"damage_taken":[{"damage":13.0,"enemies":"Jaw Worm","floor":1.0,"turns":4.0},{"damage":1.0,"enemies":"Cultist","floor":2.0,"turns":5.0},{"damage":1.0,"enemies":"Small Slimes","floor":4.0,"turns":4.0},{"damage":20.0,"enemies":"3 Louse","floor":5.0,"turns":3.0},{"damage":26.0,"enemies":"Lagavulin","floor":7.0,"turns":8.0},{"damage":33.0,"enemies":"Gremlin Nob","floor":11.0,"turns":5.0},{"damage":19.0,"enemies":"The Mushroom Lair","floor":13.0,"turns":5.0},{"damage":9.0,"enemies":"Exordium Thugs","floor":14.0,"turns":8.0},{"damage":21,"enemies":"The Guardian","floor":16,"turns":12},{"damage":21,"enemies":"Spheric Guardian","floor":18,"turns":4},{"damage":22,"enemies":"3 Byrds","floor":21,"turns":6},{"damage":6,"enemies":"Shelled Parasite and Fungi","floor":24,"turns":7},{"damage":10,"enemies":"Colosseum Slavers","floor":30,"turns":4},{"damage":26,"enemies":"Snake Plant","floor":31,"turns":3},{"damage":54,"enemies":"Collector","floor":33,"turns":13},{"damage":7,"enemies":"3 Shapes","floor":35,"turns":5},{"damage":27,"enemies":"2 Orb Walkers","floor":36,"turns":5},{"damage":19,"enemies":"3 Darklings","floor":37,"turns":5},{"damage":22,"enemies":"Reptomancer","floor":40,"turns":8},{"damage":7,"enemies":"Spire Growth","floor":41,"turns":4},{"damage":41,"enemies":"Nemesis","floor":42,"turns":2}],"seed_played":"7006481378422402502","potions_obtained":[{"floor":2.0,"key":"Weak Potion"},{"floor":4.0,"key":"BloodPotion"},{"floor":14.0,"key":"FearPotion"},{"floor":16,"key":"FearPotion"},{"floor":21,"key":"Block Potion"},{"floor":24,"key":"Regen Potion"},{"floor":33,"key":"GamblersBrew"},{"floor":35,"key":"SkillPotion"},{"floor":40,"key":"Weak Potion"}],"is_trial":false,"path_per_floor":["M","M","?","M","M","R","E","?","T","R","E","?","?","M","R","B",null,"M","$","?","M","?","R","M","R","T","?","?","R","?","M","R","B",null,"M","?","M","$","?","E","M","E"],"character_chosen":"IRONCLAD","items_purchased":["Bottled Lightning","Bottled Tornado","Happy Flower"],"campfire_rested":4,"item_purchase_floors":[19,38,38],"current_hp_per_floor":[67,74,66,73,69,69,51,40,40,64,39,23,12,11,35,22,66,53,53,47,33,30,30,32,56,56,40,40,40,50,32,56,10,63,64,45,34,34,24,10,11,0],"gold":91,"neow_bonus":"RANDOM_COMMON_RELIC","is_prod":false,"is_daily":false,"chose_seed":false,"campfire_upgraded":3,"win_rate":0,"timestamp":1551678607,"path_taken":["M","M","?","?","M","R","E","?","T","R","E","?","?","M","R","BOSS","M","$","?","M","?","R","?","R","T","?","?","R","?","M","R","BOSS","M","?","M","$","?","E","M","E"],"build_version":"2019-01-23","purchased_purges":2,"victory":false,"max_hp_per_floor":[80,80,80,80,80,80,80,80,80,80,80,80,80,80,80,80,80,80,80,80,80,80,80,80,80,80,80,80,80,80,80,80,80,80,80,80,80,80,80,80,80,80],"card_choices":[{"not_picked":["Wild Strike","Dropkick"],"picked":"Metallicize","floor":1.0},{"not_picked":["Warcry","Bloodletting"],"picked":"Clothesline","floor":2.0},{"not_picked":["Clash","Sword Boomerang"],"picked":"Uppercut","floor":4.0},{"not_picked":["Intimidate","Sever Soul"],"picked":"True Grit","floor":5.0},{"not_picked":["Hemokinesis","Warcry"],"picked":"Iron Wave","floor":7.0},{"not_picked":["True Grit","Combust"],"picked":"Cleave","floor":11.0},{"not_picked":["Headbutt","Shrug It Off"],"picked":"Power Through","floor":13.0},{"not_picked":["Reaper","Havoc"],"picked":"Anger","floor":14.0},{"not_picked":["Reaper","Exhume"],"picked":"Juggernaut","floor":16},{"not_picked":["Wild Strike","Dropkick"],"picked":"Anger","floor":18},{"not_picked":["Cleave","Wild Strike"],"picked":"Ghostly Armor","floor":21},{"not_picked":["Battle Trance","Wild Strike"],"picked":"Flame Barrier","floor":24},{"not_picked":["Perfected Strike","Havoc"],"picked":"Pommel Strike","floor":31},{"not_picked":["Dark Embrace","Bludgeon"],"picked":"Juggernaut","floor":33},{"not_picked":["Sword Boomerang","Rampage"],"picked":"Flame Barrier+1","floor":35},{"not_picked":["Perfected Strike+1","Bloodletting"],"picked":"Reckless Charge+1","floor":36},{"not_picked":["Combust","Iron Wave"],"picked":"Fire Breathing","floor":37},{"not_picked":["Clash","Perfected Strike"],"picked":"Body Slam+1","floor":40},{"not_picked":["Pommel Strike+1","Havoc"],"picked":"Armaments","floor":41}],"player_experience":932135,"relics_obtained":[{"floor":7.0,"key":"Letter Opener"},{"floor":9.0,"key":"MawBank"},{"floor":11.0,"key":"Bag of Preparation"},{"floor":13.0,"key":"Odd Mushroom"},{"floor":26,"key":"Boot"},{"floor":27,"key":"Nilry\u0027s Codex"},{"floor":36,"key":"Shovel"},{"floor":40,"key":"Dodecahedron"}],"event_choices":[{"damage_healed":0.0,"max_hp_gain":0.0,"max_hp_loss":0.0,"gold_gain":75.0,"event_name":"FaceTrader","player_choice":"Touch","floor":3.0,"gold_loss":0.0,"damage_taken":8.0},{"damage_healed":0.0,"max_hp_gain":0.0,"max_hp_loss":0.0,"gold_gain":75.0,"event_name":"World of Goop","player_choice":"Gather Gold","floor":8.0,"gold_loss":0.0,"damage_taken":11.0},{"damage_healed":0.0,"max_hp_gain":0.0,"max_hp_loss":0.0,"gold_gain":0.0,"event_name":"Shining Light","player_choice":"Entered Light","floor":12.0,"gold_loss":0.0,"damage_taken":16.0,"cards_upgraded":["Metallicize","Clothesline"]},{"damage_healed":0.0,"max_hp_gain":0.0,"max_hp_loss":0.0,"gold_gain":0.0,"event_name":"Mushrooms","player_choice":"Fought Mushrooms","floor":13.0,"gold_loss":0.0,"damage_taken":0.0},{"damage_healed":0,"gold_gain":0,"player_choice":"Joined the Cult","damage_taken":6,"max_hp_gain":0,"max_hp_loss":0,"event_name":"Nest","floor":20,"gold_loss":0,"cards_obtained":["RitualDagger"]},{"damage_healed":0,"gold_gain":0,"player_choice":"Punched","damage_taken":3,"max_hp_gain":0,"max_hp_loss":0,"event_name":"Designer","floor":22,"gold_loss":0},{"damage_healed":0,"gold_gain":0,"player_choice":"Obtained Book","damage_taken":16,"max_hp_gain":0,"max_hp_loss":0,"event_name":"Cursed Tome","floor":27,"gold_loss":0},{"cards_removed":["Doubt"],"damage_healed":0,"gold_gain":0,"player_choice":"Elegance","damage_taken":0,"max_hp_gain":0,"max_hp_loss":0,"event_name":"Back to Basics","floor":28,"gold_loss":0},{"damage_healed":0,"gold_gain":0,"player_choice":"Fight","damage_taken":0,"max_hp_gain":0,"max_hp_loss":0,"event_name":"Colosseum","floor":30,"gold_loss":0},{"damage_healed":0,"gold_gain":0,"player_choice":"Fled From Nobs","damage_taken":0,"max_hp_gain":0,"max_hp_loss":0,"event_name":"Colosseum","floor":30,"gold_loss":0},{"damage_healed":0,"gold_gain":0,"player_choice":"Fight","damage_taken":0,"max_hp_gain":0,"max_hp_loss":0,"event_name":"Mysterious Sphere","floor":36,"gold_loss":0},{"damage_healed":0,"gold_gain":0,"player_choice":"Embrace Madness","damage_taken":10,"max_hp_gain":0,"max_hp_loss":0,"event_name":"Winding Halls","floor":39,"gold_loss":0,"cards_obtained":["Madness","Madness"]}],"is_beta":false,"boss_relics":[{"not_picked":["Philosopher\u0027s Stone","Lizard Tail"],"picked":"Cursed Key"},{"not_picked":["Fusion Hammer","Calling Bell"],"picked":"Runic Pyramid"}],"items_purged_floors":[19,38],"is_endless":false,"potions_floor_spawned":[2,4,14,16,21,24,33,35,40],"killed_by":"Nemesis","ascension_level":13}