{"gold_per_floor":[16,36,36,54,70,70,80,80,127,170,182,212,224,236,248,260],"floor_reached":16,"playtime":560,"items_purged":[],"score":189,"play_id":"556560af-1c6c-4a99-b755-34fa0356cca9","local_time":"20190707223248","is_ascension_mode":true,"campfire_choices":[{"data":"Double Tap","floor":6,"key":"SMITH"},{"data":"Body Slam","floor":8,"key":"SMITH"},{"data":"Bash","floor":11,"key":"SMITH"},{"floor":15,"key":"REST"}],"neow_cost":"NO_GOLD","seed_source_timestamp":133448694454200,"circlet_count":0,"master_deck":["AscendersBane","Strike_R","Strike_R","Strike_R","Strike_R","Defend_R","Defend_R","Defend_R","Defend_R","Bash+1","Double Tap+1","True Grit","Battle Trance","Body Slam+1","Entrench","Flex","Iron Wave","Double Tap"],"relics":["Burning Blood","MawBank","Sundial","Potion Belt"],"potions_floor_usage":[5,16],"damage_taken":[{"damage":10,"enemies":"2 Louse","floor":1,"turns":3},{"damage":12,"enemies":"Small Slimes","floor":2,"turns":4},{"damage":11,"enemies":"Cultist","floor":4,"turns":4},{"damage":9,"enemies":"3 Louse","floor":5,"turns":5},{"damage":31,"enemies":"Lots of Slimes","floor":7,"turns":8},{"damage":32,"enemies":"Lagavulin","floor":10,"turns":7},{"damage":7,"enemies":"Looter","floor":12,"turns":4},{"damage":27,"enemies":"Slime Boss","floor":16,"turns":7}],"seed_played":"-2109698528786857099","potions_obtained":[{"floor":2,"key":"EssenceOfSteel"},{"floor":4,"key":"FairyPotion"},{"floor":10,"key":"Strength Potion"}],"is_trial":false,"path_per_floor":["M","M","?","M","M","R","M","R","T","E","R","M","?","?","R","B"],"character_chosen":"IRONCLAD","items_purchased":[],"campfire_rested":1,"item_purchase_floors":[],"current_hp_per_floor":[64,58,63,58,55,55,30,30,30,14,14,13,13,2,26,0],"gold":260,"neow_bonus":"THREE_RARE_CARDS","is_prod":false,"is_daily":false,"chose_seed":false,"campfire_upgraded":3,"win_rate":0,"timestamp":1562531568,"path_taken":["M","M","?","M","M","R","M","R","T","E","R","M","?","?","R","BOSS"],"build_version":"2019-07-05","purchased_purges":0,"victory":false,"max_hp_per_floor":[75,75,80,80,80,80,80,80,80,80,80,80,80,80,80,80],"card_choices":[{"not_picked":["Limit Break","Brutality"],"picked":"Double Tap","floor":0},{"not_picked":["Cleave","Clothesline"],"picked":"True Grit","floor":1},{"not_picked":["Clash","Thunderclap"],"picked":"Battle Trance","floor":2},{"not_picked":["Searing Blow","Pummel"],"picked":"Body Slam","floor":4},{"not_picked":["Dropkick","Carnage"],"picked":"Entrench","floor":5},{"not_picked":["Battle Trance","Clothesline"],"picked":"Flex","floor":7},{"not_picked":["Entrench","Wild Strike"],"picked":"Iron Wave","floor":10},{"not_picked":["Searing Blow","Perfected Strike"],"picked":"Double Tap","floor":12}],"player_experience":1632879,"relics_obtained":[{"floor":9,"key":"MawBank"},{"floor":10,"key":"Sundial"}],"event_choices":[{"damage_healed":0,"gold_gain":0,"player_choice":"Donut","damage_taken":0,"max_hp_gain":5,"max_hp_loss":0,"event_name":"Big Fish","floor":3,"gold_loss":0},{"cards_removed":["Strike_R"],"damage_healed":0,"gold_gain":0,"player_choice":"Forget","damage_taken":0,"max_hp_gain":0,"max_hp_loss":0,"event_name":"Living Wall","floor":13,"gold_loss":0},{"damage_healed":0,"gold_gain":0,"player_choice":"Success","damage_taken":11,"relics_obtained":["Potion Belt"],"max_hp_gain":0,"max_hp_loss":0,"event_name":"Scrap Ooze","floor":14,"gold_loss":0}],"is_beta":false,"boss_relics":[],"items_purged_floors":[],"is_endless":false,"potions_floor_spawned":[2,4,10],"killed_by":"Slime Boss","ascension_level":17}