{"gold_per_floor":[111,111,136,61,211,211,252,252,303,321,63,101,167,188,188,279,279,304,304,146,162,162,162],"floor_reached":23,"playtime":765,"items_purged":["Doubt","Strike_B"],"score":444,"play_id":"e18366f7-59df-4312-9dc7-04271fe1640b","local_time":"20190328170339","is_ascension_mode":true,"campfire_choices":[{"data":"Loop","floor":6.0,"key":"SMITH"},{"data":"Loop","floor":8.0,"key":"SMITH"},{"data":"Tempest","floor":15.0,"key":"SMITH"}],"neow_cost":"NONE","seed_source_timestamp":974213412139270,"circlet_count":0,"master_deck":["AscendersBane","Defend_B","Defend_B","Defend_B","Defend_B","Zap","Dualcast","Loop+1","Tempest+1","Loop+1","Double Energy","Ball Lightning","Leap","Ball Lightning","Leap","Multi-Cast","BootSequence","Echo Form","Echo Form","Conserve Battery","Conserve Battery"],"special_seed":0,"relics":["Cracked Core","NeowsBlessing","Golden Idol","DataDisk","Vajra","Blood Vial","Calipers","Orichalcum","Runic Pyramid"],"potions_floor_usage":[18,21],"damage_taken":[{"damage":0.0,"enemies":"Jaw Worm","floor":1.0,"turns":1.0},{"damage":0.0,"enemies":"2 Louse","floor":3.0,"turns":1.0},{"damage":0.0,"enemies":"Gremlin Nob","floor":7.0,"turns":1.0},{"damage":2.0,"enemies":"Small Slimes","floor":10.0,"turns":4.0},{"damage":25.0,"enemies":"3 Sentries","floor":12.0,"turns":4.0},{"damage":17.0,"enemies":"3 Sentries","floor":13.0,"turns":5.0},{"damage":0.0,"enemies":"Exordium Wildlife","floor":14.0,"turns":2.0},{"damage":11.0,"enemies":"The Guardian","floor":16.0,"turns":8.0},{"damage":21,"enemies":"Shell Parasite","floor":18,"turns":4},{"damage":14,"enemies":"3 Byrds","floor":21,"turns":3},{"damage":14,"enemies":"Slavers","floor":23,"turns":2}],"seed_played":"5915361305551066735","potions_obtained":[{"floor":1.0,"key":"SkillPotion"},{"floor":3.0,"key":"Fire Potion"},{"floor":13.0,"key":"Swift Potion"}],"is_trial":false,"path_per_floor":["M","?","M","?","?","R","E","R","T","M","$","E","?","M","R","B",null,"M","?","$","M","?","E"],"character_chosen":"DEFECT","items_purchased":["Ball Lightning","Blood Vial","Conserve Battery"],"campfire_rested":0,"item_purchase_floors":[11,11,20],"current_hp_per_floor":[64,64,64,64,64,64,64,64,64,62,62,39,24,26,26,17,52,33,33,33,21,12,0],"gold":162,"neow_bonus":"THREE_ENEMY_KILL","is_prod":false,"is_daily":false,"chose_seed":false,"campfire_upgraded":3,"win_rate":0,"timestamp":1553789019,"path_taken":["M","?","M","?","?","R","E","R","T","M","$","E","?","M","R","BOSS","M","?","$","M","?","E"],"build_version":"2019-01-23","purchased_purges":2,"victory":false,"max_hp_per_floor":[71,64,64,64,64,64,64,64,64,64,64,64,64,64,64,64,64,64,64,64,64,64,64],"card_choices":[{"not_picked":["Darkness","Redo"],"picked":"Loop","floor":1.0},{"not_picked":["Leap","Redo"],"picked":"Tempest","floor":3.0},{"not_picked":["Turbo","Barrage"],"picked":"Loop","floor":7.0},{"not_picked":["Hologram","Steam"],"picked":"Double Energy","floor":10.0},{"not_picked":["Beam Cell","Gash"],"picked":"Leap","floor":12.0},{"not_picked":["Rebound","Capacitor"],"picked":"Ball Lightning","floor":13.0},{"not_picked":["Gash","Meteor Strike"],"picked":"Leap","floor":14.0},{"not_picked":["Meteor Strike","Reboot"],"picked":"Multi-Cast","floor":16.0},{"not_picked":["Gash+1","Sweeping Beam"],"picked":"BootSequence","floor":18},{"not_picked":["Melter+1","Stack"],"picked":"Conserve Battery","floor":21}],"player_experience":739655,"relics_obtained":[{"floor":7.0,"key":"DataDisk"},{"floor":9.0,"key":"Vajra"},{"floor":12.0,"key":"Calipers"},{"floor":13.0,"key":"Orichalcum"}],"event_choices":[{"damage_healed":0.0,"max_hp_gain":0.0,"max_hp_loss":7.0,"gold_gain":0.0,"event_name":"Golden Idol","player_choice":"Lose Max HP","floor":2.0,"gold_loss":0.0,"damage_taken":0.0,"relics_obtained":["Golden Idol"]},{"cards_removed":["Strike_B"],"damage_healed":0.0,"max_hp_gain":0.0,"max_hp_loss":0.0,"gold_gain":0.0,"event_name":"The Cleric","player_choice":"Card Removal","floor":4.0,"gold_loss":75.0,"damage_taken":0.0},{"damage_healed":0.0,"max_hp_gain":0.0,"max_hp_loss":0.0,"gold_gain":150.0,"event_name":"Liars Game","player_choice":"AGREE","floor":5.0,"gold_loss":0.0,"damage_taken":0.0,"cards_obtained":["Doubt"]},{"damage_healed":0.0,"max_hp_gain":0.0,"max_hp_loss":0.0,"gold_gain":30.0,"event_name":"Dead Adventurer","player_choice":"Searched \u00272\u0027 times","floor":13.0,"gold_loss":0.0,"damage_taken":0.0},{"damage_healed":0,"gold_gain":0,"cards_transformed":["Strike_B","Strike_B"],"player_choice":"Became Test Subject","damage_taken":0,"max_hp_gain":0,"max_hp_loss":0,"event_name":"Drug Dealer","floor":19,"gold_loss":0,"cards_obtained":["Echo Form","Echo Form"]},{"damage_healed":0,"gold_gain":0,"player_choice":"Damaged","damage_taken":9,"max_hp_gain":0,"max_hp_loss":0,"event_name":"Wheel of Change","floor":22,"gold_loss":0}],"is_beta":false,"boss_relics":[{"not_picked":["Eternal Feather","Velvet Choker"],"picked":"Runic Pyramid"}],"items_purged_floors":[11,20],"is_endless":false,"potions_floor_spawned":[1,3,13],"killed_by":"Slavers","ascension_level":20}