{"gold_per_floor":[161,336,346,43,58,92,92,92,115,115,146,46,46,119,119,217,217,237,237,237,185,195,195],"floor_reached":23,"playtime":1003,"items_purged":["Doubt","Strike_G"],"score":293,"play_id":"90141673-fcf3-40ee-b44c-121ec519f662","local_time":"20180909092019","is_ascension_mode":true,"campfire_choices":[{"data":"Masterful Stab","floor":7,"key":"SMITH"},{"floor":10,"key":"REST"},{"floor":13,"key":"REST"},{"data":"Neutralize","floor":15,"key":"SMITH"}],"neow_cost":"NONE","seed_source_timestamp":1894906049108559,"circlet_count":0,"master_deck":["Defend_G","Defend_G","Defend_G","Defend_G","Defend_G","Strike_G","Strike_G+1","Strike_G","Strike_G","Survivor","Neutralize+1","AscendersBane","Masterful Stab+1","Finisher","Cloak And Dagger+1","Well Laid Plans","Quick Slash","Dagger Throw","Infinite Blades","Catalyst","Adrenaline","Escape Plan+1"],"relics":["Tiny House","Anchor","Dream Catcher","Snake Skull","Pocketwatch","Black Star"],"potions_floor_usage":[6,16,16,23],"damage_taken":[{"damage":2,"enemies":"Jaw Worm","floor":1,"turns":3},{"damage":12,"enemies":"Small Slimes","floor":3,"turns":3},{"damage":0,"enemies":"2 Louse","floor":5,"turns":3},{"damage":8,"enemies":"Gremlin Nob","floor":6,"turns":3},{"damage":35,"enemies":"Lagavulin","floor":11,"turns":7},{"damage":25,"enemies":"Hexaghost","floor":16,"turns":13},{"damage":5,"enemies":"Shell Parasite","floor":18,"turns":7},{"damage":21,"enemies":"2 Thieves","floor":22,"turns":5},{"damage":38,"enemies":"Gremlin Leader","floor":23,"turns":4}],"seed_played":"-347443253082348312","potions_obtained":[{"floor":0,"key":"GhostInAJar"},{"floor":1,"key":"Fire Potion"},{"floor":3,"key":"SpeedPotion"},{"floor":18,"key":"Swift Potion"}],"is_trial":false,"path_per_floor":["M","?","M","$","M","E","R","$","T","R","E","$","R","?","R","B",null,"M","?","?","$","M"],"character_chosen":"THE_SILENT","items_purchased":["Well Laid Plans","Anchor","Fire Potion"],"campfire_rested":2,"item_purchase_floors":[4,4,21],"current_hp_per_floor":[66,66,54,54,54,46,46,46,46,68,33,33,55,55,55,30,64,59,59,59,59,38,0],"gold":195,"neow_bonus":"BOSS_RELIC","is_prod":false,"is_daily":false,"chose_seed":false,"campfire_upgraded":2,"win_rate":0,"timestamp":1536481219,"path_taken":["M","?","M","$","M","E","R","$","T","R","E","$","R","?","R","BOSS","M","?","?","$","?","E"],"build_version":"2018-09-06","purchased_purges":2,"victory":false,"max_hp_per_floor":[75,75,75,75,75,75,75,75,75,75,75,75,75,75,75,75,75,75,75,75,75,75,75],"card_choices":[{"not_picked":["Crippling Poison","Bane"],"picked":"Masterful Stab","floor":0},{"not_picked":["Outmaneuver","Reflex"],"picked":"Finisher","floor":1},{"not_picked":["Outmaneuver","Sucker Punch"],"picked":"Cloak And Dagger","floor":3},{"not_picked":["Flechettes","Crippling Poison"],"picked":"Quick Slash","floor":5},{"not_picked":["Heel Hook","Quick Slash"],"picked":"Dagger Throw","floor":6},{"not_picked":["Blur","Tactician"],"picked":"Infinite Blades","floor":11},{"not_picked":["Deflect","Bullet Time"],"picked":"Catalyst","floor":13},{"not_picked":["After Image","Unload"],"picked":"Adrenaline","floor":16},{"not_picked":["Choke+1","Finisher"],"picked":"Escape Plan+1","floor":18},{"not_picked":["Dagger Throw","Flying Knee+1","Quick Slash"],"picked":"SKIP","floor":22}],"player_experience":703356,"relics_obtained":[{"floor":6,"key":"Dream Catcher"},{"floor":9,"key":"Snake Skull"},{"floor":11,"key":"Pocketwatch"}],"event_choices":[{"event_name":"Liars Game","player_choice":"agreed","floor":2,"damage_taken":0},{"event_name":"Golden Wing","player_choice":"Gained Gold","floor":14,"damage_taken":0},{"event_name":"Accursed Blacksmith","player_choice":"Forge","floor":19,"damage_taken":0},{"event_name":"Vampires","player_choice":"Ignored","floor":20,"damage_taken":0}],"is_beta":false,"boss_relics":[{"not_picked":["Runic Pyramid","Calling Bell"],"picked":"Black Star"}],"items_purged_floors":[4,12],"is_endless":false,"potions_floor_spawned":[1,3,18],"killed_by":"Gremlin Leader","ascension_level":10}