{"gold_per_floor":[113,133,133,156,174,174,209,228,228,228],"floor_reached":10,"playtime":272,"items_purged":[],"score":126,"play_id":"cec151bd-d2d0-490a-8b34-25ca679d9e17","local_time":"20190622113534","is_ascension_mode":true,"campfire_choices":[{"data":"Zap","floor":6,"key":"SMITH"}],"neow_cost":"NONE","seed_source_timestamp":386962383949000,"circlet_count":0,"master_deck":["AscendersBane","Strike_B","Strike_B","Strike_B","Strike_B","Defend_B","Defend_B","Defend_B","Defend_B","Zap+1","Dualcast","Cold Snap","Sweeping Beam","Injury","Coolheaded","Conserve Battery","Sunder","Core Surge"],"relics":["Cracked Core","Golden Idol","Torii","Emotion Chip"],"potions_floor_usage":[5],"damage_taken":[{"damage":10,"enemies":"Small Slimes","floor":1,"turns":2},{"damage":2,"enemies":"Jaw Worm","floor":2,"turns":3},{"damage":1,"enemies":"2 Louse","floor":4,"turns":3},{"damage":8,"enemies":"Exordium Thugs","floor":5,"turns":6},{"damage":37,"enemies":"Gremlin Nob","floor":7,"turns":6},{"damage":2,"enemies":"Lots of Slimes","floor":8,"turns":3}],"seed_played":"-8619543268388430957","potions_obtained":[{"floor":1,"key":"Regen Potion"},{"floor":7,"key":"Block Potion"},{"floor":8,"key":"Swift Potion"}],"is_trial":false,"path_per_floor":["M","M","?","M","M","R","E","M","T","?"],"character_chosen":"DEFECT","items_purchased":[],"campfire_rested":0,"item_purchase_floors":[],"current_hp_per_floor":[61,59,59,58,65,65,28,26,26,0],"gold":228,"neow_bonus":"TEN_PERCENT_HP_BONUS","is_prod":false,"is_daily":false,"chose_seed":false,"campfire_upgraded":1,"win_rate":0,"timestamp":1561196134,"path_taken":["M","M","?","M","M","R","E","M","T","?"],"build_version":"2019-01-23","purchased_purges":0,"victory":false,"max_hp_per_floor":[78,78,78,78,78,78,78,78,78,78],"card_choices":[{"not_picked":["Heatsinks","Rip and Tear"],"picked":"Cold Snap","floor":1},{"not_picked":["Darkness","Stack"],"picked":"Sweeping Beam","floor":2},{"not_picked":["Double Energy","Barrage"],"picked":"Coolheaded","floor":4},{"not_picked":["Stack","Barrage"],"picked":"Conserve Battery","floor":5},{"not_picked":["Steam Power","Scrape"],"picked":"Sunder","floor":7},{"not_picked":["Coolheaded","Reprogram"],"picked":"Core Surge","floor":8}],"player_experience":1432615,"relics_obtained":[{"floor":7,"key":"Torii"},{"floor":9,"key":"Emotion Chip"}],"event_choices":[{"damage_healed":0,"gold_gain":0,"player_choice":"Take Wound","damage_taken":0,"relics_obtained":["Golden Idol"],"max_hp_gain":0,"max_hp_loss":0,"event_name":"Golden Idol","floor":3,"gold_loss":0,"cards_obtained":["Injury"]}],"is_beta":false,"boss_relics":[],"items_purged_floors":[],"is_endless":false,"potions_floor_spawned":[1,7,8],"ascension_level":16}