{"gold_per_floor":[122,209,233,245,276,288,313,325,337,349],"floor_reached":10,"playtime":365,"items_purged":[],"score":116,"play_id":"28a60fde-3b4a-41ae-9040-6b91bc7fa960","local_time":"20190713094143","is_ascension_mode":true,"campfire_choices":[{"data":"Bash","floor":6,"key":"SMITH"}],"neow_cost":"NONE","seed_source_timestamp":216734703531929,"circlet_count":0,"master_deck":["AscendersBane","Strike_R","Strike_R","Strike_R","Strike_R","Defend_R","Defend_R","Defend_R","Defend_R","Bash+1","Perfected Strike","Havoc","Infernal Blade+1","Metallicize"],"relics":["Burning Blood","MawBank","Letter Opener"],"potions_floor_usage":[],"damage_taken":[{"damage":9,"enemies":"2 Louse","floor":1,"turns":3},{"damage":9,"enemies":"Jaw Worm","floor":3,"turns":4},{"damage":10,"enemies":"Small Slimes","floor":5,"turns":5},{"damage":15,"enemies":"Gremlin Gang","floor":7,"turns":7},{"damage":54,"enemies":"Gremlin Nob","floor":10,"turns":4}],"seed_played":"1752596812233906205","potions_obtained":[],"is_trial":false,"path_per_floor":["M","?","M","?","M","R","M","?","T","E"],"character_chosen":"IRONCLAD","items_purchased":[],"campfire_rested":0,"item_purchase_floors":[],"current_hp_per_floor":[65,54,51,51,47,47,38,38,38,0],"gold":349,"neow_bonus":"RANDOM_COMMON_RELIC","is_prod":false,"is_daily":false,"chose_seed":false,"campfire_upgraded":1,"win_rate":0,"timestamp":1563007303,"path_taken":["M","?","M","?","M","R","M","?","T","E"],"build_version":"2019-07-05","purchased_purges":0,"victory":false,"max_hp_per_floor":[75,75,75,75,75,75,75,75,75,75],"card_choices":[{"not_picked":["Wild Strike","Thunderclap","Warcry"],"picked":"SKIP","floor":1},{"not_picked":["Sword Boomerang","Power Through"],"picked":"Perfected Strike","floor":3},{"not_picked":["Cleave","Dropkick"],"picked":"Infernal Blade","floor":5},{"not_picked":["Bloodletting","Body Slam"],"picked":"Metallicize","floor":7}],"player_experience":1164513,"relics_obtained":[{"floor":9,"key":"Letter Opener"}],"event_choices":[{"damage_healed":0,"gold_gain":75,"player_choice":"Gather Gold","damage_taken":11,"max_hp_gain":0,"max_hp_loss":0,"event_name":"World of Goop","floor":2,"gold_loss":0},{"damage_healed":0,"gold_gain":0,"cards_transformed":["Strike_R"],"player_choice":"Change","damage_taken":0,"max_hp_gain":0,"max_hp_loss":0,"event_name":"Living Wall","floor":4,"gold_loss":0,"cards_obtained":["Havoc"]},{"damage_healed":0,"gold_gain":0,"player_choice":"Forge","damage_taken":0,"max_hp_gain":0,"max_hp_loss":0,"event_name":"Accursed Blacksmith","floor":8,"gold_loss":0,"cards_upgraded":["Infernal Blade"]}],"is_beta":false,"boss_relics":[],"items_purged_floors":[],"is_endless":false,"potions_floor_spawned":[],"killed_by":"Gremlin Nob","ascension_level":20}