{"gold_per_floor":[113,123,123,123,138,182,182,229,229,154,179,179,223,93,93,182,182,197,197,213,213,213],"floor_reached":22,"playtime":725,"items_purged":["Strike_R"],"score":371,"play_id":"8572425e-0dc8-4fa0-b9c2-123b3661e090","local_time":"20190610091227","is_ascension_mode":true,"campfire_choices":[{"data":"True Grit","floor":7,"key":"SMITH"},{"data":"Bash","floor":12,"key":"SMITH"},{"data":"Flex","floor":15,"key":"SMITH"}],"neow_cost":"NONE","seed_source_timestamp":275505115726700,"circlet_count":0,"master_deck":["AscendersBane","Defend_R","Defend_R","Bash+1","Flex+1","True Grit+1","Clash","Heavy Blade","Burning Pact","Feel No Pain","Juggernaut","Clash","Bite","Bite","Bite","Bite","Bite"],"relics":["Burning Blood","NeowsBlessing","Golden Idol","Whetstone","Bag of Preparation","Sundial","Regal Pillow","Eternal Feather"],"potions_floor_usage":[6,11,13,16,18,20],"damage_taken":[{"damage":0,"enemies":"Small Slimes","floor":1,"turns":2},{"damage":0,"enemies":"Cultist","floor":2,"turns":1},{"damage":0,"enemies":"Jaw Worm","floor":5,"turns":1},{"damage":28,"enemies":"Lagavulin","floor":6,"turns":5},{"damage":10,"enemies":"Large Slime","floor":11,"turns":5},{"damage":17,"enemies":"3 Sentries","floor":13,"turns":6},{"damage":30,"enemies":"The Guardian","floor":16,"turns":6},{"damage":26,"enemies":"Chosen","floor":18,"turns":6},{"damage":41,"enemies":"Spheric Guardian","floor":20,"turns":5},{"damage":27,"enemies":"Cultist and Chosen","floor":22,"turns":4}],"seed_played":"7312606532398220019","potions_obtained":[{"floor":1,"key":"Energy Potion"},{"floor":5,"key":"AttackPotion"},{"floor":11,"key":"Explosive Potion"},{"floor":13,"key":"Strength Potion"},{"floor":16,"key":"BloodPotion"},{"floor":20,"key":"Strength Potion"}],"is_trial":false,"path_per_floor":["M","M","?","?","M","E","R","T","T","?","M","R","E","$","R","B",null,"M","?","M","?","M"],"character_chosen":"IRONCLAD","items_purchased":["PowerPotion"],"campfire_rested":0,"item_purchase_floors":[14],"current_hp_per_floor":[74,75,75,75,75,53,53,53,53,53,49,49,38,38,38,14,60,40,40,12,12,0],"gold":213,"neow_bonus":"THREE_ENEMY_KILL","is_prod":false,"is_daily":false,"chose_seed":false,"campfire_upgraded":3,"win_rate":0,"timestamp":1560150747,"path_taken":["M","M","?","?","?","E","R","?","T","?","M","R","E","?","R","BOSS","M","?","M","?","M"],"build_version":"2019-01-23","purchased_purges":1,"victory":false,"max_hp_per_floor":[75,75,75,75,75,75,75,75,75,75,75,75,75,75,75,75,75,75,75,75,52,52],"card_choices":[{"not_picked":["Burning Pact","Wild Strike"],"picked":"Flex","floor":1},{"not_picked":["Dropkick","Combust"],"picked":"True Grit","floor":2},{"not_picked":["Twin Strike","Cleave"],"picked":"Clash","floor":5},{"not_picked":["Flex","Blood for Blood"],"picked":"Heavy Blade","floor":6},{"not_picked":["Thunderclap","Rupture"],"picked":"Burning Pact","floor":11},{"not_picked":["Armaments","Pommel Strike"],"picked":"Feel No Pain","floor":13},{"not_picked":["Impervious","Exhume"],"picked":"Juggernaut","floor":16},{"not_picked":["Perfected Strike","Armaments"],"picked":"Clash","floor":18},{"not_picked":["Carnage","Dropkick+1","Havoc"],"picked":"SKIP","floor":20}],"player_experience":1267743,"relics_obtained":[{"floor":6,"key":"Whetstone"},{"floor":8,"key":"Bag of Preparation"},{"floor":9,"key":"Sundial"},{"floor":13,"key":"Regal Pillow"}],"event_choices":[{"damage_healed":0,"gold_gain":0,"player_choice":"Take Wound","damage_taken":0,"relics_obtained":["Golden Idol"],"max_hp_gain":0,"max_hp_loss":0,"event_name":"Golden Idol","floor":3,"gold_loss":0,"cards_obtained":["Injury"]},{"cards_removed":["Injury"],"damage_healed":0,"gold_gain":0,"player_choice":"Purged","damage_taken":0,"max_hp_gain":0,"max_hp_loss":0,"event_name":"Purifier","floor":4,"gold_loss":0},{"cards_removed":["Defend_R"],"damage_healed":0,"gold_gain":0,"player_choice":"Card Removal","damage_taken":0,"max_hp_gain":0,"max_hp_loss":0,"event_name":"The Cleric","floor":10,"gold_loss":75},{"cards_removed":["Defend_R"],"damage_healed":0,"gold_gain":0,"player_choice":"Elegance","damage_taken":0,"max_hp_gain":0,"max_hp_loss":0,"event_name":"Back to Basics","floor":19,"gold_loss":0},{"damage_healed":0,"gold_gain":0,"player_choice":"Became a vampire","damage_taken":0,"max_hp_gain":0,"max_hp_loss":23,"event_name":"Vampires","floor":21,"gold_loss":0,"cards_obtained":["Bite","Bite","Bite","Bite","Bite"]}],"is_beta":false,"boss_relics":[{"not_picked":["Philosopher\u0027s Stone","Velvet Choker"],"picked":"Eternal Feather"}],"items_purged_floors":[14],"is_endless":false,"potions_floor_spawned":[1,5,11,13,16,20],"killed_by":"Cultist and Chosen","ascension_level":16}