{"gold_per_floor":[109,127,144,162,174,174,174,174,223,247,287,299,340,369,381,393],"floor_reached":16,"playtime":701,"items_purged":[],"score":139,"play_id":"8b5557c7-e9d4-4d02-9ade-b58c1233b06f","local_time":"20190723223245","is_ascension_mode":false,"campfire_choices":[{"data":"Neutralize","floor":6,"key":"SMITH"},{"data":"Footwork","floor":12,"key":"SMITH"},{"floor":15,"key":"REST"}],"neow_cost":"NONE","seed_source_timestamp":1206460675454222,"circlet_count":0,"master_deck":["Strike_G","Strike_G","Strike_G","Defend_G","Defend_G+1","Defend_G","Defend_G","Defend_G","Survivor+1","Neutralize+1","Footwork+1","Cloak And Dagger","Crippling Poison","Backstab","Burst","Dodge and Roll"],"relics":["Ring of the Snake","NeowsBlessing","MawBank","Pear","War Paint"],"potions_floor_usage":[11,11,16],"damage_taken":[{"damage":0,"enemies":"Small Slimes","floor":1,"turns":1},{"damage":0,"enemies":"Jaw Worm","floor":2,"turns":1},{"damage":0,"enemies":"Cultist","floor":3,"turns":1},{"damage":14,"enemies":"Exordium Thugs","floor":4,"turns":8},{"damage":0,"enemies":"2 Fungi Beasts","floor":5,"turns":4},{"damage":1,"enemies":"Blue Slaver","floor":10,"turns":6},{"damage":0,"enemies":"Lagavulin","floor":11,"turns":15},{"damage":39,"enemies":"Gremlin Nob","floor":13,"turns":6},{"damage":9,"enemies":"Looter","floor":14,"turns":3},{"damage":45,"enemies":"Hexaghost","floor":16,"turns":16}],"seed_played":"-7008640776580147628","potions_obtained":[{"floor":4,"key":"EssenceOfSteel"},{"floor":5,"key":"Dexterity Potion"},{"floor":10,"key":"EssenceOfSteel"},{"floor":11,"key":"Ancient Potion"}],"is_trial":false,"path_per_floor":["M","M","M","M","M","R","?","?","T","M","E","R","E","M","R","B"],"character_chosen":"THE_SILENT","items_purchased":[],"campfire_rested":1,"item_purchase_floors":[],"current_hp_per_floor":[70,70,70,56,56,56,56,56,56,55,65,65,26,17,41,0],"gold":393,"neow_bonus":"THREE_ENEMY_KILL","is_prod":false,"is_daily":false,"chose_seed":false,"campfire_upgraded":2,"win_rate":0,"timestamp":1563935565,"path_taken":["M","M","M","M","M","R","?","?","T","?","E","R","E","M","R","BOSS"],"build_version":"2019-07-17","purchased_purges":0,"victory":false,"max_hp_per_floor":[70,70,70,70,70,70,70,70,70,70,80,80,80,80,80,80],"card_choices":[{"not_picked":["Poisoned Stab","Sucker Punch","Outmaneuver"],"picked":"SKIP","floor":1},{"not_picked":["Underhanded Strike","Quick Slash"],"picked":"Footwork","floor":2},{"not_picked":["Outmaneuver","Acrobatics"],"picked":"Cloak And Dagger","floor":3},{"not_picked":["Underhanded Strike","Bane","Prepared"],"picked":"SKIP","floor":4},{"not_picked":["Riddle With Holes","Prepared","Slice"],"picked":"SKIP","floor":5},{"not_picked":["Deflect","Underhanded Strike"],"picked":"Crippling Poison","floor":10},{"not_picked":["Choke","Flying Knee"],"picked":"Backstab","floor":11},{"not_picked":["Distraction","Eviscerate"],"picked":"Burst","floor":13},{"not_picked":["Masterful Stab","Bane"],"picked":"Dodge and Roll","floor":14}],"player_experience":307952,"relics_obtained":[{"floor":9,"key":"MawBank"},{"floor":11,"key":"Pear"},{"floor":13,"key":"War Paint"}],"event_choices":[{"cards_removed":["Strike_G"],"damage_healed":0,"gold_gain":0,"player_choice":"Forget","damage_taken":0,"max_hp_gain":0,"max_hp_loss":0,"event_name":"Living Wall","floor":7,"gold_loss":0},{"cards_removed":["Strike_G"],"damage_healed":0,"gold_gain":0,"player_choice":"Offered Basic","damage_taken":0,"max_hp_gain":0,"max_hp_loss":0,"event_name":"Bonfire Elementals","floor":8,"gold_loss":0}],"is_beta":false,"boss_relics":[],"items_purged_floors":[],"is_endless":false,"potions_floor_spawned":[4,5,10,11],"killed_by":"Hexaghost","ascension_level":0}