{"gold_per_floor":[119,119,119,143,43,76,100,100,100,133,156,177,177,197,197,290,290,308,323,273,298,319,319,319],"floor_reached":24,"playtime":1040,"items_purged":[],"score":495,"play_id":"33c35311-6854-4f9c-9bba-2775cd8c3543","local_time":"20181215023031","is_ascension_mode":true,"campfire_choices":[{"data":"Cloak And Dagger","floor":13.0,"key":"SMITH"},{"floor":15.0,"key":"REST"},{"floor":23,"key":"REST"}],"neow_cost":"NONE","seed_source_timestamp":28596616889966,"circlet_count":0,"master_deck":["AscendersBane","Defend_G","Defend_G","Defend_G","Defend_G","Defend_G","Strike_G","Strike_G+1","Strike_G","Strike_G","Strike_G","Survivor+1","Neutralize+1","Poisoned Stab","Dagger Throw","Noxious Fumes+1","Dodge and Roll","Sucker Punch+1","Dagger Spray","Dagger Spray","Distraction","Cloak And Dagger+1","Riddle With Holes","After Image","Backflip","Crippling Poison","Terror","Dagger Spray","PiercingWail","Blur+1","Distraction","Dagger Spray","Blade Dance"],"special_seed":0,"relics":["Ring of the Snake","NeowsBlessing","Golden Idol","Ninja Scroll","Blood Vial","Shuriken","Orrery"],"potions_floor_usage":[22,22],"damage_taken":[{"damage":0.0,"enemies":"Jaw Worm","floor":1.0,"turns":1.0},{"damage":0.0,"enemies":"2 Louse","floor":4.0,"turns":1.0},{"damage":0.0,"enemies":"3 Sentries","floor":6.0,"turns":1.0},{"damage":1.0,"enemies":"Small Slimes","floor":7.0,"turns":4.0},{"damage":16.0,"enemies":"Lagavulin","floor":10.0,"turns":6.0},{"damage":4.0,"enemies":"Gremlin Gang","floor":11.0,"turns":3.0},{"damage":4.0,"enemies":"Blue Slaver","floor":12.0,"turns":2.0},{"damage":5.0,"enemies":"Lots of Slimes","floor":14.0,"turns":4.0},{"damage":34.0,"enemies":"The Guardian","floor":16.0,"turns":9.0},{"damage":24.0,"enemies":"2 Thieves","floor":18.0,"turns":4.0},{"damage":14.0,"enemies":"Shell Parasite","floor":19.0,"turns":7.0},{"damage":13.0,"enemies":"Shelled Parasite and Fungi","floor":21.0,"turns":8.0},{"damage":2,"enemies":"Centurion and Healer","floor":22,"turns":12},{"damage":28,"enemies":"Gremlin Leader","floor":24,"turns":4}],"seed_played":"-5350075426780798648","potions_obtained":[{"floor":4.0,"key":"Dexterity Potion"},{"floor":6.0,"key":"Swift Potion"},{"floor":12.0,"key":"Fire Potion"},{"floor":19.0,"key":"AttackPotion"},{"floor":21.0,"key":"Dexterity Potion"},{"floor":22,"key":"Dexterity Potion"}],"is_trial":false,"path_per_floor":["M","?","?","M","$","E","M","?","T","E","M","M","R","M","R","B",null,"M","M","?","M","M","R","E"],"character_chosen":"THE_SILENT","items_purchased":["Noxious Fumes","Dodge and Roll"],"campfire_rested":2,"item_purchase_floors":[5,5],"current_hp_per_floor":[59,39,39,39,39,39,38,38,38,24,22,20,20,17,35,3,46,24,12,12,1,1,19,0],"gold":319,"neow_bonus":"THREE_ENEMY_KILL","is_prod":false,"is_daily":false,"chose_seed":false,"campfire_upgraded":1,"win_rate":0,"timestamp":1544837431,"path_taken":["M","?","?","M","$","E","?","?","T","E","M","M","R","M","R","BOSS","M","?","?","?","M","R","E"],"build_version":"2018-12-13","purchased_purges":0,"victory":false,"max_hp_per_floor":[66,66,60,60,60,60,60,60,60,60,60,60,60,60,60,60,60,60,60,60,60,60,60,60],"card_choices":[{"not_picked":["Reflex","Masterful Stab"],"picked":"Poisoned Stab","floor":1.0},{"not_picked":["Deflect","Riddle With Holes"],"picked":"Dagger Throw","floor":4.0},{"not_picked":["Flechettes","Outmaneuver"],"picked":"Sucker Punch","floor":6.0},{"not_picked":["Backflip","Dodge and Roll"],"picked":"Dagger Spray","floor":7.0},{"not_picked":["Bullet Time","Flying Knee"],"picked":"Dagger Spray","floor":10.0},{"not_picked":["Crippling Poison","Deadly Poison"],"picked":"Distraction","floor":11.0},{"not_picked":["Bane","Choke"],"picked":"Cloak And Dagger","floor":12.0},{"not_picked":["Prepared","Quick Slash"],"picked":"Riddle With Holes","floor":14.0},{"not_picked":["Burst","Die Die Die"],"picked":"After Image","floor":16.0},{"not_picked":["Deadly Poison","PiercingWail"],"picked":"Backflip","floor":17.0},{"not_picked":["Outmaneuver","Concentrate"],"picked":"Crippling Poison","floor":17.0},{"not_picked":["Deadly Poison","Bullet Time"],"picked":"Terror","floor":17.0},{"not_picked":["Flechettes","Escape Plan"],"picked":"Dagger Spray","floor":17.0},{"not_picked":["Acrobatics","Dagger Throw"],"picked":"PiercingWail","floor":17.0},{"not_picked":["Poisoned Stab","Reflex"],"picked":"Blur+1","floor":18.0},{"not_picked":["Masterful Stab","Expertise"],"picked":"Distraction","floor":19.0},{"not_picked":["Deadly Poison","Crippling Poison"],"picked":"Dagger Spray","floor":21.0},{"not_picked":["Choke","Bouncing Flask"],"picked":"Blade Dance","floor":22}],"player_experience":525179,"relics_obtained":[{"floor":6.0,"key":"Ninja Scroll"},{"floor":9.0,"key":"Blood Vial"},{"floor":10.0,"key":"Shuriken"}],"event_choices":[{"damage_healed":0.0,"max_hp_gain":0.0,"max_hp_loss":0.0,"gold_gain":0.0,"event_name":"Shining Light","player_choice":"Entered Light","floor":2.0,"gold_loss":0.0,"damage_taken":20.0,"cards_upgraded":["Survivor","Neutralize"]},{"damage_healed":0.0,"max_hp_gain":0.0,"max_hp_loss":6.0,"gold_gain":0.0,"event_name":"Golden Idol","player_choice":"Lose Max HP","floor":3.0,"gold_loss":0.0,"damage_taken":0.0,"relics_obtained":["Golden Idol"]},{"damage_healed":0.0,"max_hp_gain":0.0,"max_hp_loss":0.0,"gold_gain":0.0,"event_name":"Accursed Blacksmith","player_choice":"Forge","floor":8.0,"gold_loss":0.0,"damage_taken":0.0,"cards_upgraded":["Noxious Fumes"]},{"damage_healed":0.0,"max_hp_gain":0.0,"max_hp_loss":0.0,"gold_gain":0.0,"event_name":"Designer","player_choice":"Upgraded Two","floor":20.0,"gold_loss":50.0,"damage_taken":0.0,"cards_upgraded":["Strike_G","Sucker Punch"]}],"is_beta":false,"boss_relics":[{"not_picked":["HoveringKite","Pandora\u0027s Box"],"picked":"Orrery"}],"items_purged_floors":[],"is_endless":false,"potions_floor_spawned":[4,6,12,19,21,22],"killed_by":"Gremlin Leader","ascension_level":20}