{"gold_per_floor":[110,110,126,146,161,161,195,195,195,195,210,226,244,270,270,270],"floor_reached":16,"playtime":356,"items_purged":[],"score":205,"play_id":"c5bf1d05-8d1e-4e4b-89f1-21279e5edacd","local_time":"20190524200953","is_ascension_mode":true,"campfire_choices":[{"data":"Spot Weakness","floor":6,"key":"SMITH"},{"data":"Carnage","floor":8,"key":"SMITH"},{"data":"Clothesline","floor":10,"key":"SMITH"},{"data":"Whirlwind","floor":15,"key":"SMITH"}],"neow_cost":"NONE","seed_source_timestamp":939665985348100,"circlet_count":0,"master_deck":["AscendersBane","Strike_R","Strike_R","Strike_R","Strike_R","Strike_R","Defend_R","Defend_R","Defend_R","Defend_R","Bash+1","Carnage+1","Clothesline+1","Iron Wave","Spot Weakness+1","Thunderclap","Flex","Whirlwind+1","Feel No Pain","Limit Break"],"relics":["Burning Blood","NeowsBlessing","Mercury Hourglass","Matryoshka","Letter Opener"],"potions_floor_usage":[7,7],"damage_taken":[{"damage":0,"enemies":"2 Louse","floor":1,"turns":1},{"damage":0,"enemies":"Cultist","floor":3,"turns":1},{"damage":0,"enemies":"Jaw Worm","floor":4,"turns":1},{"damage":7,"enemies":"3 Louse","floor":5,"turns":4},{"damage":20,"enemies":"Lagavulin","floor":7,"turns":5},{"damage":9,"enemies":"Exordium Thugs","floor":11,"turns":3},{"damage":0,"enemies":"Large Slime","floor":12,"turns":4},{"damage":17,"enemies":"Looter","floor":13,"turns":3},{"damage":23,"enemies":"3 Sentries","floor":14,"turns":5},{"damage":60,"enemies":"Slime Boss","floor":16,"turns":5}],"seed_played":"4688671452089927996","potions_obtained":[{"floor":1,"key":"Regen Potion"},{"floor":3,"key":"SpeedPotion"}],"is_trial":false,"path_per_floor":["M","?","M","M","M","R","E","R","T","R","M","M","M","E","R","B"],"character_chosen":"IRONCLAD","items_purchased":[],"campfire_rested":0,"item_purchase_floors":[],"current_hp_per_floor":[74,74,75,75,74,74,69,69,69,69,66,72,61,44,44,0],"gold":270,"neow_bonus":"THREE_ENEMY_KILL","is_prod":false,"is_daily":false,"chose_seed":false,"campfire_upgraded":4,"win_rate":0,"timestamp":1558721393,"path_taken":["M","?","M","?","M","R","E","R","T","R","M","M","?","E","R","BOSS"],"build_version":"2019-01-23","purchased_purges":0,"victory":false,"max_hp_per_floor":[75,75,75,75,75,75,75,75,75,75,75,75,75,75,75,75],"card_choices":[{"not_picked":["Havoc","Reckless Charge"],"picked":"Carnage","floor":1},{"not_picked":["Reckless Charge","Heavy Blade"],"picked":"Clothesline","floor":3},{"not_picked":["Metallicize","Power Through"],"picked":"Iron Wave","floor":4},{"not_picked":["Perfected Strike","Pommel Strike"],"picked":"Spot Weakness","floor":5},{"not_picked":["Exhume","Inflame"],"picked":"Thunderclap","floor":7},{"not_picked":["Iron Wave","Perfected Strike"],"picked":"Flex","floor":11},{"not_picked":["Twin Strike","Cleave"],"picked":"Whirlwind","floor":12},{"not_picked":["Rage","Havoc"],"picked":"Feel No Pain","floor":13},{"not_picked":["Heavy Blade","Rampage"],"picked":"Limit Break","floor":14}],"player_experience":1196845,"relics_obtained":[{"floor":7,"key":"Mercury Hourglass"},{"floor":9,"key":"Matryoshka"},{"floor":14,"key":"Letter Opener"}],"event_choices":[{"damage_healed":0,"gold_gain":0,"player_choice":"Forge","damage_taken":0,"max_hp_gain":0,"max_hp_loss":0,"event_name":"Accursed Blacksmith","floor":2,"gold_loss":0,"cards_upgraded":["Bash"]}],"is_beta":false,"boss_relics":[],"items_purged_floors":[],"is_endless":false,"potions_floor_spawned":[1,3,5],"killed_by":"Slime Boss","ascension_level":16}