{"gold_per_floor":[114,114,289,306,324,324,334,334,358,378,67,79,79,114,114,187,187,201,54,54,67,67],"floor_reached":22,"playtime":899,"items_purged":["Doubt","Strike_R"],"score":307,"play_id":"9435a356-fb47-4cc8-b31e-c5251351a957","local_time":"20190303175524","is_ascension_mode":true,"campfire_choices":[{"data":"Spot Weakness","floor":6.0,"key":"SMITH"},{"data":"Armaments","floor":8.0,"key":"SMITH"},{"data":"Infernal Blade","floor":15.0,"key":"SMITH"}],"neow_cost":"PERCENT_DAMAGE","seed_source_timestamp":165414246145600,"circlet_count":0,"master_deck":["AscendersBane","Strike_R","Defend_R","Defend_R","Defend_R","Defend_R","Bash","Headbutt","Second Wind","Spot Weakness+1","Armaments+1","Clash","Wild Strike","Inflame","Heavy Blade","Infernal Blade+1","Dark Embrace","Uppercut+1","Ghostly Armor+1","Rampage+1","Corruption","True Grit","Whirlwind","Wild Strike"],"special_seed":0,"relics":["Burning Blood","WingedGreaves","Bronze Scales","Bag of Preparation","Centennial Puzzle","Astrolabe"],"potions_floor_usage":[],"damage_taken":[{"damage":6.0,"enemies":"Cultist","floor":1.0,"turns":4.0},{"damage":4.0,"enemies":"2 Louse","floor":4.0,"turns":4.0},{"damage":8.0,"enemies":"Jaw Worm","floor":5.0,"turns":5.0},{"damage":12.0,"enemies":"Red Slaver","floor":7.0,"turns":6.0},{"damage":2.0,"enemies":"3 Louse","floor":10.0,"turns":5.0},{"damage":1.0,"enemies":"Exordium Thugs","floor":12.0,"turns":4.0},{"damage":25.0,"enemies":"3 Sentries","floor":14.0,"turns":6.0},{"damage":33.0,"enemies":"The Guardian","floor":16.0,"turns":8.0},{"damage":11.0,"enemies":"3 Byrds","floor":18.0,"turns":1.0},{"damage":52,"enemies":"Spheric Guardian","floor":21,"turns":7},{"damage":30,"enemies":"3 Cultists","floor":22,"turns":4}],"seed_played":"-1399739705037598931","potions_obtained":[{"floor":7.0,"key":"AttackPotion"},{"floor":10.0,"key":"LiquidBronze"}],"is_trial":false,"path_per_floor":["M","?","?","M","M","R","M","R","T","M","$","M","?","E","R","B",null,"M","$","?","M","M"],"character_chosen":"IRONCLAD","items_purchased":["Wild Strike","Inflame","Bag of Preparation","True Grit"],"campfire_rested":0,"item_purchase_floors":[11,11,11,19],"current_hp_per_floor":[51,56,56,58,56,56,50,50,50,54,54,59,85,66,66,39,74,69,69,69,23,0],"gold":67,"neow_bonus":"ONE_RARE_RELIC","is_prod":false,"is_daily":false,"chose_seed":false,"campfire_upgraded":3,"win_rate":0,"timestamp":1551632124,"path_taken":["M","?","?","M","M","R","?","R","T","M","?","?","?","E","R","BOSS","M","$","?","M","M"],"build_version":"2019-01-23","purchased_purges":2,"victory":false,"max_hp_per_floor":[80,85,85,85,85,85,85,85,85,85,85,85,85,85,85,85,85,85,85,85,85,85],"card_choices":[{"not_picked":["Wild Strike","Blood for Blood"],"picked":"Headbutt","floor":1.0},{"not_picked":["Twin Strike","Flex"],"picked":"Second Wind","floor":4.0},{"not_picked":["True Grit","Searing Blow"],"picked":"Spot Weakness","floor":5.0},{"not_picked":["Thunderclap","Clothesline"],"picked":"Armaments","floor":7.0},{"not_picked":["Searing Blow","Pommel Strike"],"picked":"Clash","floor":10.0},{"not_picked":["True Grit","Pommel Strike"],"picked":"Heavy Blade","floor":12.0},{"not_picked":["Dropkick","True Grit"],"picked":"Infernal Blade","floor":14.0},{"not_picked":["Brutality","Exhume"],"picked":"Dark Embrace","floor":16.0},{"not_picked":["Uppercut+1","True Grit"],"picked":"Corruption","floor":18.0},{"not_picked":["Ghostly Armor","Carnage"],"picked":"Wild Strike","floor":21}],"player_experience":921391,"relics_obtained":[{"floor":9.0,"key":"Bronze Scales"},{"floor":14.0,"key":"Centennial Puzzle"}],"event_choices":[{"damage_healed":0.0,"max_hp_gain":5.0,"max_hp_loss":0.0,"gold_gain":0.0,"event_name":"Big Fish","player_choice":"Donut","floor":2.0,"gold_loss":0.0,"damage_taken":0.0},{"damage_healed":0.0,"max_hp_gain":0.0,"max_hp_loss":0.0,"gold_gain":175.0,"event_name":"Liars Game","player_choice":"AGREE","floor":3.0,"gold_loss":0.0,"damage_taken":0.0,"cards_obtained":["Doubt"]},{"damage_healed":26.0,"max_hp_gain":0.0,"max_hp_loss":0.0,"gold_gain":0.0,"event_name":"Wheel of Change","player_choice":"Full Heal","floor":13.0,"gold_loss":0.0,"damage_taken":0.0},{"damage_healed":0,"gold_gain":0,"player_choice":"Read","damage_taken":0,"max_hp_gain":0,"max_hp_loss":0,"event_name":"The Library","floor":20,"gold_loss":0,"cards_obtained":["Whirlwind"]}],"is_beta":false,"boss_relics":[{"not_picked":["Eternal Feather","Busted Crown"],"picked":"Astrolabe"}],"items_purged_floors":[11,19],"is_endless":false,"potions_floor_spawned":[7,10,14],"killed_by":"3 Cultists","ascension_level":13}