{"path_per_floor":["M","$","M","M","M","R","M","E","T","?","M","R","$","M","R","B",null,"M","?","M","?","$","R","M","R","T","E","R","E","R","E","R","B",null,"M","$","M","$","M","R","?","?","T","?","R","M","R","M","R","B"],"character_chosen":"IRONCLAD","items_purchased":["Vajra","Uppercut","Shrug It Off","Inflame","Bronze Scales"],"gold_per_floor":[216,64,74,89,108,108,126,153,180,180,191,191,79,99,99,198,198,217,217,232,232,149,149,169,169,169,197,197,225,225,255,255,360,360,374,118,131,6,22,22,0,0,75,75,75,90,90,106,106,106],"floor_reached":51,"campfire_rested":3,"playtime":2113,"current_hp_per_floor":[80,80,80,75,75,75,68,52,52,52,57,57,57,63,63,47,80,80,80,78,78,78,78,76,76,76,27,51,34,34,29,53,39,80,80,80,80,80,80,80,80,80,80,80,80,80,80,75,80,76],"items_purged":["Strike_R","Havoc","Strike_R"],"gold":106,"score":705,"play_id":"bde426b8-14d0-49ab-b1c4-2ed2e7c3d294","local_time":"20180520230206","is_prod":false,"is_daily":false,"chose_seed":false,"is_ascension_mode":false,"campfire_upgraded":9,"timestamp":1526853726,"campfire_choices":[{"data":"Bash","floor":6,"key":"SMITH"},{"data":"Uppercut","floor":12,"key":"SMITH"},{"data":"Flame Barrier","floor":15,"key":"SMITH"},{"data":"Uppercut","floor":23,"key":"SMITH"},{"data":"Demon Form","floor":25,"key":"SMITH"},{"floor":28,"key":"REST"},{"data":"Whirlwind","floor":30,"key":"SMITH"},{"floor":32,"key":"REST"},{"data":"Limit Break","floor":40,"key":"SMITH"},{"data":"Intimidate","floor":45,"key":"SMITH"},{"data":"Inflame","floor":47,"key":"SMITH"},{"floor":49,"key":"REST"}],"path_taken":["M","?","?","M","M","R","M","E","T","?","M","R","$","M","R","BOSS","M","?","M","?","$","R","M","R","T","E","R","E","R","E","R","BOSS","M","$","M","$","M","R","?","?","T","?","R","M","R","M","R","BOSS"],"build_version":"2018-05-17","seed_source_timestamp":274299924450420,"purchased_purges":6,"victory":true,"master_deck":["Strike_R","Strike_R","Strike_R","Defend_R","Defend_R","Defend_R","Defend_R","Bash+1","Pommel Strike","Iron Wave","Uppercut+1","Uppercut+1","Flame Barrier+1","Demon Form+1","Inflame+1","Clothesline","Intimidate+1","Writhe","Shrug It Off","Inflame+1","Battle Trance","Sword Boomerang","Whirlwind+1","Iron Wave+1","Cleave","Limit Break+1","Thunderclap+1","Flame Barrier+1"],"max_hp_per_floor":[80,80,80,80,80,80,80,80,80,80,80,80,80,80,80,80,80,80,80,80,80,80,80,80,80,80,80,80,80,80,80,80,80,80,80,80,80,80,80,80,80,80,80,80,80,80,80,80,80,80],"relics":["Burning Blood","Vajra","Dream Catcher","Blood Vial","Snecko Eye","Juzu Bracelet","Kunai","Omamori","Du-Vu Doll","Thread and Needle","Cursed Key","Bronze Scales","Red Mask","Dodecahedron"],"card_choices":[{"not_picked":["Perfected Strike","Hemokinesis"],"picked":"Havoc","floor":1},{"not_picked":["Sword Boomerang","Twin Strike","Carnage"],"picked":"SKIP","floor":3},{"not_picked":["Blood for Blood","Perfected Strike"],"picked":"Pommel Strike","floor":4},{"not_picked":["Armaments","Blood for Blood","Dropkick"],"picked":"SKIP","floor":5},{"not_picked":["Evolve","Anger"],"picked":"Iron Wave","floor":7},{"not_picked":["Shrug It Off","Cleave"],"picked":"Uppercut","floor":8},{"not_picked":["Havoc","Clash","Dropkick"],"picked":"SKIP","floor":11},{"not_picked":["Headbutt","Searing Blow"],"picked":"Flame Barrier","floor":14},{"not_picked":["Limit Break","Impervious"],"picked":"Demon Form","floor":16},{"not_picked":["Rampage","Thunderclap+1"],"picked":"Inflame+1","floor":18},{"not_picked":["Iron Wave","Ghostly Armor"],"picked":"Intimidate","floor":20},{"not_picked":["Clothesline+1","Perfected Strike"],"picked":"Battle Trance","floor":24},{"not_picked":["Anger","Armaments"],"picked":"Sword Boomerang","floor":27},{"not_picked":["Ghostly Armor+1","Perfected Strike"],"picked":"Whirlwind","floor":29},{"not_picked":["Feel No Pain","Headbutt"],"picked":"Iron Wave+1","floor":31},{"not_picked":["Twin Strike","Carnage"],"picked":"Cleave","floor":32},{"not_picked":["Brutality","Juggernaut"],"picked":"Limit Break","floor":33},{"not_picked":["Searing Blow","Evolve+1"],"picked":"Thunderclap+1","floor":35},{"not_picked":["Thunderclap","Pommel Strike","Clothesline"],"picked":"SKIP","floor":37},{"not_picked":["Shrug It Off","Havoc","Cleave"],"picked":"SKIP","floor":39},{"not_picked":["Dropkick","Entrench+1","Anger+1"],"picked":"SKIP","floor":46},{"not_picked":["Clash+1","Sentinel","Flex"],"picked":"SKIP","floor":48},{"not_picked":["Havoc","Reckless Charge+1"],"picked":"Flame Barrier+1","floor":49}],"player_experience":372551,"potions_floor_usage":[7,16,16,33,50,50],"damage_taken":[{"damage":3,"enemies":"Cultist","floor":1,"turns":5},{"damage":4,"enemies":"2 Louse","floor":3,"turns":3},{"damage":11,"enemies":"Jaw Worm","floor":4,"turns":4},{"damage":6,"enemies":"3 Louse","floor":5,"turns":3},{"damage":13,"enemies":"Gremlin Gang","floor":7,"turns":3},{"damage":22,"enemies":"3 Sentries","floor":8,"turns":7},{"damage":3,"enemies":"2 Fungi Beasts","floor":11,"turns":3},{"damage":2,"enemies":"Blue Slaver","floor":14,"turns":3},{"damage":24,"enemies":"Hexaghost","floor":16,"turns":10},{"damage":0,"enemies":"Chosen","floor":18,"turns":3},{"damage":8,"enemies":"Shell Parasite","floor":20,"turns":3},{"damage":10,"enemies":"Centurion and Healer","floor":24,"turns":4},{"damage":57,"enemies":"Gremlin Leader","floor":27,"turns":7},{"damage":25,"enemies":"Book of Stabbing","floor":29,"turns":5},{"damage":13,"enemies":"Gremlin Leader","floor":31,"turns":4},{"damage":30,"enemies":"Collector","floor":33,"turns":6},{"damage":0,"enemies":"3 Darklings","floor":35,"turns":3},{"damage":0,"enemies":"3 Shapes","floor":37,"turns":1},{"damage":0,"enemies":"Maw","floor":39,"turns":5},{"damage":0,"enemies":"3 Darklings","floor":46,"turns":2},{"damage":11,"enemies":"Sphere and 2 Shapes","floor":48,"turns":4},{"damage":10,"enemies":"Time Eater","floor":50,"turns":6}],"relics_obtained":[{"floor":8,"key":"Dream Catcher"},{"floor":9,"key":"Blood Vial"},{"floor":26,"key":"Kunai"},{"floor":27,"key":"Omamori"},{"floor":29,"key":"Du-Vu Doll"},{"floor":31,"key":"Thread and Needle"},{"floor":43,"key":"Dodecahedron"}],"event_choices":[{"event_name":"The Woman in Blue","player_choice":"Bought 0 Potions","floor":10,"damage_taken":0},{"event_name":"The Library","player_choice":"Read","floor":19,"damage_taken":0},{"event_name":"The Mausoleum","player_choice":"Yes","floor":21,"damage_taken":0},{"event_name":"Tomb of Lord Red Mask","player_choice":"Paid","floor":41,"damage_taken":0},{"event_name":"Winding Halls","player_choice":"Writhe","floor":42,"damage_taken":0},{"event_name":"SensoryStone","player_choice":"Memory 1","floor":44,"damage_taken":0}],"boss_relics":[{"not_picked":["Orrery","Philosopher\u0027s Stone"],"picked":"Snecko Eye"},{"not_picked":["Lizard Tail","Astrolabe"],"picked":"Cursed Key"}],"potions_floor_spawned":[3,4,7,14,20,24,31,37,39],"seed_played":"-2675522005933396819","ascension_level":0,"potions_obtained":[{"floor":3,"key":"Energy Potion"},{"floor":4,"key":"FearPotion"},{"floor":7,"key":"SkillPotion"},{"floor":14,"key":"FearPotion"},{"floor":20,"key":"GamblersBrew"},{"floor":24,"key":"Fire Potion"},{"floor":31,"key":"BloodPotion"},{"floor":37,"key":"Weak Potion"},{"floor":39,"key":"PowerPotion"}],"is_trial":false}