{"gold_per_floor":[116,116,133,133,81,81,131,131,131,131,150,162,190,210,210,283,283,295,4,20,20,30,30,47,47,47,47],"floor_reached":27,"playtime":1114,"items_purged":["Strike_R"],"score":415,"play_id":"797ab314-fb76-4655-8cc4-8c0d4c68a5e1","local_time":"20181110225410","is_ascension_mode":true,"campfire_choices":[{"data":"Disarm","floor":6,"key":"SMITH"},{"data":"Bash","floor":8,"key":"SMITH"},{"data":"Pommel Strike","floor":10,"key":"SMITH"},{"data":"True Grit","floor":15,"key":"SMITH"},{"data":"Whirlwind","floor":23,"key":"SMITH"},{"data":"Demon Form","floor":25,"key":"SMITH"}],"neow_cost":"NONE","seed_source_timestamp":40172952707438,"circlet_count":0,"master_deck":["AscendersBane","Strike_R","Strike_R","Defend_R","Defend_R","Defend_R","Defend_R+1","Bash+1","Disarm+1","Clothesline","Pommel Strike+1","Shrug It Off+1","Battle Trance","True Grit+1","Whirlwind+1","Armaments","Demon Form+1","Pummel","Havoc+1","Shrug It Off"],"relics":["Burning Blood","Lantern","Dodecahedron","War Paint","Philosopher\u0027s Stone","Chemical X","FaceOfCleric","Anchor"],"potions_floor_usage":[16,22,24],"damage_taken":[{"damage":3,"enemies":"2 Louse","floor":1,"turns":3},{"damage":5,"enemies":"Cultist","floor":3,"turns":4},{"damage":1,"enemies":"Jaw Worm","floor":11,"turns":3},{"damage":0,"enemies":"Exordium Thugs","floor":12,"turns":4},{"damage":32,"enemies":"3 Sentries","floor":13,"turns":15},{"damage":0,"enemies":"3 Louse","floor":14,"turns":1},{"damage":27,"enemies":"The Guardian","floor":16,"turns":13},{"damage":35,"enemies":"Spheric Guardian","floor":18,"turns":7},{"damage":1,"enemies":"Chosen","floor":20,"turns":6},{"damage":1,"enemies":"Snecko","floor":22,"turns":4},{"damage":0,"enemies":"Centurion and Healer","floor":24,"turns":5},{"damage":64,"enemies":"Slavers","floor":27,"turns":4}],"seed_played":"6200342507868158351","potions_obtained":[{"floor":1,"key":"Weak Potion"},{"floor":12,"key":"Energy Potion"},{"floor":16,"key":"Explosive Potion"},{"floor":20,"key":"EssenceOfSteel"},{"floor":22,"key":"Dexterity Potion"}],"is_trial":false,"path_per_floor":["M","?","M","?","$","R","?","R","T","R","M","M","E","M","R","B",null,"M","$","M","?","M","R","M","R","T","E"],"character_chosen":"IRONCLAD","items_purchased":["Shrug It Off","Chemical X"],"campfire_rested":0,"item_purchase_floors":[5,19],"current_hp_per_floor":[71,71,72,72,72,72,72,72,72,72,75,75,49,55,55,34,65,36,36,41,41,47,47,54,54,54,0],"gold":47,"neow_bonus":"TRANSFORM_CARD","is_prod":false,"is_daily":false,"chose_seed":false,"campfire_upgraded":6,"win_rate":0,"timestamp":1541890450,"path_taken":["M","?","?","?","?","R","?","R","T","R","?","M","E","M","R","BOSS","M","$","M","?","M","R","?","R","T","E"],"build_version":"2018-11-08","purchased_purges":1,"victory":false,"max_hp_per_floor":[75,75,75,75,75,75,75,75,75,75,75,75,75,75,75,75,75,75,75,75,75,76,76,77,77,77,77],"card_choices":[{"not_picked":["Infernal Blade","Cleave"],"picked":"Clothesline","floor":1},{"not_picked":["Armaments","Headbutt"],"picked":"Pommel Strike","floor":3},{"not_picked":["Iron Wave","Clash"],"picked":"Battle Trance","floor":11},{"not_picked":["Clash","Body Slam"],"picked":"True Grit","floor":12},{"not_picked":["Juggernaut","Clothesline"],"picked":"Whirlwind","floor":13},{"not_picked":["Infernal Blade","True Grit"],"picked":"Armaments","floor":14},{"not_picked":["Bludgeon","Impervious"],"picked":"Demon Form","floor":16},{"not_picked":["Havoc","Iron Wave"],"picked":"Pummel","floor":18},{"not_picked":["True Grit","Armaments"],"picked":"Havoc+1","floor":20},{"not_picked":["Havoc","Wild Strike","Warcry"],"picked":"SKIP","floor":22},{"not_picked":["True Grit","Sentinel"],"picked":"Shrug It Off","floor":24}],"player_experience":974620,"relics_obtained":[{"floor":9,"key":"Dodecahedron"},{"floor":13,"key":"War Paint"},{"floor":26,"key":"Anchor"}],"event_choices":[{"cards_removed":["Strike_R"],"damage_healed":0,"gold_gain":0,"player_choice":"Offered Basic","damage_taken":0,"max_hp_gain":0,"max_hp_loss":0,"event_name":"Bonfire Elementals","floor":2,"gold_loss":0},{"damage_healed":0,"gold_gain":0,"player_choice":"Gave Potion","damage_taken":0,"relics_obtained":["Lantern"],"max_hp_gain":0,"max_hp_loss":0,"event_name":"WeMeetAgain","floor":4,"gold_loss":0},{"damage_healed":0,"gold_gain":50,"player_choice":"Pray","damage_taken":0,"max_hp_gain":0,"max_hp_loss":0,"event_name":"Golden Shrine","floor":7,"gold_loss":0},{"damage_healed":0,"gold_gain":0,"player_choice":"Trade","damage_taken":0,"relics_obtained":["FaceOfCleric"],"max_hp_gain":0,"max_hp_loss":0,"event_name":"FaceTrader","floor":21,"gold_loss":0}],"is_beta":false,"boss_relics":[{"not_picked":["Mark of Pain","Coffee Dripper"],"picked":"Philosopher\u0027s Stone"}],"items_purged_floors":[19],"is_endless":false,"potions_floor_spawned":[1,12,16,20,22],"killed_by":"Slavers","ascension_level":19}