{"gold_per_floor":[361,361,376,391,391,391,409,7,31,106,106,117,117,136,136,209,209,129,129,147,0,0,0,0,0,0,0,0],"floor_reached":28,"playtime":755,"items_purged":["Strike_R"],"score":388,"play_id":"069a6e3a-2a70-4ace-bed7-10cf17098b60","local_time":"20190813005357","is_ascension_mode":true,"campfire_choices":[{"data":"Whirlwind","floor":6,"key":"SMITH"},{"data":"Enlightenment","floor":11,"key":"SMITH"},{"data":"Flame Barrier","floor":13,"key":"SMITH"},{"data":"Juggernaut","floor":15,"key":"SMITH"},{"floor":23,"key":"REST"},{"data":"Jack Of All Trades","floor":25,"key":"SMITH"}],"neow_cost":"PERCENT_DAMAGE","seed_source_timestamp":892448162985400,"circlet_count":0,"master_deck":["AscendersBane","Defend_R","Defend_R","Defend_R","Bash","Whirlwind+1","Pommel Strike","Clothesline","Flame Barrier+1","Enlightenment+1","Shrug It Off","Seeing Red","Juggernaut+1","Demon Form","True Grit","Infernal Blade","Jack Of All Trades+1","Corruption","Rupture","Immolate"],"relics":["Burning Blood","Bag of Preparation","Juzu Bracelet","Empty Cage","Enchiridion","WingedGreaves"],"potions_floor_usage":[3,7,27],"damage_taken":[{"damage":4,"enemies":"2 Louse","floor":1,"turns":3},{"damage":7,"enemies":"Cultist","floor":3,"turns":4},{"damage":4,"enemies":"Jaw Worm","floor":4,"turns":4},{"damage":3,"enemies":"2 Fungi Beasts","floor":7,"turns":4},{"damage":0,"enemies":"3 Louse","floor":12,"turns":1},{"damage":0,"enemies":"Exordium Wildlife","floor":14,"turns":1},{"damage":33,"enemies":"Hexaghost","floor":16,"turns":11},{"damage":21,"enemies":"2 Thieves","floor":18,"turns":4},{"damage":25,"enemies":"Shell Parasite","floor":20,"turns":6},{"damage":16,"enemies":"Colosseum Slavers","floor":27,"turns":4},{"damage":28,"enemies":"Snake Plant","floor":28,"turns":3}],"seed_played":"7336087885313738541","potions_obtained":[{"floor":1,"key":"Energy Potion"},{"floor":4,"key":"Weak Potion"},{"floor":20,"key":"SpeedPotion"}],"is_trial":false,"path_per_floor":["M","?","M","M","?","R","M","$","T","?","R","M","R","M","R","B",null,"M","?","M","$","?","R","?","R","T","?","M"],"character_chosen":"IRONCLAD","items_purchased":["Enlightenment","Bag of Preparation","Shrug It Off","Jack Of All Trades","Corruption"],"campfire_rested":1,"item_purchase_floors":[8,8,8,21,21],"current_hp_per_floor":[52,52,51,53,58,58,61,61,61,50,50,56,56,62,62,35,69,54,33,14,14,14,38,38,38,38,28,0],"gold":0,"neow_bonus":"TWO_FIFTY_GOLD","is_prod":false,"is_daily":false,"chose_seed":false,"campfire_upgraded":5,"win_rate":0,"timestamp":1565650437,"path_taken":["M","?","?","?","?","R","M","$","T","?","R","M","R","M","R","BOSS","M","?","M","$","?","R","?","R","T","?","M"],"build_version":"2019-07-17","purchased_purges":1,"victory":false,"max_hp_per_floor":[75,75,75,75,80,80,80,80,80,80,80,80,80,80,80,80,80,80,80,80,80,80,80,80,80,80,80,80],"card_choices":[{"not_picked":["Clash","Warcry"],"picked":"Whirlwind","floor":1},{"not_picked":["Bloodletting","Sever Soul"],"picked":"Pommel Strike","floor":3},{"not_picked":["Whirlwind","Havoc"],"picked":"Clothesline","floor":4},{"not_picked":["Flex","Iron Wave"],"picked":"Flame Barrier","floor":7},{"not_picked":["Burning Pact","Clothesline"],"picked":"Seeing Red","floor":12},{"not_picked":["Pommel Strike","Shrug It Off"],"picked":"Juggernaut","floor":14},{"not_picked":["Reaper","Offering"],"picked":"Demon Form","floor":16},{"not_picked":["Searing Blow","Entrench"],"picked":"True Grit","floor":18},{"not_picked":["Perfected Strike","Twin Strike"],"picked":"Infernal Blade","floor":20}],"player_experience":1858894,"relics_obtained":[{"floor":9,"key":"Juzu Bracelet"},{"floor":19,"key":"Enchiridion"},{"floor":26,"key":"WingedGreaves"}],"event_choices":[{"cards_removed":["Strike_R"],"damage_healed":0,"gold_gain":0,"player_choice":"Offered Basic","damage_taken":0,"max_hp_gain":0,"max_hp_loss":0,"event_name":"Bonfire Elementals","floor":2,"gold_loss":0},{"damage_healed":0,"gold_gain":0,"player_choice":"Donut","damage_taken":0,"max_hp_gain":5,"max_hp_loss":0,"event_name":"Big Fish","floor":5,"gold_loss":0},{"damage_healed":0,"gold_gain":75,"player_choice":"Gather Gold","damage_taken":11,"max_hp_gain":0,"max_hp_loss":0,"event_name":"World of Goop","floor":10,"gold_loss":0},{"damage_healed":0,"gold_gain":0,"player_choice":"Obtained Book","damage_taken":21,"max_hp_gain":0,"max_hp_loss":0,"event_name":"Cursed Tome","floor":19,"gold_loss":0},{"damage_healed":0,"gold_gain":0,"cards_transformed":["Strike_R","Defend_R"],"player_choice":"Became Test Subject","damage_taken":0,"max_hp_gain":0,"max_hp_loss":0,"event_name":"Drug Dealer","floor":24,"gold_loss":0,"cards_obtained":["Rupture","Immolate"]},{"damage_healed":0,"gold_gain":0,"player_choice":"Fight","damage_taken":0,"max_hp_gain":0,"max_hp_loss":0,"event_name":"Colosseum","floor":27,"gold_loss":0},{"damage_healed":0,"gold_gain":0,"player_choice":"Fled From Nobs","damage_taken":0,"max_hp_gain":0,"max_hp_loss":0,"event_name":"Colosseum","floor":27,"gold_loss":0}],"is_beta":false,"boss_relics":[{"not_picked":["Fusion Hammer","White Beast Statue"],"picked":"Empty Cage"}],"items_purged_floors":[8],"is_endless":false,"potions_floor_spawned":[1,4,20,27],"killed_by":"Snake Plant","ascension_level":18}