{"gold_per_floor":[18,29,41,58,72,72,97,97,97,97,110,123,136,169,169,169],"floor_reached":16,"playtime":664,"items_purged":[],"score":215,"play_id":"a85a578e-043c-4b63-9fb3-75b945038dd5","local_time":"20190719220525","is_ascension_mode":true,"campfire_choices":[{"data":"Bash","floor":6,"key":"SMITH"},{"data":"True Grit","floor":8,"key":"SMITH"},{"data":"Infernal Blade","floor":10,"key":"SMITH"},{"data":"Body Slam","floor":15,"key":"SMITH"}],"neow_cost":"NO_GOLD","seed_source_timestamp":609696299777900,"circlet_count":0,"master_deck":["AscendersBane","Strike_R","Strike_R","Strike_R","Strike_R","Strike_R","Defend_R","Defend_R","Defend_R","Defend_R","Bash+1","Panache","Deep Breath","Flame Barrier","Burning Pact","True Grit+1","Infernal Blade+1","Clash","Body Slam+1","Inflame+1","Anger","Uppercut","Rampage"],"relics":["Burning Blood","Dream Catcher","Frozen Egg 2","Matryoshka"],"potions_floor_usage":[4,12,13,14],"damage_taken":[{"damage":1,"enemies":"Cultist","floor":1,"turns":3},{"damage":6,"enemies":"Small Slimes","floor":2,"turns":4},{"damage":4,"enemies":"2 Louse","floor":3,"turns":3},{"damage":8,"enemies":"Looter","floor":4,"turns":5},{"damage":27,"enemies":"Exordium Wildlife","floor":5,"turns":7},{"damage":8,"enemies":"Gremlin Nob","floor":7,"turns":3},{"damage":0,"enemies":"2 Fungi Beasts","floor":11,"turns":3},{"damage":18,"enemies":"Exordium Thugs","floor":12,"turns":8},{"damage":14,"enemies":"3 Louse","floor":13,"turns":4},{"damage":15,"enemies":"3 Sentries","floor":14,"turns":6},{"damage":27,"enemies":"The Guardian","floor":16,"turns":8}],"seed_played":"4770613704371316783","potions_obtained":[{"floor":3,"key":"Weak Potion"},{"floor":7,"key":"Weak Potion"},{"floor":11,"key":"Block Potion"},{"floor":13,"key":"Explosive Potion"}],"is_trial":false,"path_per_floor":["M","M","M","M","M","R","E","R","T","R","M","M","M","E","R","B"],"character_chosen":"IRONCLAD","items_purchased":[],"campfire_rested":0,"item_purchase_floors":[],"current_hp_per_floor":[73,73,75,73,52,52,50,50,50,50,56,44,36,27,27,0],"gold":169,"neow_bonus":"RANDOM_COLORLESS_2","is_prod":false,"is_daily":false,"chose_seed":false,"campfire_upgraded":4,"win_rate":0,"timestamp":1563566725,"path_taken":["M","M","M","M","M","R","E","R","T","R","?","M","M","E","R","BOSS"],"build_version":"2019-07-17","purchased_purges":0,"victory":false,"max_hp_per_floor":[75,75,75,75,75,75,75,75,75,75,75,75,75,75,75,75],"card_choices":[{"not_picked":["Shrug It Off","Warcry"],"picked":"Flame Barrier","floor":1},{"not_picked":["Heavy Blade","Warcry"],"picked":"Burning Pact","floor":2},{"not_picked":["Fire Breathing","Iron Wave"],"picked":"True Grit","floor":3},{"not_picked":["Blood for Blood","Cleave"],"picked":"Infernal Blade","floor":4},{"not_picked":["Disarm","Combust"],"picked":"Clash","floor":5},{"not_picked":["Clothesline","Twin Strike"],"picked":"Body Slam","floor":7},{"not_picked":["Juggernaut+1","Wild Strike"],"picked":"Inflame+1","floor":11},{"not_picked":["Shrug It Off","Havoc"],"picked":"Anger","floor":12},{"not_picked":["Body Slam","Perfected Strike"],"picked":"Uppercut","floor":13},{"not_picked":["Perfected Strike","Reckless Charge"],"picked":"Rampage","floor":14}],"player_experience":1690938,"relics_obtained":[{"floor":7,"key":"Dream Catcher"},{"floor":9,"key":"Frozen Egg 2"},{"floor":14,"key":"Matryoshka"}],"event_choices":[],"is_beta":false,"boss_relics":[],"items_purged_floors":[],"is_endless":false,"potions_floor_spawned":[3,7,11,13],"killed_by":"The Guardian","ascension_level":17}