{"gold_per_floor":[113,113,263,263,24,24,55,55,55,71,71,89,89,102,102,179,179,194,194,14,14,26,26,37,37,37,37,37,37,37,37],"floor_reached":31,"playtime":1096,"items_purged":["Strike_G"],"score":595,"play_id":"3e81da82-7ff9-407f-a04a-badc90027c14","local_time":"20181202011045","is_ascension_mode":true,"campfire_choices":[{"floor":6,"key":"REST"},{"data":"Caltrops","floor":8,"key":"SMITH"},{"data":"Neutralize","floor":11,"key":"SMITH"},{"data":"Deadly Poison","floor":13,"key":"SMITH"},{"data":"Crippling Poison","floor":15,"key":"SMITH"},{"floor":23,"key":"REST"},{"floor":25,"key":"REST"},{"data":"Noxious Fumes","floor":28,"key":"SMITH"}],"neow_cost":"NONE","seed_source_timestamp":1491425899828114,"circlet_count":0,"master_deck":["AscendersBane","Defend_G","Defend_G","Defend_G","Defend_G","Defend_G","Strike_G","Strike_G","Strike_G","Survivor","Neutralize+1","Leg Sweep","Caltrops+1","Dagger Throw","Deadly Poison+1","Crippling Poison+1","Glass Knife","Doubt","Normality","Decay","Noxious Fumes+1","Dagger Spray","Shame","Leg Sweep","Cloak And Dagger","Blur"],"relics":["Ring of the Snake","NeowsBlessing","Pantograph","Regal Pillow","Blue Candle","Juzu Bracelet","Calling Bell","Ancient Tea Set","Singing Bowl","Calipers","Enchiridion","Letter Opener","The Courier"],"potions_floor_usage":[29],"damage_taken":[{"damage":0,"enemies":"2 Louse","floor":1,"turns":1},{"damage":0,"enemies":"Lagavulin","floor":7,"turns":1},{"damage":0,"enemies":"Small Slimes","floor":10,"turns":1},{"damage":0,"enemies":"Cultist","floor":12,"turns":4},{"damage":3,"enemies":"Looter","floor":14,"turns":3},{"damage":32,"enemies":"The Guardian","floor":16,"turns":10},{"damage":19,"enemies":"Spheric Guardian","floor":18,"turns":7},{"damage":4,"enemies":"Chosen","floor":22,"turns":5},{"damage":40,"enemies":"Shelled Parasite and Fungi","floor":24,"turns":7},{"damage":13,"enemies":"Colosseum Slavers","floor":29,"turns":4},{"damage":34,"enemies":"Cultist and Chosen","floor":31,"turns":4}],"seed_played":"-6294845604921766722","potions_obtained":[{"floor":7,"key":"EssenceOfSteel"},{"floor":16,"key":"Poison Potion"}],"is_trial":false,"path_per_floor":["M","?","?","?","$","R","E","R","T","M","R","M","R","M","R","B",null,"M","?","$","?","M","R","M","R","T","?","R","?","?","M"],"character_chosen":"THE_SILENT","items_purchased":["Regal Pillow","Noxious Fumes","GhostInAJar","Dagger Spray"],"campfire_rested":3,"item_purchase_floors":[5,20,20,20],"current_hp_per_floor":[59,14,14,7,7,41,41,41,41,41,41,41,41,38,38,31,57,40,19,19,19,15,50,10,45,45,45,45,32,32,0],"gold":37,"neow_bonus":"THREE_ENEMY_KILL","is_prod":false,"is_daily":false,"chose_seed":false,"campfire_upgraded":5,"win_rate":0,"timestamp":1543709445,"path_taken":["M","?","?","?","$","R","E","R","T","M","R","M","R","M","R","BOSS","M","?","$","?","M","R","M","R","T","?","R","?","?","M"],"build_version":"2018-11-15","purchased_purges":1,"victory":false,"max_hp_per_floor":[66,66,66,66,66,66,66,66,66,66,66,66,66,66,66,66,66,68,68,68,68,68,68,68,68,68,68,68,68,68,68],"card_choices":[{"not_picked":["Poisoned Stab","Distraction"],"picked":"Leg Sweep","floor":1},{"not_picked":["Endless Agony","Accuracy"],"picked":"Caltrops","floor":7},{"not_picked":["Riddle With Holes","Flying Knee"],"picked":"Dagger Throw","floor":10},{"not_picked":["Underhanded Strike","Flying Knee"],"picked":"Deadly Poison","floor":12},{"not_picked":["Acrobatics","Terror"],"picked":"Crippling Poison","floor":14},{"not_picked":["Burst","Phantasmal Killer"],"picked":"Glass Knife","floor":16},{"not_picked":["Endless Agony","Quick Slash","Outmaneuver"],"picked":"Singing Bowl","floor":18},{"not_picked":["Cloak And Dagger","Outmaneuver"],"picked":"Leg Sweep","floor":22},{"not_picked":["Envenom","Prepared"],"picked":"Cloak And Dagger","floor":24}],"player_experience":513414,"relics_obtained":[{"floor":7,"key":"Blue Candle"},{"floor":9,"key":"Juzu Bracelet"},{"floor":17,"key":"Ancient Tea Set"},{"floor":17,"key":"Singing Bowl"},{"floor":17,"key":"Calipers"},{"floor":19,"key":"Enchiridion"},{"floor":26,"key":"The Courier"}],"event_choices":[{"damage_healed":0,"gold_gain":0,"player_choice":"Success","damage_taken":45,"relics_obtained":["Pantograph"],"max_hp_gain":0,"max_hp_loss":0,"event_name":"Scrap Ooze","floor":2,"gold_loss":0},{"damage_healed":0,"gold_gain":150,"player_choice":"AGREE","damage_taken":0,"max_hp_gain":0,"max_hp_loss":0,"event_name":"Liars Game","floor":3,"gold_loss":0,"cards_obtained":["Doubt"]},{"cards_removed":["Doubt"],"damage_healed":0,"gold_gain":0,"player_choice":"Card Removal","damage_taken":7,"max_hp_gain":0,"max_hp_loss":0,"event_name":"Golden Wing","floor":4,"gold_loss":0},{"damage_healed":0,"gold_gain":0,"player_choice":"Obtained Book","damage_taken":21,"max_hp_gain":0,"max_hp_loss":0,"event_name":"Cursed Tome","floor":19,"gold_loss":0},{"damage_healed":0,"gold_gain":0,"player_choice":"Stole Relic","damage_taken":0,"relics_obtained":["Letter Opener"],"max_hp_gain":0,"max_hp_loss":0,"event_name":"Addict","floor":21,"gold_loss":0,"cards_obtained":["Shame"]},{"damage_healed":0,"gold_gain":0,"cards_transformed":["Strike_G"],"player_choice":"Transformed","damage_taken":0,"max_hp_gain":0,"max_hp_loss":0,"event_name":"Transmorgrifier","floor":27,"gold_loss":0,"cards_obtained":["Blur"]},{"damage_healed":0,"gold_gain":0,"player_choice":"Fight","damage_taken":0,"max_hp_gain":0,"max_hp_loss":0,"event_name":"Colosseum","floor":29,"gold_loss":0},{"damage_healed":0,"gold_gain":0,"player_choice":"Fled From Nobs","damage_taken":0,"max_hp_gain":0,"max_hp_loss":0,"event_name":"Colosseum","floor":29,"gold_loss":0},{"damage_healed":0,"gold_gain":0,"player_choice":"Ignored","damage_taken":0,"max_hp_gain":0,"max_hp_loss":0,"event_name":"Beggar","floor":30,"gold_loss":0}],"is_beta":false,"boss_relics":[{"not_picked":["Snecko Eye","Coffee Dripper"],"picked":"Calling Bell"}],"items_purged_floors":[5],"is_endless":false,"potions_floor_spawned":[7,16,18],"killed_by":"Cultist and Chosen","ascension_level":19}