{"gold_per_floor":[109,109,109,109,109,140,160,160,184,184,34,53,80,94,94,170,170,180,180],"floor_reached":19,"playtime":461,"items_purged":["Strike_B"],"score":380,"play_id":"1e421c8e-fb13-4c6f-8e94-af9f41219ddd","local_time":"20190822025226","is_ascension_mode":true,"campfire_choices":[{"data":"Sunder","floor":8,"key":"SMITH"},{"data":"Zap","floor":10,"key":"SMITH"},{"data":"Fusion","floor":15,"key":"SMITH"}],"neow_cost":"NONE","seed_source_timestamp":683495566848000,"circlet_count":0,"master_deck":["AscendersBane","Strike_B","Strike_B","Defend_B","Defend_B","Defend_B","Defend_B","Zap+1","Dualcast","Cold Snap","Zap","Force Field","Sunder+1","Hologram","FTL","Ball Lightning","Meteor Strike+1","Fusion+1","Echo Form","Consume"],"relics":["Cracked Core","NeowsBlessing","Letter Opener","Omamori","Molten Egg 2","Sozu"],"potions_floor_usage":[16,16,18],"damage_taken":[{"damage":0,"enemies":"Small Slimes","floor":1,"turns":1},{"damage":0,"enemies":"3 Sentries","floor":6,"turns":1},{"damage":0,"enemies":"Cultist","floor":7,"turns":1},{"damage":3,"enemies":"2 Louse","floor":12,"turns":2},{"damage":8,"enemies":"Gremlin Nob","floor":13,"turns":3},{"damage":0,"enemies":"Large Slime","floor":14,"turns":3},{"damage":20,"enemies":"Hexaghost","floor":16,"turns":8},{"damage":51,"enemies":"3 Byrds","floor":18,"turns":4},{"damage":15,"enemies":"Masked Bandits","floor":19,"turns":2}],"seed_played":"-3175123284063401129","potions_obtained":[{"floor":1,"key":"FearPotion"},{"floor":6,"key":"FocusPotion"},{"floor":16,"key":"Swift Potion"}],"is_trial":false,"path_per_floor":["M","$","?","$","?","E","M","R","T","R","$","M","E","M","R","B",null,"M","?"],"character_chosen":"DEFECT","items_purchased":["FTL"],"campfire_rested":0,"item_purchase_floors":[11],"current_hp_per_floor":[64,64,64,64,57,57,57,57,57,57,57,54,46,46,46,26,60,9,0],"gold":180,"neow_bonus":"THREE_ENEMY_KILL","is_prod":false,"is_daily":false,"chose_seed":false,"campfire_upgraded":3,"win_rate":0,"timestamp":1566435146,"path_taken":["M","$","?","?","?","E","M","R","T","R","$","M","E","M","R","BOSS","M","?"],"build_version":"2019-07-17","purchased_purges":1,"victory":false,"max_hp_per_floor":[71,71,71,71,71,71,71,71,71,71,71,71,71,71,71,71,71,71,71],"card_choices":[{"not_picked":["Chaos","Hologram"],"picked":"Cold Snap","floor":1},{"not_picked":["Lockon","Force Field"],"picked":"Sunder","floor":6},{"not_picked":["Rebound","Go for the Eyes"],"picked":"Hologram","floor":7},{"not_picked":["Cold Snap","Recycle"],"picked":"Ball Lightning","floor":12},{"not_picked":["Beam Cell","Hologram"],"picked":"Meteor Strike","floor":13},{"not_picked":["Hologram","Streamline+1"],"picked":"Fusion","floor":14},{"not_picked":["Thunder Strike+1","Hyperbeam+1"],"picked":"Echo Form","floor":16},{"not_picked":["Sunder+1","Barrage+1"],"picked":"Consume","floor":18}],"player_experience":1941130,"relics_obtained":[{"floor":6,"key":"Letter Opener"},{"floor":9,"key":"Omamori"},{"floor":13,"key":"Molten Egg 2"}],"event_choices":[{"damage_healed":0,"gold_gain":0,"player_choice":"2 cards matched","damage_taken":0,"max_hp_gain":0,"max_hp_loss":0,"event_name":"Match and Keep!","floor":3,"gold_loss":0,"cards_obtained":["Zap","Force Field"]},{"cards_removed":["Strike_B"],"damage_healed":0,"gold_gain":0,"player_choice":"Card Removal","damage_taken":7,"max_hp_gain":0,"max_hp_loss":0,"event_name":"Golden Wing","floor":5,"gold_loss":0},{"damage_healed":0,"gold_gain":0,"player_choice":"Fought Bandits","damage_taken":0,"max_hp_gain":0,"max_hp_loss":0,"event_name":"Masked Bandits","floor":19,"gold_loss":0}],"is_beta":false,"boss_relics":[{"not_picked":["Snecko Eye","Velvet Choker"],"picked":"Sozu"}],"items_purged_floors":[11],"is_endless":false,"potions_floor_spawned":[1,6,14,16],"killed_by":"Masked Bandits","ascension_level":18}