{"gold_per_floor":[117,5,155,80,80,115,115,149,173,190,220,240,240,258,258,336,336,351,351,364,207,207,207,223,223,223,250,125,125,125,160,160,160],"floor_reached":33,"playtime":1273,"items_purged":["Strike_R","Strike_R","Perfected Strike"],"score":661,"play_id":"8935d960-9048-4a95-868d-9c1fe03ef815","local_time":"20190513221112","is_ascension_mode":true,"campfire_choices":[{"data":"Bash","floor":7,"key":"SMITH"},{"data":"Immolate","floor":13,"key":"SMITH"},{"data":"Combust","floor":15,"key":"SMITH"},{"data":"Defend_R","floor":23,"key":"SMITH"},{"data":"Sword Boomerang","floor":25,"key":"SMITH"},{"floor":29,"key":"REST"},{"floor":32,"key":"REST"}],"neow_cost":"NONE","seed_source_timestamp":1569257857002927,"circlet_count":0,"master_deck":["AscendersBane","Defend_R+1","Defend_R+1","Defend_R+1","Defend_R+1","Bash+1","Combust+1","Armaments+1","Seeing Red+1","Shockwave+1","Immolate+1","Shrug It Off+1","Impervious+1","Shrug It Off+1","Immolate+1","Dual Wield+1","Spot Weakness+1","Sword Boomerang+1","Feed","Exhume+1"],"relics":["Burning Blood","NeowsBlessing","Toxic Egg 2","Anchor","PreservedInsect","Tiny Chest","Astrolabe","Darkstone Periapt","Question Card","Frozen Egg 2","Bag of Preparation","Molten Egg 2"],"potions_floor_usage":[16,16,24,33],"damage_taken":[{"damage":0,"enemies":"Small Slimes","floor":1,"turns":1},{"damage":0,"enemies":"Lagavulin","floor":6,"turns":2},{"damage":0,"enemies":"3 Sentries","floor":8,"turns":2},{"damage":2,"enemies":"2 Louse","floor":10,"turns":3},{"damage":2,"enemies":"Jaw Worm","floor":12,"turns":3},{"damage":3,"enemies":"Red Slaver","floor":14,"turns":3},{"damage":49,"enemies":"Hexaghost","floor":16,"turns":7},{"damage":1,"enemies":"2 Thieves","floor":18,"turns":2},{"damage":17,"enemies":"Spheric Guardian","floor":20,"turns":4},{"damage":5,"enemies":"Snake Plant","floor":24,"turns":4},{"damage":29,"enemies":"Gremlin Leader","floor":27,"turns":6},{"damage":25,"enemies":"Slavers","floor":31,"turns":3},{"damage":66,"enemies":"Automaton","floor":33,"turns":6}],"seed_played":"8980982208863782493","potions_obtained":[{"floor":6,"key":"LiquidBronze"},{"floor":12,"key":"Regen Potion"},{"floor":18,"key":"AttackPotion"},{"floor":27,"key":"SteroidPotion"}],"is_trial":false,"path_per_floor":["M","$","?","?","$","E","R","E","T","M","?","M","R","M","R","B",null,"M","T","M","$","T","R","M","R","T","E","$","R","?","E","R","B"],"character_chosen":"IRONCLAD","items_purchased":["Combust","Block Potion"],"campfire_rested":2,"item_purchase_floors":[2,21],"current_hp_per_floor":[74,74,74,74,74,75,75,75,75,75,40,44,44,47,47,19,61,66,66,55,55,55,55,56,56,56,33,33,55,55,40,63,0],"gold":160,"neow_bonus":"THREE_ENEMY_KILL","is_prod":false,"is_daily":false,"chose_seed":false,"campfire_upgraded":5,"win_rate":0,"timestamp":1557781872,"path_taken":["M","$","?","?","$","E","R","E","T","M","?","?","R","M","R","BOSS","M","?","M","$","?","R","M","R","T","E","$","R","?","E","R","BOSS"],"build_version":"2019-01-23","purchased_purges":3,"victory":false,"max_hp_per_floor":[75,75,75,75,75,75,75,75,75,75,75,75,75,75,75,75,75,75,75,75,75,75,75,75,75,75,75,75,75,75,79,79,79],"card_choices":[{"not_picked":["Heavy Blade","Hemokinesis"],"picked":"Perfected Strike","floor":1},{"not_picked":["Heavy Blade","Pommel Strike"],"picked":"Armaments","floor":6},{"not_picked":["Iron Wave","Searing Blow"],"picked":"Seeing Red+1","floor":8},{"not_picked":["Second Wind+1","Thunderclap"],"picked":"Shockwave+1","floor":10},{"not_picked":["Bloodletting+1","True Grit+1"],"picked":"Immolate","floor":12},{"not_picked":["Flex+1","Clothesline"],"picked":"Shrug It Off+1","floor":14},{"not_picked":["Juggernaut","Double Tap+1"],"picked":"Impervious+1","floor":16},{"not_picked":["Pummel","Iron Wave+1"],"picked":"Spot Weakness+1","floor":18},{"not_picked":["Clash","Evolve","Iron Wave"],"picked":"SKIP","floor":20},{"not_picked":["Wild Strike","Combust","Havoc+1"],"picked":"Sword Boomerang","floor":24},{"not_picked":["Dropkick+1","Sentinel+1","True Grit+1"],"picked":"Feed","floor":27},{"not_picked":["Anger","Clothesline","Wild Strike"],"picked":"Exhume+1","floor":31}],"player_experience":1012092,"relics_obtained":[{"floor":6,"key":"Toxic Egg 2"},{"floor":8,"key":"Anchor"},{"floor":9,"key":"PreservedInsect"},{"floor":19,"key":"Darkstone Periapt"},{"floor":22,"key":"Question Card"},{"floor":26,"key":"Frozen Egg 2"},{"floor":27,"key":"Bag of Preparation"},{"floor":31,"key":"Molten Egg 2"}],"event_choices":[{"damage_healed":0,"gold_gain":150,"player_choice":"AGREE","damage_taken":0,"max_hp_gain":0,"max_hp_loss":0,"event_name":"Liars Game","floor":3,"gold_loss":0,"cards_obtained":["Doubt"]},{"cards_removed":["Doubt"],"damage_healed":0,"gold_gain":0,"player_choice":"Card Removal","damage_taken":0,"max_hp_gain":0,"max_hp_loss":0,"event_name":"The Cleric","floor":4,"gold_loss":75},{"damage_healed":0,"gold_gain":0,"player_choice":"Success","damage_taken":35,"relics_obtained":["Tiny Chest"],"max_hp_gain":0,"max_hp_loss":0,"event_name":"Scrap Ooze","floor":11,"gold_loss":0},{"damage_healed":0,"gold_gain":0,"player_choice":"Simplicity","damage_taken":0,"max_hp_gain":0,"max_hp_loss":0,"event_name":"Back to Basics","floor":30,"gold_loss":0,"cards_upgraded":["Defend_R","Defend_R","Defend_R"]}],"is_beta":false,"boss_relics":[{"not_picked":["Empty Cage","White Beast Statue"],"picked":"Astrolabe"}],"items_purged_floors":[2,21,28],"is_endless":false,"potions_floor_spawned":[6,12,18,27],"killed_by":"Automaton","ascension_level":19}