{"gold_per_floor":[116,136,149,168,318,318,237,247,299,314,294,294,310,324,324,324],"floor_reached":16,"playtime":577,"items_purged":[],"score":182,"play_id":"02c3afa7-b8a2-44c9-b93c-efc084efca0d","local_time":"20190822030222","is_ascension_mode":true,"campfire_choices":[{"data":"Zap","floor":6,"key":"SMITH"},{"floor":12,"key":"REST"},{"data":"Go for the Eyes","floor":15,"key":"SMITH"}],"neow_cost":"NONE","seed_source_timestamp":683981524196500,"circlet_count":0,"master_deck":["AscendersBane","Strike_B","Strike_B","Strike_B","Defend_B","Defend_B","Defend_B","Defend_B","Zap+1","Dualcast","Stack","Redo","Auto Shields","Cold Snap","Conserve Battery","Doubt","Gash","Hologram","Buffer","Go for the Eyes+1"],"relics":["Cracked Core","Cables","PreservedInsect"],"potions_floor_usage":[10,16,16],"damage_taken":[{"damage":1,"enemies":"Cultist","floor":1,"turns":4},{"damage":4,"enemies":"Jaw Worm","floor":2,"turns":3},{"damage":1,"enemies":"2 Louse","floor":3,"turns":3},{"damage":26,"enemies":"Exordium Thugs","floor":4,"turns":6},{"damage":24,"enemies":"Gremlin Gang","floor":8,"turns":6},{"damage":0,"enemies":"Large Slime","floor":10,"turns":3},{"damage":15,"enemies":"Lots of Slimes","floor":13,"turns":4},{"damage":0,"enemies":"Exordium Thugs","floor":14,"turns":5},{"damage":16,"enemies":"Hexaghost","floor":16,"turns":10}],"seed_played":"2849423885896097849","potions_obtained":[{"floor":1,"key":"Strength Potion"},{"floor":8,"key":"Fire Potion"},{"floor":11,"key":"SpeedPotion"},{"floor":13,"key":"FearPotion"}],"is_trial":false,"path_per_floor":["M","M","M","M","?","R","?","M","T","M","?","R","M","M","R","B"],"character_chosen":"DEFECT","items_purchased":[],"campfire_rested":1,"item_purchase_floors":[],"current_hp_per_floor":[63,59,58,32,32,32,32,8,8,8,8,29,14,14,14,0],"gold":324,"neow_bonus":"TRANSFORM_CARD","is_prod":false,"is_daily":false,"chose_seed":false,"campfire_upgraded":2,"win_rate":0,"timestamp":1566435742,"path_taken":["M","?","M","M","?","R","?","?","T","?","?","R","?","M","R","BOSS"],"build_version":"2019-07-17","purchased_purges":0,"victory":false,"max_hp_per_floor":[71,71,71,71,71,71,71,71,71,71,71,71,71,71,71,71],"card_choices":[{"not_picked":["Heatsinks","Beam Cell"],"picked":"Redo","floor":1},{"not_picked":["Redo","Go for the Eyes"],"picked":"Auto Shields","floor":2},{"not_picked":["Streamline","Ball Lightning"],"picked":"Cold Snap","floor":3},{"not_picked":["Ball Lightning","Hello World"],"picked":"Conserve Battery","floor":4},{"not_picked":["Cold Snap","Chill"],"picked":"Gash","floor":8},{"not_picked":["Turbo","Streamline"],"picked":"Hologram","floor":10},{"not_picked":["Beam Cell","Gash"],"picked":"Buffer","floor":13},{"not_picked":["Redo","Stack"],"picked":"Go for the Eyes","floor":14}],"player_experience":1941591,"relics_obtained":[{"floor":9,"key":"PreservedInsect"}],"event_choices":[{"damage_healed":0,"gold_gain":150,"player_choice":"AGREE","damage_taken":0,"max_hp_gain":0,"max_hp_loss":0,"event_name":"Liars Game","floor":5,"gold_loss":0,"cards_obtained":["Doubt"]},{"damage_healed":0,"gold_gain":0,"player_choice":"Paid Gold","damage_taken":0,"relics_obtained":["Cables"],"max_hp_gain":0,"max_hp_loss":0,"event_name":"WeMeetAgain","floor":7,"gold_loss":81},{"damage_healed":0,"gold_gain":0,"player_choice":"Bought 1 Potion","damage_taken":0,"max_hp_gain":0,"max_hp_loss":0,"event_name":"The Woman in Blue","floor":11,"gold_loss":0}],"is_beta":false,"boss_relics":[],"items_purged_floors":[],"is_endless":false,"potions_floor_spawned":[1,8,13,14],"killed_by":"Hexaghost","ascension_level":18}