{"gold_per_floor":[363,363,376,387,387,387,421,421,421,433,433,460,460,476,476,476],"floor_reached":16,"playtime":738,"items_purged":[],"score":220,"play_id":"cf8d2036-4c7c-4fcd-b080-ff61a93589ba","local_time":"20190630221721","is_ascension_mode":true,"campfire_choices":[{"data":"Chaos","floor":6,"key":"SMITH"},{"floor":8,"key":"REST"},{"floor":11,"key":"REST"},{"floor":13,"key":"REST"},{"data":"Streamline","floor":15,"key":"SMITH"}],"neow_cost":"CURSE","seed_source_timestamp":1481383806931056,"circlet_count":0,"master_deck":["AscendersBane","Strike_B","Strike_B","Strike_B","Strike_B","Defend_B","Defend_B","Defend_B","Defend_B","Zap","Dualcast","Clumsy","Streamline+1","Cold Snap","Chaos+1","Decay","Beam Cell","Rebound","Cold Snap","Conserve Battery+1"],"relics":["Cracked Core","Bottled Flame","Toxic Egg 2","Incense Burner"],"potions_floor_usage":[16],"damage_taken":[{"damage":3,"enemies":"2 Louse","floor":1,"turns":2},{"damage":7,"enemies":"Cultist","floor":3,"turns":4},{"damage":7,"enemies":"Small Slimes","floor":4,"turns":3},{"damage":33,"enemies":"Lagavulin","floor":7,"turns":8},{"damage":23,"enemies":"Exordium Thugs","floor":10,"turns":5},{"damage":30,"enemies":"Gremlin Nob","floor":12,"turns":4},{"damage":0,"enemies":"Exordium Wildlife","floor":14,"turns":2},{"damage":24,"enemies":"Hexaghost","floor":16,"turns":9}],"seed_played":"-474425530147455255","potions_obtained":[{"floor":3,"key":"Dexterity Potion"},{"floor":12,"key":"PowerPotion"}],"is_trial":false,"path_per_floor":["M","$","M","M","?","R","E","R","T","M","R","E","R","M","R","B"],"character_chosen":"DEFECT","items_purchased":[],"campfire_rested":3,"item_purchase_floors":[],"current_hp_per_floor":[61,61,54,47,47,47,14,35,35,12,33,3,24,24,24,0],"gold":476,"neow_bonus":"TWO_FIFTY_GOLD","is_prod":false,"is_daily":false,"chose_seed":false,"campfire_upgraded":2,"win_rate":0,"timestamp":1561925841,"path_taken":["M","$","M","M","?","R","E","R","T","M","R","E","R","M","R","BOSS"],"build_version":"2019-01-23","purchased_purges":0,"victory":false,"max_hp_per_floor":[71,71,71,71,71,71,71,71,71,71,71,71,71,71,71,71],"card_choices":[{"not_picked":["Hologram","Steam"],"picked":"Streamline","floor":1},{"not_picked":["Barrage","BootSequence"],"picked":"Cold Snap","floor":3},{"not_picked":["Self Repair","Leap"],"picked":"Chaos","floor":4},{"not_picked":["Static Discharge","Redo"],"picked":"Beam Cell","floor":7},{"not_picked":["Leap+1","Storm"],"picked":"Rebound","floor":10},{"not_picked":["Chaos+1","Rebound"],"picked":"Cold Snap","floor":12},{"not_picked":["Undo+1","Compile Driver"],"picked":"Conserve Battery+1","floor":14}],"player_experience":861500,"relics_obtained":[{"floor":7,"key":"Bottled Flame"},{"floor":9,"key":"Toxic Egg 2"},{"floor":12,"key":"Incense Burner"}],"event_choices":[{"damage_healed":0,"gold_gain":0,"player_choice":"Cursed","damage_taken":0,"max_hp_gain":0,"max_hp_loss":0,"event_name":"Wheel of Change","floor":5,"gold_loss":0,"cards_obtained":["Decay"]}],"is_beta":false,"boss_relics":[],"items_purged_floors":[],"is_endless":false,"potions_floor_spawned":[3,12],"killed_by":"Hexaghost","ascension_level":20}