{"gold_per_floor":[113,263,263,263,274,274,309,309,309,22,47,63,77,90,90,90],"floor_reached":16,"playtime":422,"items_purged":["Strike_R"],"score":270,"play_id":"fa6d5bd3-e871-426d-9bcf-b2dda20d2011","local_time":"20190108193204","is_ascension_mode":true,"campfire_choices":[{"data":"Hemokinesis","floor":6,"key":"SMITH"},{"data":"Bash","floor":8,"key":"SMITH"},{"data":"Disarm","floor":15,"key":"SMITH"}],"neow_cost":"NONE","seed_source_timestamp":524878464525697,"circlet_count":0,"master_deck":["AscendersBane","Strike_R","Strike_R+1","Strike_R+1","Strike_R+1","Defend_R","Defend_R","Defend_R","Defend_R","Bash+1","Iron Wave+1","Hemokinesis+1","Disarm+1","Whirlwind","Metallicize","Shrug It Off","Shrug It Off","Shrug It Off"],"relics":["Burning Blood","NeowsBlessing","Boot","The Courier","Whetstone","Pantograph"],"potions_floor_usage":[11,16],"damage_taken":[{"damage":0,"enemies":"Small Slimes","floor":1,"turns":1},{"damage":0,"enemies":"Jaw Worm","floor":5,"turns":1},{"damage":0,"enemies":"Gremlin Nob","floor":7,"turns":1},{"damage":46,"enemies":"3 Sentries","floor":11,"turns":9},{"damage":1,"enemies":"2 Louse","floor":12,"turns":2},{"damage":9,"enemies":"Lots of Slimes","floor":13,"turns":5},{"damage":16,"enemies":"Red Slaver","floor":14,"turns":2},{"damage":41,"enemies":"Hexaghost","floor":16,"turns":12}],"seed_played":"4696923106305026334","potions_obtained":[{"floor":7,"key":"GamblersBrew"},{"floor":11,"key":"Poison Potion"}],"is_trial":false,"path_per_floor":["M","?","?","?","M","R","E","R","T","$","E","M","M","M","R","B"],"character_chosen":"IRONCLAD","items_purchased":["Whirlwind","Whetstone","Metallicize"],"campfire_rested":0,"item_purchase_floors":[10,10,10],"current_hp_per_floor":[74,74,51,51,57,57,63,63,63,63,23,28,25,15,15,0],"gold":90,"neow_bonus":"THREE_ENEMY_KILL","is_prod":false,"is_daily":false,"chose_seed":false,"campfire_upgraded":3,"win_rate":0,"timestamp":1546972324,"path_taken":["M","?","?","?","?","R","E","R","T","$","E","M","M","M","R","BOSS"],"build_version":"2019-01-03v4","purchased_purges":1,"victory":false,"max_hp_per_floor":[75,75,75,75,75,75,75,75,75,75,75,75,75,75,75,75],"card_choices":[{"not_picked":["Perfected Strike","Sever Soul"],"picked":"Iron Wave","floor":1},{"not_picked":["Wild Strike","Twin Strike"],"picked":"Hemokinesis","floor":5},{"not_picked":["Twin Strike","Headbutt"],"picked":"Disarm","floor":7},{"not_picked":["Rage","Reckless Charge"],"picked":"Shrug It Off","floor":11},{"not_picked":["Inflame","Headbutt"],"picked":"Shrug It Off","floor":12},{"not_picked":["Warcry","Thunderclap","Seeing Red"],"picked":"SKIP","floor":13},{"not_picked":["Feed","Combust"],"picked":"Shrug It Off","floor":14}],"player_experience":586018,"relics_obtained":[{"floor":7,"key":"Boot"},{"floor":9,"key":"The Courier"},{"floor":11,"key":"Pantograph"}],"event_choices":[{"damage_healed":0,"gold_gain":150,"player_choice":"AGREE","damage_taken":0,"max_hp_gain":0,"max_hp_loss":0,"event_name":"Liars Game","floor":2,"gold_loss":0,"cards_obtained":["Doubt"]},{"damage_healed":0,"gold_gain":0,"player_choice":"Entered Light","damage_taken":23,"max_hp_gain":0,"max_hp_loss":0,"event_name":"Shining Light","floor":3,"gold_loss":0,"cards_upgraded":["Strike_R","Strike_R"]},{"cards_removed":["Doubt"],"damage_healed":0,"gold_gain":0,"player_choice":"Purged","damage_taken":0,"max_hp_gain":0,"max_hp_loss":0,"event_name":"Purifier","floor":4,"gold_loss":0}],"is_beta":false,"boss_relics":[],"items_purged_floors":[10],"is_endless":false,"potions_floor_spawned":[7,11],"killed_by":"Hexaghost","ascension_level":20}