{"gold_per_floor":[114,129,146,146,146,146,184,184,210,230,243,284,284,327,327,418,418,442,48,67,87,110,110,181,181,208,208,222,222,241,259,259,259],"floor_reached":33,"playtime":1177,"items_purged":["Strike_R"],"score":578,"play_id":"2d70da88-b7d5-490d-9180-396b69186ff9","local_time":"20190115194457","is_ascension_mode":true,"campfire_choices":[{"data":"Blood for Blood","floor":6.0,"key":"SMITH"},{"data":"Anger","floor":8.0,"key":"SMITH"},{"data":"Iron Wave","floor":13.0,"key":"SMITH"},{"data":"Demon Form","floor":15.0,"key":"SMITH"},{"floor":23.0,"key":"REST"},{"floor":25,"key":"REST"},{"floor":27,"key":"REST"},{"floor":32,"key":"REST"}],"neow_cost":"NONE","seed_source_timestamp":0,"circlet_count":0,"master_deck":["AscendersBane","Strike_R","Strike_R","Strike_R","Strike_R","Defend_R","Defend_R","Defend_R","Defend_R","Bash","Blood for Blood+1","Sword Boomerang","Anger+1","Pommel Strike","Iron Wave+1","Impervious","Wild Strike","Demon Form+1","Demon Form","Cleave","Blood for Blood+1","Twin Strike","Sword Boomerang","Clothesline","Intimidate+1","Sword Boomerang","Ghostly Armor","Impervious"],"special_seed":0,"relics":["Burning Blood","NeowsBlessing","Golden Idol","Vajra","Omamori","Ornamental Fan","Red Skull","Busted Crown","Prayer Wheel","Tiny Chest","Bronze Scales"],"potions_floor_usage":[],"damage_taken":[{"damage":0.0,"enemies":"Cultist","floor":1.0,"turns":1.0},{"damage":0.0,"enemies":"Small Slimes","floor":2.0,"turns":2.0},{"damage":0.0,"enemies":"Jaw Worm","floor":3.0,"turns":1.0},{"damage":25.0,"enemies":"3 Sentries","floor":7.0,"turns":8.0},{"damage":7.0,"enemies":"Gremlin Gang","floor":10.0,"turns":4.0},{"damage":9.0,"enemies":"Red Slaver","floor":11.0,"turns":2.0},{"damage":3.0,"enemies":"Gremlin Nob","floor":12.0,"turns":3.0},{"damage":10.0,"enemies":"3 Sentries","floor":14.0,"turns":6.0},{"damage":42.0,"enemies":"Slime Boss","floor":16.0,"turns":9.0},{"damage":32.0,"enemies":"2 Thieves","floor":18.0,"turns":4.0},{"damage":9.0,"enemies":"3 Byrds","floor":20.0,"turns":4.0},{"damage":10.0,"enemies":"3 Cultists","floor":21.0,"turns":4.0},{"damage":0.0,"enemies":"Snake Plant","floor":22.0,"turns":3.0},{"damage":39,"enemies":"Gremlin Leader","floor":24,"turns":4},{"damage":24,"enemies":"Sentry and Sphere","floor":28,"turns":4},{"damage":18,"enemies":"Centurion and Healer","floor":30,"turns":4},{"damage":15,"enemies":"Chosen and Byrds","floor":31,"turns":3},{"damage":83,"enemies":"Collector","floor":33,"turns":7}],"seed_played":"5407249625934518481","potions_obtained":[{"floor":1.0,"key":"Swift Potion"},{"floor":3.0,"key":"Energy Potion"},{"floor":5.0,"key":"Fruit Juice"},{"floor":5.0,"key":"SteroidPotion"},{"floor":7.0,"key":"EssenceOfSteel"},{"floor":11.0,"key":"AttackPotion"},{"floor":18.0,"key":"FairyPotion"},{"floor":21.0,"key":"Ancient Potion"}],"is_trial":false,"path_per_floor":["M","M","M","?","?","R","E","R","T","M","M","E","R","E","R","B",null,"M","$","M","M","M","R","E","R","T","R","M","T","M","M","R","B"],"character_chosen":"IRONCLAD","items_purchased":["Prayer Wheel"],"campfire_rested":4,"item_purchase_floors":[19],"current_hp_per_floor":[74,75,75,68,73,73,54,54,54,53,50,53,53,49,49,13,58,32,32,29,25,31,52,19,40,40,61,43,43,31,22,43,0],"gold":259,"neow_bonus":"THREE_ENEMY_KILL","is_prod":false,"is_daily":false,"chose_seed":false,"campfire_upgraded":4,"win_rate":0,"timestamp":1547577897,"path_taken":["M","?","M","?","?","R","E","R","T","M","M","E","R","E","R","BOSS","M","$","M","M","M","R","E","R","T","R","?","?","M","M","R","BOSS"],"build_version":"2019-01-10","purchased_purges":1,"victory":false,"max_hp_per_floor":[75,75,75,68,73,73,73,73,73,73,73,73,73,73,73,73,73,73,73,73,73,73,73,73,73,73,73,73,73,73,73,73,73],"card_choices":[{"not_picked":["Wild Strike","Dropkick"],"picked":"Blood for Blood","floor":1.0},{"not_picked":["Rupture","Warcry"],"picked":"Sword Boomerang","floor":2.0},{"not_picked":["Warcry","Heavy Blade"],"picked":"Anger","floor":3.0},{"not_picked":["Warcry","Feel No Pain"],"picked":"Pommel Strike","floor":7.0},{"not_picked":["Thunderclap","Clash"],"picked":"Iron Wave","floor":10.0},{"not_picked":["Warcry","Burning Pact"],"picked":"Impervious","floor":11.0},{"not_picked":["Perfected Strike","Flex"],"picked":"Wild Strike","floor":12.0},{"not_picked":["Anger","Clash"],"picked":"Demon Form","floor":14.0},{"not_picked":["Dark Embrace","Fiend Fire"],"picked":"Demon Form","floor":16.0},{"not_picked":[],"picked":"Cleave","floor":18.0},{"not_picked":[],"picked":"Blood for Blood+1","floor":20.0},{"not_picked":[],"picked":"Twin Strike","floor":20.0},{"not_picked":[],"picked":"Sword Boomerang","floor":21.0},{"not_picked":["Flex"],"picked":"SKIP","floor":21.0},{"not_picked":[],"picked":"Clothesline","floor":22.0},{"not_picked":["Hemokinesis"],"picked":"SKIP","floor":22.0},{"not_picked":["Body Slam"],"picked":"SKIP","floor":24},{"not_picked":[],"picked":"Intimidate+1","floor":28},{"not_picked":["True Grit"],"picked":"SKIP","floor":28},{"not_picked":[],"picked":"Sword Boomerang","floor":30},{"not_picked":["Sentinel"],"picked":"SKIP","floor":30},{"not_picked":[],"picked":"Ghostly Armor","floor":31},{"not_picked":[],"picked":"Impervious","floor":31}],"player_experience":598969,"relics_obtained":[{"floor":7.0,"key":"Vajra"},{"floor":9.0,"key":"Omamori"},{"floor":12.0,"key":"Ornamental Fan"},{"floor":14.0,"key":"Red Skull"},{"floor":24,"key":"Tiny Chest"},{"floor":26,"key":"Bronze Scales"}],"event_choices":[{"damage_healed":0.0,"max_hp_gain":0.0,"max_hp_loss":7.0,"gold_gain":0.0,"event_name":"Golden Idol","player_choice":"Lose Max HP","floor":4.0,"gold_loss":0.0,"damage_taken":0.0,"relics_obtained":["Golden Idol"]},{"damage_healed":0.0,"max_hp_gain":0.0,"max_hp_loss":0.0,"gold_gain":0.0,"event_name":"Lab","player_choice":"Got Potions","floor":5.0,"gold_loss":0.0,"damage_taken":0.0}],"is_beta":false,"boss_relics":[{"not_picked":["Coffee Dripper","Empty Cage"],"picked":"Busted Crown"}],"items_purged_floors":[19],"is_endless":false,"potions_floor_spawned":[1,3,7,11,18,21,30,31],"killed_by":"Collector","ascension_level":20}