{"gold_per_floor":[113,113,38,38,54,54,71,71,122,140,171,171,171,196,196,196],"floor_reached":16,"playtime":1322,"items_purged":["Strike_R"],"score":100,"play_id":"706fa0ac-23cf-4fdd-94fe-e9786cb3ca13","local_time":"20191013233404","is_ascension_mode":false,"campfire_choices":[{"data":"Pommel Strike","floor":6,"key":"SMITH"},{"data":"Defend_R","floor":8,"key":"SMITH"},{"data":"Armaments","floor":12,"key":"SMITH"},{"data":"Body Slam","floor":15,"key":"SMITH"}],"neow_cost":"NONE","seed_source_timestamp":30742799146500,"circlet_count":0,"master_deck":["Strike_R","Strike_R","Strike_R","Defend_R","Defend_R","Defend_R","Defend_R+1","Bash+1","Battle Trance","Pommel Strike+1","Armaments+1","Body Slam+1"],"relics":["Burning Blood","Bag of Marbles","Champion Belt","Golden Idol"],"potions_floor_usage":[],"damage_taken":[{"damage":1,"enemies":"Jaw Worm","floor":1,"turns":5},{"damage":5,"enemies":"Small Slimes","floor":5,"turns":5},{"damage":1,"enemies":"2 Louse","floor":7,"turns":3},{"damage":1,"enemies":"Exordium Wildlife","floor":10,"turns":3},{"damage":25,"enemies":"Gremlin Nob","floor":11,"turns":5},{"damage":0,"enemies":"Looter","floor":14,"turns":2},{"damage":70,"enemies":"Hexaghost","floor":16,"turns":14}],"seed_played":"6982539909763540930","potions_obtained":[{"floor":10,"key":"Strength Potion"}],"is_trial":false,"path_per_floor":["M","?","$","?","M","R","M","R","T","M","E","R","?","M","R","B"],"character_chosen":"IRONCLAD","items_purchased":[],"campfire_rested":0,"item_purchase_floors":[],"current_hp_per_floor":[80,73,73,73,74,74,79,79,79,80,61,61,61,67,67,0],"gold":196,"neow_bonus":"UPGRADE_CARD","is_prod":false,"is_daily":false,"chose_seed":false,"campfire_upgraded":4,"win_rate":0.0,"timestamp":1571031244,"path_taken":["M","?","$","?","M","R","M","R","T","M","E","R","?","?","R","BOSS"],"build_version":"2019-07-17","purchased_purges":1,"victory":false,"max_hp_per_floor":[80,80,80,80,80,80,80,80,80,80,80,80,74,74,74,74],"card_choices":[{"not_picked":["Flex","Headbutt"],"picked":"Battle Trance","floor":1},{"not_picked":["Seeing Red","Thunderclap"],"picked":"Pommel Strike","floor":5},{"not_picked":["Perfected Strike","Anger","Dual Wield"],"picked":"SKIP","floor":7},{"not_picked":["Second Wind","Flex"],"picked":"Armaments","floor":10},{"not_picked":["Armaments","Uppercut"],"picked":"Body Slam","floor":11},{"not_picked":["Spot Weakness","Fire Breathing","Disarm"],"picked":"SKIP","floor":14}],"player_experience":8159,"relics_obtained":[{"floor":9,"key":"Bag of Marbles"},{"floor":11,"key":"Champion Belt"}],"event_choices":[{"cards_removed":["Strike_R"],"damage_healed":0,"gold_gain":0,"player_choice":"Card Removal","damage_taken":7,"max_hp_gain":0,"max_hp_loss":0,"event_name":"Golden Wing","floor":2,"gold_loss":0},{"damage_healed":0,"gold_gain":0,"player_choice":"Ignored","damage_taken":0,"max_hp_gain":0,"max_hp_loss":0,"event_name":"Liars Game","floor":4,"gold_loss":0},{"damage_healed":0,"gold_gain":0,"player_choice":"Lose Max HP","damage_taken":0,"relics_obtained":["Golden Idol"],"max_hp_gain":0,"max_hp_loss":6,"event_name":"Golden Idol","floor":13,"gold_loss":0}],"is_beta":false,"boss_relics":[],"items_purged_floors":[3],"is_endless":false,"potions_floor_spawned":[10],"killed_by":"Hexaghost","ascension_level":0}