{"gold_per_floor":[115,115,129,129,143,174,188,222,269,285,306,338,350,350,350,350],"floor_reached":16,"playtime":655,"items_purged":[],"score":146,"play_id":"47c03c9e-2f94-42a3-8872-3ba81986e079","local_time":"20190721214951","is_ascension_mode":true,"campfire_choices":[{"floor":15,"key":"REST"}],"neow_cost":"NONE","seed_source_timestamp":1031122463656444,"circlet_count":0,"master_deck":["Strike_R","Strike_R+1","Strike_R","Strike_R","Defend_R","Defend_R","Defend_R","Defend_R","Bash","Flame Barrier","Iron Wave","Pommel Strike","Flame Barrier","Whirlwind","Battle Trance","Iron Wave+1","Impervious"],"relics":["Burning Blood","Dream Catcher","Bronze Scales","Darkstone Periapt","Blood Vial","Odd Mushroom","Ancient Tea Set"],"potions_floor_usage":[6,8,16],"damage_taken":[{"damage":11,"enemies":"2 Louse","floor":1,"turns":3},{"damage":15,"enemies":"Small Slimes","floor":3,"turns":5},{"damage":0,"enemies":"Jaw Worm","floor":5,"turns":3},{"damage":35,"enemies":"Gremlin Nob","floor":6,"turns":5},{"damage":9,"enemies":"Large Slime","floor":7,"turns":7},{"damage":17,"enemies":"Lagavulin","floor":8,"turns":9},{"damage":0,"enemies":"Looter","floor":10,"turns":3},{"damage":17,"enemies":"The Mushroom Lair","floor":11,"turns":4},{"damage":23,"enemies":"Gremlin Nob","floor":12,"turns":5},{"damage":9,"enemies":"Lots of Slimes","floor":13,"turns":2},{"damage":37,"enemies":"Hexaghost","floor":16,"turns":9}],"seed_played":"993060934780232621","potions_obtained":[{"floor":1,"key":"Strength Potion"},{"floor":5,"key":"Ancient Potion"},{"floor":10,"key":"FairyPotion"},{"floor":11,"key":"GamblersBrew"}],"is_trial":false,"path_per_floor":["M","?","M","?","M","E","M","E","T","M","?","E","M","?","R","B"],"character_chosen":"IRONCLAD","items_purchased":[],"campfire_rested":1,"item_purchase_floors":[],"current_hp_per_floor":[75,68,59,64,70,41,38,27,27,35,26,11,10,8,33,0],"gold":350,"neow_bonus":"RANDOM_COMMON_RELIC","is_prod":false,"is_daily":false,"chose_seed":false,"campfire_upgraded":0,"win_rate":0,"timestamp":1563760191,"path_taken":["M","?","M","?","M","E","M","E","T","M","?","E","M","?","R","BOSS"],"build_version":"2019-07-17","purchased_purges":0,"victory":false,"max_hp_per_floor":[80,80,80,85,85,85,85,85,85,85,85,85,85,85,85,85],"card_choices":[{"not_picked":["Rupture","Flex"],"picked":"Flame Barrier","floor":1},{"not_picked":["Flex","Twin Strike","Thunderclap"],"picked":"SKIP","floor":3},{"not_picked":["Body Slam","Fiend Fire"],"picked":"Iron Wave","floor":5},{"not_picked":["Wild Strike","Entrench"],"picked":"Pommel Strike","floor":6},{"not_picked":["Combust","Seeing Red"],"picked":"Flame Barrier","floor":7},{"not_picked":["Armaments","Reckless Charge"],"picked":"Whirlwind","floor":8},{"not_picked":["Clash","Cleave","Thunderclap"],"picked":"SKIP","floor":10},{"not_picked":["Twin Strike","Seeing Red"],"picked":"Battle Trance","floor":11},{"not_picked":["Searing Blow","Intimidate"],"picked":"Iron Wave","floor":12},{"not_picked":["Searing Blow","Heavy Blade","True Grit"],"picked":"SKIP","floor":13},{"not_picked":["Clash","Pummel"],"picked":"Impervious","floor":15}],"player_experience":287391,"relics_obtained":[{"floor":6,"key":"Bronze Scales"},{"floor":8,"key":"Darkstone Periapt"},{"floor":9,"key":"Blood Vial"},{"floor":11,"key":"Odd Mushroom"},{"floor":12,"key":"Ancient Tea Set"}],"event_choices":[{"cards_removed":["Strike_R"],"damage_healed":0,"gold_gain":0,"player_choice":"Card Removal","damage_taken":7,"max_hp_gain":0,"max_hp_loss":0,"event_name":"Golden Wing","floor":2,"gold_loss":0},{"damage_healed":0,"gold_gain":0,"player_choice":"Donut","damage_taken":0,"max_hp_gain":5,"max_hp_loss":0,"event_name":"Big Fish","floor":4,"gold_loss":0},{"damage_healed":0,"gold_gain":0,"player_choice":"Fought Mushrooms","damage_taken":0,"max_hp_gain":0,"max_hp_loss":0,"event_name":"Mushrooms","floor":11,"gold_loss":0},{"damage_healed":0,"gold_gain":0,"player_choice":"Entered Light","damage_taken":17,"max_hp_gain":0,"max_hp_loss":0,"event_name":"Shining Light","floor":14,"gold_loss":0,"cards_upgraded":["Strike_R","Iron Wave"]}],"is_beta":false,"boss_relics":[],"items_purged_floors":[],"is_endless":false,"potions_floor_spawned":[1,5,10,11],"killed_by":"Hexaghost","ascension_level":4}