{"gold_per_floor":[17,30,44,64,79,79,107,107,107,134,151,168,194,214,214,316,316,334,259,259,270,280,280],"floor_reached":23,"playtime":1029,"items_purged":[],"score":285,"play_id":"87dd1aec-de0b-4f29-bb11-3d167c4f5c10","local_time":"20190721212506","is_ascension_mode":true,"campfire_choices":[{"data":"Seeing Red","floor":6,"key":"SMITH"},{"data":"True Grit","floor":8,"key":"SMITH"},{"data":"Bash","floor":15,"key":"SMITH"}],"neow_cost":"NO_GOLD","seed_source_timestamp":1029261041120000,"circlet_count":0,"master_deck":["Strike_R","Strike_R","Strike_R","Strike_R","Defend_R","Defend_R","Defend_R","Defend_R","Bash+1","Immolate","Pommel Strike","Headbutt","Seeing Red+1","True Grit+1","Shrug It Off","Limit Break","Whirlwind","Shockwave","Reaper","Ghostly","Ghostly","Ghostly","Ghostly","Ghostly","Metallicize"],"relics":["Burning Blood","Strawberry","Gambling Chip","Incense Burner","Nunchaku","Runic Cube"],"potions_floor_usage":[18,23,23,23],"damage_taken":[{"damage":6,"enemies":"Cultist","floor":1,"turns":3},{"damage":0,"enemies":"2 Louse","floor":2,"turns":1},{"damage":7,"enemies":"Small Slimes","floor":3,"turns":2},{"damage":9,"enemies":"2 Fungi Beasts","floor":4,"turns":2},{"damage":6,"enemies":"Exordium Thugs","floor":5,"turns":3},{"damage":15,"enemies":"3 Sentries","floor":7,"turns":3},{"damage":10,"enemies":"Gremlin Nob","floor":10,"turns":3},{"damage":0,"enemies":"Large Slime","floor":11,"turns":3},{"damage":0,"enemies":"Gremlin Gang","floor":12,"turns":1},{"damage":2,"enemies":"3 Sentries","floor":13,"turns":3},{"damage":9,"enemies":"Blue Slaver","floor":14,"turns":3},{"damage":44,"enemies":"The Guardian","floor":16,"turns":10},{"damage":28,"enemies":"Spheric Guardian","floor":18,"turns":4},{"damage":21,"enemies":"3 Byrds","floor":21,"turns":4},{"damage":8,"enemies":"Cultist and Chosen","floor":22,"turns":10},{"damage":30,"enemies":"Book of Stabbing","floor":23,"turns":8}],"seed_played":"3737399072119944380","potions_obtained":[{"floor":4,"key":"BloodPotion"},{"floor":7,"key":"Poison Potion"},{"floor":10,"key":"Dexterity Potion"},{"floor":22,"key":"EssenceOfSteel"}],"is_trial":false,"path_per_floor":["M","M","M","M","M","R","E","R","T","E","M","M","E","M","R","B",null,"M","?","?","M","M","E"],"character_chosen":"IRONCLAD","items_purchased":[],"campfire_rested":0,"item_purchase_floors":[],"current_hp_per_floor":[80,80,79,76,76,76,74,74,74,70,76,82,86,83,83,45,87,65,65,43,28,26,12],"gold":280,"neow_bonus":"THREE_RARE_CARDS","is_prod":false,"is_daily":false,"chose_seed":false,"campfire_upgraded":3,"win_rate":0,"timestamp":1563758706,"path_taken":["M","M","M","?","M","R","E","R","T","E","M","M","E","M","R","BOSS","M","?","?","M","M","E"],"build_version":"2019-07-17","purchased_purges":0,"victory":false,"max_hp_per_floor":[80,80,80,80,80,80,87,87,87,87,87,87,87,87,87,87,87,87,87,43,43,43,43],"card_choices":[{"not_picked":["Fiend Fire","Impervious"],"picked":"Immolate","floor":0},{"not_picked":["Armaments","Body Slam"],"picked":"Pommel Strike","floor":1},{"not_picked":["Thunderclap","Rage","Warcry"],"picked":"SKIP","floor":2},{"not_picked":["Second Wind","Clash","Bloodletting"],"picked":"SKIP","floor":3},{"not_picked":["Anger","Reckless Charge"],"picked":"Headbutt","floor":4},{"not_picked":["Armaments","Exhume"],"picked":"Seeing Red","floor":5},{"not_picked":["Armaments","Rupture"],"picked":"True Grit","floor":7},{"not_picked":["Dual Wield","Pommel Strike","Fire Breathing"],"picked":"SKIP","floor":10},{"not_picked":["Flex","Metallicize"],"picked":"Shrug It Off","floor":11},{"not_picked":["Flex","Wild Strike"],"picked":"Limit Break","floor":12},{"not_picked":["Clash","Sever Soul"],"picked":"Whirlwind","floor":13},{"not_picked":["Evolve","Perfected Strike"],"picked":"Shockwave","floor":14},{"not_picked":["Immolate","Impervious"],"picked":"Reaper","floor":16},{"not_picked":["Pommel Strike","Clash","Headbutt"],"picked":"SKIP","floor":18},{"not_picked":["Combust","Perfected Strike"],"picked":"Metallicize","floor":21},{"not_picked":["Whirlwind","Clothesline+1","Body Slam+1"],"picked":"SKIP","floor":22}],"player_experience":285559,"relics_obtained":[{"floor":7,"key":"Strawberry"},{"floor":9,"key":"Gambling Chip"},{"floor":10,"key":"Incense Burner"},{"floor":13,"key":"Nunchaku"}],"event_choices":[{"cards_removed":["Strike_R"],"damage_healed":0,"gold_gain":0,"player_choice":"Gave Gold","damage_taken":0,"max_hp_gain":0,"max_hp_loss":0,"event_name":"Beggar","floor":19,"gold_loss":75},{"damage_healed":0,"gold_gain":0,"player_choice":"Became a Ghost","damage_taken":0,"max_hp_gain":0,"max_hp_loss":44,"event_name":"Ghosts","floor":20,"gold_loss":0,"cards_obtained":["Ghostly","Ghostly","Ghostly","Ghostly","Ghostly"]}],"is_beta":false,"boss_relics":[{"not_picked":["Velvet Choker","Tiny House"],"picked":"Runic Cube"}],"items_purged_floors":[],"is_endless":false,"potions_floor_spawned":[4,7,10,12,13,16,22],"killed_by":"Book of Stabbing","ascension_level":4}