{"gold_per_floor":[109,109,34,54,4,37,62,96,142,158,214,233,233,133,133,232,232,248,123,213,224,2,13,13,32,106,117,117,117,152,166,166,265,265,277,277,86,105,117,117,132,132,157,157,6,25,25,45,45,45],"floor_reached":50,"playtime":2068,"items_purged":["Regret","Strike_R","Strike_R","Strike_R"],"score":547,"play_id":"cea0262e-cf25-4365-860d-6b0e3acc8309","local_time":"20190610183254","is_ascension_mode":false,"campfire_choices":[{"floor":15,"key":"REST"},{"data":"Whirlwind","floor":24,"key":"SMITH"},{"data":"Flame Barrier","floor":29,"key":"SMITH"},{"data":"Impervious","floor":32,"key":"SMITH"},{"data":"Armaments","floor":40,"key":"SMITH"},{"data":"Whirlwind","floor":44,"key":"SMITH"},{"data":"Madness","floor":47,"key":"SMITH"},{"floor":49,"key":"RECALL"}],"neow_cost":"NONE","seed_source_timestamp":143849642135429,"circlet_count":0,"master_deck":["Strike_R","Defend_R","Defend_R","Defend_R","Defend_R","Bash+1","Flame Barrier+1","Whirlwind+1","Shrug It Off","Pommel Strike","Headbutt+1","Impervious+1","Shrug It Off","Whirlwind+1","Shrug It Off","Whirlwind","Shrug It Off","Impervious+1","Demon Form","Pommel Strike+1","Armaments+1","Pommel Strike+1","Madness+1","Madness","Shockwave"],"relics":["Burning Blood","NeowsBlessing","Vajra","Omamori","Odd Mushroom","Bronze Scales","Red Skull","Potion Belt","Coffee Dripper","Mercury Hourglass","Whetstone","Runic Dome","Brimstone","Blood Vial"],"potions_floor_usage":[7,7,8,16,16,16,27,27,31,31,33,33,33,33,33,38,38,48,48,50,50,50],"damage_taken":[{"damage":0,"enemies":"2 Louse","floor":1,"turns":1},{"damage":0,"enemies":"Small Slimes","floor":4,"turns":1},{"damage":0,"enemies":"Lagavulin","floor":6,"turns":1},{"damage":0,"enemies":"The Mushroom Lair","floor":7,"turns":1},{"damage":27,"enemies":"3 Sentries","floor":8,"turns":5},{"damage":15,"enemies":"Cultist","floor":10,"turns":3},{"damage":9,"enemies":"3 Sentries","floor":11,"turns":4},{"damage":8,"enemies":"Large Slime","floor":12,"turns":6},{"damage":61,"enemies":"Slime Boss","floor":16,"turns":12},{"damage":13,"enemies":"Shell Parasite","floor":18,"turns":9},{"damage":0,"enemies":"3 Byrds","floor":21,"turns":2},{"damage":12,"enemies":"Cultist and Chosen","floor":23,"turns":5},{"damage":0,"enemies":"Snecko","floor":25,"turns":4},{"damage":0,"enemies":"Shelled Parasite and Fungi","floor":27,"turns":4},{"damage":11,"enemies":"Slavers","floor":30,"turns":3},{"damage":8,"enemies":"Centurion and Healer","floor":31,"turns":6},{"damage":60,"enemies":"Champ","floor":33,"turns":19},{"damage":29,"enemies":"3 Shapes","floor":35,"turns":2},{"damage":11,"enemies":"Orb Walker","floor":38,"turns":1},{"damage":24,"enemies":"Writhing Mass","floor":39,"turns":3},{"damage":13,"enemies":"Sphere and 2 Shapes","floor":41,"turns":4},{"damage":16,"enemies":"4 Shapes","floor":46,"turns":2},{"damage":0,"enemies":"3 Darklings","floor":48,"turns":1},{"damage":24,"enemies":"Time Eater","floor":50,"turns":4}],"seed_played":"3923123683962156108","potions_obtained":[{"floor":1,"key":"EntropicBrew"},{"floor":8,"key":"Fruit Juice"},{"floor":12,"key":"PowerPotion"},{"floor":18,"key":"FearPotion"},{"floor":21,"key":"EssenceOfSteel"},{"floor":23,"key":"Energy Potion"},{"floor":25,"key":"EntropicBrew"},{"floor":36,"key":"Energy Potion"},{"floor":36,"key":"SteroidPotion"},{"floor":36,"key":"Explosive Potion"},{"floor":38,"key":"FearPotion"},{"floor":39,"key":"FearPotion"},{"floor":41,"key":"Fire Potion"},{"floor":46,"key":"Ancient Potion"}],"is_trial":false,"path_per_floor":["M","?","$","M","?","E","?","E","T","M","?","M","?","$","R","B",null,"M","$","?","M","$","M","R","M","T","M","?","R","E","M","R","B",null,"M","?","$","M","M","R","M","?","T","R","$","M","R","M","R","B"],"character_chosen":"IRONCLAD","items_purchased":["Whirlwind","Brimstone","Blood Vial"],"campfire_rested":1,"item_purchase_floors":[22,37,45],"current_hp_per_floor":[80,80,80,80,80,80,80,64,64,55,52,50,50,50,75,20,85,78,78,62,68,68,62,62,68,68,74,74,74,69,67,67,13,85,62,62,62,57,39,39,32,21,21,21,21,13,13,21,21,0],"gold":45,"neow_bonus":"THREE_ENEMY_KILL","is_prod":false,"is_daily":false,"chose_seed":false,"campfire_upgraded":6,"win_rate":0,"timestamp":1560205974,"path_taken":["M","?","$","M","?","E","?","E","T","M","?","M","?","?","R","BOSS","M","?","?","M","$","M","R","M","T","?","?","R","E","M","R","BOSS","M","?","$","M","?","R","M","?","T","R","?","M","R","?","R","BOSS"],"build_version":"2019-01-23","purchased_purges":4,"victory":false,"max_hp_per_floor":[80,80,80,80,80,80,80,85,85,85,85,85,85,85,85,85,85,85,85,85,85,85,85,85,85,85,85,85,85,85,85,85,85,85,85,85,85,85,85,85,85,85,85,85,85,85,85,85,85,85],"card_choices":[{"not_picked":["Sever Soul","Rupture","Clothesline"],"picked":"SKIP","floor":1},{"not_picked":["Burning Pact","Twin Strike"],"picked":"Flame Barrier","floor":4},{"not_picked":["Headbutt","Rupture","Power Through"],"picked":"SKIP","floor":6},{"not_picked":["Clash","Headbutt"],"picked":"Whirlwind","floor":7},{"not_picked":["Berserk","Battle Trance"],"picked":"Shrug It Off","floor":8},{"not_picked":["Perfected Strike","Shrug It Off"],"picked":"Pommel Strike","floor":10},{"not_picked":["Twin Strike","Sword Boomerang"],"picked":"Headbutt","floor":12},{"not_picked":["Feed","Double Tap"],"picked":"Impervious","floor":16},{"not_picked":["Clothesline","Combust","Iron Wave"],"picked":"SKIP","floor":18},{"not_picked":["Disarm","Havoc"],"picked":"Shrug It Off","floor":21},{"not_picked":["Twin Strike","Body Slam"],"picked":"Shrug It Off","floor":23},{"not_picked":["Inflame","Heavy Blade"],"picked":"Whirlwind","floor":25},{"not_picked":["Armaments+1","Searing Blow","Cleave"],"picked":"SKIP","floor":27},{"not_picked":["Blood for Blood+1","Body Slam+1"],"picked":"Shrug It Off","floor":30},{"not_picked":["Sentinel","Sword Boomerang+1"],"picked":"Impervious","floor":31},{"not_picked":["Offering","Juggernaut"],"picked":"Demon Form","floor":33},{"not_picked":["Body Slam+1","Clash+1","Wild Strike+1"],"picked":"SKIP","floor":35},{"not_picked":["Clothesline+1","Cleave+1"],"picked":"Pommel Strike+1","floor":38},{"not_picked":["Clothesline+1","Cleave+1"],"picked":"Armaments","floor":39},{"not_picked":["Warcry+1","Headbutt"],"picked":"Pommel Strike+1","floor":41},{"not_picked":["Brutality","Sword Boomerang+1"],"picked":"Shockwave","floor":46},{"not_picked":["Headbutt","Spot Weakness","Fire Breathing+1"],"picked":"SKIP","floor":48}],"player_experience":196169,"relics_obtained":[{"floor":6,"key":"Omamori"},{"floor":7,"key":"Odd Mushroom"},{"floor":8,"key":"Bronze Scales"},{"floor":9,"key":"Red Skull"},{"floor":11,"key":"Potion Belt"},{"floor":26,"key":"Mercury Hourglass"},{"floor":30,"key":"Whetstone"}],"event_choices":[{"damage_healed":0,"gold_gain":0,"player_choice":"Box","damage_taken":0,"relics_obtained":["Vajra"],"max_hp_gain":0,"max_hp_loss":0,"event_name":"Big Fish","floor":2,"gold_loss":0,"cards_obtained":["Regret"]},{"cards_removed":["Strike_R"],"damage_healed":0,"gold_gain":0,"player_choice":"Card Removal","damage_taken":0,"max_hp_gain":0,"max_hp_loss":0,"event_name":"The Cleric","floor":5,"gold_loss":50},{"damage_healed":0,"gold_gain":0,"player_choice":"Fought Mushrooms","damage_taken":0,"max_hp_gain":0,"max_hp_loss":0,"event_name":"Mushrooms","floor":7,"gold_loss":0},{"damage_healed":0,"gold_gain":30,"player_choice":"Searched \u00273\u0027 times","damage_taken":0,"max_hp_gain":0,"max_hp_loss":0,"event_name":"Dead Adventurer","floor":11,"gold_loss":0},{"damage_healed":0,"gold_gain":0,"player_choice":"Ignored","damage_taken":0,"max_hp_gain":0,"max_hp_loss":0,"event_name":"Golden Idol","floor":13,"gold_loss":0},{"damage_healed":0,"gold_gain":90,"player_choice":"GOLD ","damage_taken":16,"max_hp_gain":0,"max_hp_loss":0,"event_name":"Knowing Skull","floor":20,"potions_obtained":[],"gold_loss":0,"cards_obtained":[]},{"damage_healed":0,"gold_gain":0,"player_choice":"Upgraded","damage_taken":0,"max_hp_gain":0,"max_hp_loss":0,"event_name":"Upgrade Shrine","floor":28,"gold_loss":0,"cards_upgraded":["Impervious"]},{"damage_healed":0,"gold_gain":0,"player_choice":"Got Potions","damage_taken":0,"max_hp_gain":0,"max_hp_loss":0,"event_name":"Lab","floor":36,"gold_loss":0},{"damage_healed":0,"gold_gain":0,"player_choice":"Embrace Madness","damage_taken":11,"max_hp_gain":0,"max_hp_loss":0,"event_name":"Winding Halls","floor":42,"gold_loss":0,"cards_obtained":["Madness","Madness"]}],"is_beta":false,"boss_relics":[{"not_picked":["Black Star","Pandora\u0027s Box"],"picked":"Coffee Dripper"},{"not_picked":["Astrolabe","Runic Pyramid"],"picked":"Runic Dome"}],"items_purged_floors":[3,14,19,22],"is_endless":false,"potions_floor_spawned":[1,8,12,18,21,23,25,38,39,41,46],"killed_by":"Time Eater","ascension_level":0}