{"gold_per_floor":[115,115,11,161,19,19,43,43,120,144,167,167,505,485,485,574,574,597,620,635,649,662,662,662,662,662,15,15,29,29],"floor_reached":30,"playtime":1147,"items_purged":["Injury","Doubt","Strike_G"],"score":414,"play_id":"2dfc552d-2d83-4d64-b351-c1e38789e493","local_time":"20190609042800","is_ascension_mode":true,"campfire_choices":[{"data":"Neutralize","floor":6,"key":"SMITH"},{"data":"Dash","floor":8,"key":"SMITH"},{"data":"Distraction","floor":12,"key":"SMITH"},{"data":"Dagger Spray","floor":15,"key":"SMITH"},{"data":"Envenom","floor":23,"key":"SMITH"},{"floor":25,"key":"REST"}],"neow_cost":"NONE","seed_source_timestamp":171612303395300,"circlet_count":0,"master_deck":["AscendersBane","Defend_G","Defend_G","Defend_G","Defend_G","Defend_G","Strike_G","Survivor","Neutralize+1","Endless Agony","Dagger Spray+1","Dash+1","Well Laid Plans","Blade Dance","Distraction+1","Blade Dance","Envenom+1","Tactician+1","Unload+1","Backstab+1","Dagger Throw","Cloak And Dagger+1","Crippling Poison","Catalyst","Prepared","Footwork","Finesse","Writhe","Cloak And Dagger+1"],"relics":["Ring of the Snake","NeowsBlessing","Golden Idol","Gremlin Horn","Old Coin","Astrolabe","Nilry\u0027s Codex","Regal Pillow","Tingsha","Nunchaku"],"potions_floor_usage":[11,13,16,16,20,21,22],"damage_taken":[{"damage":0,"enemies":"Small Slimes","floor":1,"turns":1},{"damage":0,"enemies":"2 Louse","floor":7,"turns":1},{"damage":0,"enemies":"Cultist","floor":10,"turns":1},{"damage":5,"enemies":"Large Slime","floor":11,"turns":5},{"damage":20,"enemies":"3 Sentries","floor":13,"turns":6},{"damage":1,"enemies":"The Guardian","floor":16,"turns":13},{"damage":0,"enemies":"3 Byrds","floor":18,"turns":3},{"damage":12,"enemies":"2 Thieves","floor":19,"turns":3},{"damage":2,"enemies":"3 Cultists","floor":20,"turns":4},{"damage":3,"enemies":"Centurion and Healer","floor":21,"turns":8},{"damage":8,"enemies":"Cultist and Chosen","floor":22,"turns":7},{"damage":29,"enemies":"Snake Plant","floor":29,"turns":4},{"damage":30,"enemies":"Snecko","floor":30,"turns":4}],"seed_played":"-1706782017214184465","potions_obtained":[{"floor":7,"key":"Swift Potion"},{"floor":10,"key":"Regen Potion"},{"floor":13,"key":"PowerPotion"},{"floor":14,"key":"SkillPotion"},{"floor":18,"key":"Explosive Potion"},{"floor":19,"key":"GhostInAJar"},{"floor":20,"key":"Regen Potion"}],"is_trial":false,"path_per_floor":["M","?","$","?","$","R","M","R","T","M","M","R","E","?","R","B",null,"M","M","M","M","M","R","?","R","T","$","?","M","M"],"character_chosen":"THE_SILENT","items_purchased":["Dagger Spray","Dash","Tingsha","Footwork","Finesse"],"campfire_rested":1,"item_purchase_floors":[3,5,27,27,27],"current_hp_per_floor":[59,59,59,59,59,59,59,59,59,59,54,54,49,49,49,48,62,62,50,48,60,52,52,31,50,50,50,50,21,0],"gold":29,"neow_bonus":"THREE_ENEMY_KILL","is_prod":false,"is_daily":false,"chose_seed":false,"campfire_upgraded":5,"win_rate":0,"timestamp":1560047280,"path_taken":["M","?","$","?","$","R","M","R","T","M","M","R","E","?","R","BOSS","M","M","M","?","M","R","?","R","T","$","?","M","M"],"build_version":"2019-01-23","purchased_purges":3,"victory":false,"max_hp_per_floor":[66,66,66,66,66,66,66,66,66,66,66,66,66,66,66,66,66,66,66,66,66,66,66,66,66,66,66,66,66,66],"card_choices":[{"not_picked":["Prepared","Dodge and Roll"],"picked":"Endless Agony","floor":1},{"not_picked":["Sucker Punch","Eviscerate"],"picked":"Well Laid Plans","floor":7},{"not_picked":["PiercingWail","Well Laid Plans"],"picked":"Blade Dance","floor":10},{"not_picked":["Acrobatics","Bouncing Flask"],"picked":"Distraction","floor":11},{"not_picked":["Bane","Masterful Stab"],"picked":"Blade Dance","floor":13},{"not_picked":["Tools of the Trade","Unload"],"picked":"Envenom","floor":16},{"not_picked":["Blade Dance","Bane"],"picked":"Dagger Throw","floor":18},{"not_picked":["Deadly Poison","Accuracy"],"picked":"Cloak And Dagger+1","floor":19},{"not_picked":["Bane+1","Deadly Poison"],"picked":"Crippling Poison","floor":20},{"not_picked":["Dagger Spray","Eviscerate"],"picked":"Catalyst","floor":21},{"not_picked":["Phantasmal Killer","Reflex+1"],"picked":"Prepared","floor":22},{"not_picked":["Dagger Throw","Flying Knee"],"picked":"Cloak And Dagger+1","floor":29}],"player_experience":1247669,"relics_obtained":[{"floor":9,"key":"Gremlin Horn"},{"floor":13,"key":"Old Coin"},{"floor":24,"key":"Nilry\u0027s Codex"},{"floor":26,"key":"Regal Pillow"}],"event_choices":[{"damage_healed":0,"gold_gain":0,"player_choice":"Take Wound","damage_taken":0,"relics_obtained":["Golden Idol"],"max_hp_gain":0,"max_hp_loss":0,"event_name":"Golden Idol","floor":2,"gold_loss":0,"cards_obtained":["Injury"]},{"damage_healed":0,"gold_gain":150,"player_choice":"AGREE","damage_taken":0,"max_hp_gain":0,"max_hp_loss":0,"event_name":"Liars Game","floor":4,"gold_loss":0,"cards_obtained":["Doubt"]},{"damage_healed":0,"gold_gain":0,"player_choice":"Bought 1 Potion","damage_taken":0,"max_hp_gain":0,"max_hp_loss":0,"event_name":"The Woman in Blue","floor":14,"gold_loss":0},{"damage_healed":0,"gold_gain":0,"player_choice":"Obtained Book","damage_taken":21,"max_hp_gain":0,"max_hp_loss":0,"event_name":"Cursed Tome","floor":24,"gold_loss":0},{"damage_healed":0,"gold_gain":0,"player_choice":"Opened","damage_taken":0,"relics_obtained":["Nunchaku"],"max_hp_gain":0,"max_hp_loss":0,"event_name":"The Mausoleum","floor":28,"gold_loss":0,"cards_obtained":["Writhe"]}],"is_beta":false,"boss_relics":[{"not_picked":["White Beast Statue","Empty Cage"],"picked":"Astrolabe"}],"items_purged_floors":[3,5,27],"is_endless":false,"potions_floor_spawned":[7,10,13,18,19,20],"killed_by":"Snecko","ascension_level":16}