{"gold_per_floor":[116,132,149,74,89,89,89,89,113,124,124,144,144,10,10,10],"floor_reached":16,"playtime":435,"items_purged":["Strike_R"],"score":175,"play_id":"ad646aa4-411f-428a-a0b2-54066b329716","local_time":"20190730192322","is_ascension_mode":true,"campfire_choices":[{"data":"True Grit","floor":6,"key":"SMITH"},{"data":"Bash","floor":8,"key":"SMITH"},{"data":"Infernal Blade","floor":11,"key":"SMITH"},{"data":"Armaments","floor":13,"key":"SMITH"},{"data":"True Grit","floor":15,"key":"SMITH"}],"neow_cost":"NONE","seed_source_timestamp":98359344274100,"circlet_count":0,"master_deck":["AscendersBane","Strike_R","Strike_R","Strike_R","Defend_R","Defend_R","Defend_R","Defend_R","Bash+1","True Grit+1","Warcry","Infernal Blade+1","Anger","Sentinel","Armaments+1","True Grit+1"],"relics":["Burning Blood","Anchor"],"potions_floor_usage":[2,5,12],"damage_taken":[{"damage":9,"enemies":"Jaw Worm","floor":1,"turns":4},{"damage":4,"enemies":"Cultist","floor":2,"turns":5},{"damage":2,"enemies":"Small Slimes","floor":3,"turns":4},{"damage":12,"enemies":"Red Slaver","floor":5,"turns":7},{"damage":11,"enemies":"Exordium Thugs","floor":10,"turns":4},{"damage":3,"enemies":"Blue Slaver","floor":12,"turns":4},{"damage":72,"enemies":"Slime Boss","floor":16,"turns":10}],"seed_played":"-5060624628193146879","potions_obtained":[{"floor":1,"key":"Block Potion"},{"floor":3,"key":"SpeedPotion"},{"floor":10,"key":"SpeedPotion"},{"floor":12,"key":"Ancient Potion"}],"is_trial":false,"path_per_floor":["M","M","M","?","M","R","$","R","T","M","R","M","R","$","R","B"],"character_chosen":"IRONCLAD","items_purchased":["True Grit"],"campfire_rested":0,"item_purchase_floors":[14],"current_hp_per_floor":[72,74,78,78,72,72,72,72,72,67,67,70,70,70,70,0],"gold":10,"neow_bonus":"TEN_PERCENT_HP_BONUS","is_prod":false,"is_daily":false,"chose_seed":false,"campfire_upgraded":5,"win_rate":0,"timestamp":1564507402,"path_taken":["M","M","M","?","M","R","$","R","T","M","R","M","R","?","R","BOSS"],"build_version":"2019-07-17","purchased_purges":1,"victory":false,"max_hp_per_floor":[82,82,82,82,82,82,82,82,82,82,82,82,82,82,82,82],"card_choices":[{"not_picked":["Battle Trance","Carnage"],"picked":"True Grit","floor":1},{"not_picked":["Rupture","Dual Wield"],"picked":"Warcry","floor":2},{"not_picked":["Corruption","Sentinel"],"picked":"Infernal Blade","floor":3},{"not_picked":["True Grit","Twin Strike"],"picked":"Anger","floor":5},{"not_picked":["Hemokinesis","Twin Strike"],"picked":"Sentinel","floor":10},{"not_picked":["Iron Wave","Entrench"],"picked":"Armaments","floor":12}],"player_experience":1768185,"relics_obtained":[{"floor":9,"key":"Anchor"}],"event_choices":[{"cards_removed":["Strike_R"],"damage_healed":0,"gold_gain":0,"player_choice":"Card Removal","damage_taken":0,"max_hp_gain":0,"max_hp_loss":0,"event_name":"The Cleric","floor":4,"gold_loss":75}],"is_beta":false,"boss_relics":[],"items_purged_floors":[14],"is_endless":false,"potions_floor_spawned":[1,3,10,12],"killed_by":"Slime Boss","ascension_level":18}