{"gold_per_floor":[113,113,129,141,291,291,22,38,63,95,109,109,109,109,109,182,182,197,197,197,216,230,230,10,26,49,76,76,76,76,106,106,183,183,203,82,93,93,104,104,131,18,98,125,138,138,138,35,35,35],"floor_reached":50,"playtime":3704,"items_purged":["Doubt"],"score":1043,"play_id":"e81cdcb9-9cb5-4f2f-a731-a1219616dd3e","local_time":"20190808171407","is_ascension_mode":true,"campfire_choices":[{"data":"True Grit","floor":6,"key":"SMITH"},{"data":"Apotheosis","floor":13,"key":"SMITH"},{"floor":15,"key":"REST"},{"data":"Corruption","floor":23,"key":"SMITH"},{"data":"Feel No Pain","floor":28,"key":"SMITH"},{"floor":30,"key":"REST"},{"floor":32,"key":"REST"},{"data":"Discovery","floor":40,"key":"SMITH"},{"floor":46,"key":"REST"},{"floor":49,"key":"REST"}],"neow_cost":"NONE","seed_source_timestamp":516299502977000,"circlet_count":0,"master_deck":["AscendersBane","Bash+1","Clash","Impervious","Corruption+1","True Grit+1","Apotheosis+1","Feel No Pain+1","Shockwave","Anger","Limit Break","Searing Blow","Wild Strike","Body Slam","Cleave","Heavy Blade","Shrug It Off","Burning Pact","Wild Strike","Twin Strike","Warcry","Anger","Fiend Fire","Discovery+1","Slice+1","Core Surge","Gash","Dual Wield","Fire Breathing","True Grit","Flex","Headbutt","Heavy Blade","Forethought","Spot Weakness","Iron Wave"],"relics":["Burning Blood","Bag of Preparation","Omamori","Centennial Puzzle","Pandora\u0027s Box","Magic Flower","PrismaticShard","Happy Flower","Oddly Smooth Stone","Lantern","Busted Crown","Art of War","Question Card","Frozen Egg 2"],"potions_floor_usage":[11,25,31,33,33,41,50,50],"damage_taken":[{"damage":6,"enemies":"Cultist","floor":1,"turns":3},{"damage":7,"enemies":"Small Slimes","floor":3,"turns":4},{"damage":4,"enemies":"2 Louse","floor":4,"turns":3},{"damage":0,"enemies":"Large Slime","floor":8,"turns":7},{"damage":24,"enemies":"3 Sentries","floor":10,"turns":17},{"damage":4,"enemies":"Blue Slaver","floor":11,"turns":6},{"damage":29,"enemies":"Slime Boss","floor":16,"turns":13},{"damage":21,"enemies":"2 Thieves","floor":18,"turns":3},{"damage":19,"enemies":"Spheric Guardian","floor":21,"turns":4},{"damage":10,"enemies":"Centurion and Healer","floor":22,"turns":4},{"damage":6,"enemies":"3 Cultists","floor":25,"turns":3},{"damage":3,"enemies":"Gremlin Leader","floor":27,"turns":5},{"damage":33,"enemies":"Book of Stabbing","floor":31,"turns":5},{"damage":17,"enemies":"Collector","floor":33,"turns":5},{"damage":12,"enemies":"Orb Walker","floor":35,"turns":3},{"damage":6,"enemies":"3 Shapes","floor":37,"turns":6},{"damage":13,"enemies":"Spire Growth","floor":39,"turns":3},{"damage":17,"enemies":"Giant Head","floor":41,"turns":6},{"damage":57,"enemies":"Nemesis","floor":44,"turns":7},{"damage":11,"enemies":"Maw","floor":45,"turns":6},{"damage":70,"enemies":"Awakened One","floor":50,"turns":3}],"seed_played":"-6044434166576363479","potions_obtained":[{"floor":8,"key":"Dexterity Potion"},{"floor":11,"key":"Fruit Juice"},{"floor":22,"key":"SkillPotion"},{"floor":25,"key":"FearPotion"},{"floor":31,"key":"Block Potion"},{"floor":33,"key":"SmokeBomb"},{"floor":35,"key":"Energy Potion"},{"floor":37,"key":"LiquidBronze"},{"floor":45,"key":"Strength Potion"}],"is_trial":false,"path_per_floor":["M","?","M","M","?","R","$","M","T","E","M","?","R","?","R","B",null,"M","?","?","M","M","R","$","M","T","E","R","?","R","E","R","B",null,"M","$","M","?","M","R","E","$","T","E","M","R","?","$","R","B"],"character_chosen":"IRONCLAD","items_purchased":["Apotheosis","PrismaticShard","Dual Wield","Fire Breathing","Flex","Headbutt","Spot Weakness","Iron Wave"],"campfire_rested":5,"item_purchase_floors":[7,24,36,36,42,42,48,48],"current_hp_per_floor":[68,68,67,69,69,69,69,75,75,57,64,40,40,45,70,47,76,61,61,61,51,50,50,50,53,53,59,59,54,79,55,80,72,82,79,79,82,82,78,78,70,70,70,22,20,45,45,45,70,0],"gold":35,"neow_bonus":"RANDOM_COMMON_RELIC","is_prod":false,"is_daily":false,"chose_seed":false,"campfire_upgraded":5,"win_rate":0,"timestamp":1565277247,"path_taken":["M","?","M","?","?","R","$","M","T","E","M","?","R","?","R","BOSS","M","?","?","?","M","R","$","M","T","E","R","?","R","E","R","BOSS","M","?","M","?","?","R","E","$","T","E","M","R","?","$","R","BOSS"],"build_version":"2019-07-17","purchased_purges":1,"victory":false,"max_hp_per_floor":[75,75,75,75,75,75,75,75,75,75,80,80,80,85,85,85,85,85,85,85,85,85,85,85,85,85,85,85,85,85,85,85,85,85,85,85,85,85,85,85,85,85,85,85,85,85,85,85,85,85],"card_choices":[{"not_picked":["Twin Strike","Reckless Charge"],"picked":"Clash","floor":1},{"not_picked":["Sword Boomerang","True Grit"],"picked":"Corruption","floor":3},{"not_picked":["Headbutt","Iron Wave"],"picked":"True Grit","floor":4},{"not_picked":["Sword Boomerang","Cleave"],"picked":"Feel No Pain","floor":8},{"not_picked":["Corruption","Rage"],"picked":"Shockwave","floor":10},{"not_picked":["Searing Blow","Headbutt"],"picked":"Anger","floor":11},{"not_picked":["Brutality","Feed"],"picked":"Limit Break","floor":16},{"not_picked":["Pommel Strike","Perfected Strike"],"picked":"Burning Pact","floor":18},{"not_picked":["Shockwave","Rage"],"picked":"Warcry","floor":21},{"not_picked":["Warcry+1","Blood for Blood"],"picked":"Anger","floor":22},{"not_picked":["Glacier","Backflip"],"picked":"Fiend Fire","floor":25},{"not_picked":["Masterful Stab","FTL"],"picked":"Discovery","floor":27},{"not_picked":["Trip","Perfected Strike"],"picked":"Slice+1","floor":31},{"not_picked":["Unload","Sadistic Nature"],"picked":"Core Surge","floor":33},{"not_picked":[],"picked":"Gash","floor":35},{"not_picked":["Intimidate"],"picked":"SKIP","floor":37},{"not_picked":[],"picked":"True Grit","floor":39},{"not_picked":["Eviscerate+1"],"picked":"SKIP","floor":41},{"not_picked":["Fusion"],"picked":"Heavy Blade","floor":44},{"not_picked":["Ball Lightning","Loop+1"],"picked":"SKIP","floor":45},{"not_picked":["Mind Blast"],"picked":"Forethought","floor":47}],"player_experience":1820621,"relics_obtained":[{"floor":9,"key":"Omamori"},{"floor":10,"key":"Centennial Puzzle"},{"floor":26,"key":"Happy Flower"},{"floor":27,"key":"Oddly Smooth Stone"},{"floor":31,"key":"Lantern"},{"floor":41,"key":"Art of War"},{"floor":43,"key":"Question Card"},{"floor":44,"key":"Frozen Egg 2"}],"event_choices":[{"damage_healed":0,"gold_gain":0,"cards_transformed":["Defend_R"],"player_choice":"Transformed","damage_taken":0,"max_hp_gain":0,"max_hp_loss":0,"event_name":"Transmorgrifier","floor":2,"gold_loss":0,"cards_obtained":["Impervious"]},{"damage_healed":0,"gold_gain":150,"player_choice":"AGREE","damage_taken":0,"max_hp_gain":0,"max_hp_loss":0,"event_name":"Liars Game","floor":5,"gold_loss":0,"cards_obtained":["Doubt"]},{"damage_healed":0,"gold_gain":0,"player_choice":"Entered Light","damage_taken":24,"max_hp_gain":0,"max_hp_loss":0,"event_name":"Shining Light","floor":12,"gold_loss":0,"cards_upgraded":["Bash","Strike_R"]},{"damage_healed":0,"gold_gain":0,"player_choice":"Donut","damage_taken":0,"max_hp_gain":5,"max_hp_loss":0,"event_name":"Big Fish","floor":14,"gold_loss":0},{"damage_healed":0,"gold_gain":0,"player_choice":"Opened","damage_taken":0,"relics_obtained":["Magic Flower"],"max_hp_gain":0,"max_hp_loss":0,"event_name":"The Mausoleum","floor":19,"gold_loss":0,"cards_obtained":["Writhe"]},{"damage_healed":0,"gold_gain":0,"cards_transformed":["Combust","Rupture"],"player_choice":"Became Test Subject","damage_taken":0,"max_hp_gain":0,"max_hp_loss":0,"event_name":"Drug Dealer","floor":20,"gold_loss":0,"cards_obtained":["Wild Strike","Twin Strike"]},{"damage_healed":0,"gold_gain":0,"player_choice":"Punched","damage_taken":5,"max_hp_gain":0,"max_hp_loss":0,"event_name":"Designer","floor":29,"gold_loss":0},{"damage_healed":0,"gold_gain":0,"player_choice":"Got Potions","damage_taken":0,"max_hp_gain":0,"max_hp_loss":0,"event_name":"Lab","floor":38,"gold_loss":0},{"damage_healed":0,"gold_gain":0,"player_choice":"Memory 1","damage_taken":0,"max_hp_gain":0,"max_hp_loss":0,"event_name":"SensoryStone","floor":47,"gold_loss":0}],"is_beta":false,"boss_relics":[{"not_picked":["Black Blood","Black Star"],"picked":"Pandora\u0027s Box"},{"not_picked":["Cursed Key","Philosopher\u0027s Stone"],"picked":"Busted Crown"}],"items_purged_floors":[7],"is_endless":false,"potions_floor_spawned":[8,11,22,25,31,33,35,37,45],"killed_by":"Awakened One","ascension_level":18}