{"gold_per_floor":[114,114,134,160,170,170,12,27,75,25,25,36,36,64,64,141,141,154,154,244,256,256],"floor_reached":22,"playtime":557,"items_purged":["Strike_B"],"score":445,"play_id":"759c2f10-aaaa-432f-b028-6cefaa2db24b","local_time":"20181104145123","is_ascension_mode":true,"campfire_choices":[{"data":"Go for the Eyes","floor":6,"key":"SMITH"},{"data":"Rip and Tear","floor":11,"key":"SMITH"},{"data":"Chaos","floor":13,"key":"SMITH"},{"data":"Ball Lightning","floor":15,"key":"SMITH"}],"neow_cost":"NONE","seed_source_timestamp":627189252820283,"circlet_count":0,"master_deck":["AscendersBane","Strike_B+1","Strike_B+1","Strike_B","Defend_B","Defend_B","Defend_B","Defend_B","Zap","Dualcast","Rip and Tear+1","Chaos+1","Go for the Eyes+1","Gash","Ball Lightning+1","All For One","Consume","Flash of Steel","Capacitor"],"relics":["Cracked Core","Whetstone","Smiling Mask","Blood Vial","Lantern","Symbiotic Virus","Cursed Key","MutagenicStrength"],"potions_floor_usage":[16,21],"damage_taken":[{"damage":10,"enemies":"Small Slimes","floor":1,"turns":3},{"damage":7,"enemies":"Jaw Worm","floor":3,"turns":2},{"damage":0,"enemies":"Cultist","floor":5,"turns":2},{"damage":3,"enemies":"Looter","floor":8,"turns":2},{"damage":7,"enemies":"3 Louse","floor":12,"turns":2},{"damage":29,"enemies":"Gremlin Nob","floor":14,"turns":4},{"damage":0,"enemies":"Slime Boss","floor":16,"turns":6},{"damage":6,"enemies":"Spheric Guardian","floor":18,"turns":3},{"damage":16,"enemies":"Shell Parasite","floor":21,"turns":3},{"damage":36,"enemies":"Colosseum Slavers","floor":22,"turns":3}],"seed_played":"1856142250034659879","potions_obtained":[{"floor":5,"key":"FearPotion"},{"floor":8,"key":"SkillPotion"},{"floor":18,"key":"Explosive Potion"}],"is_trial":false,"path_per_floor":["M","?","M","T","M","R","$","M","T","$","R","M","R","E","R","B",null,"M","?","?","M","?"],"character_chosen":"DEFECT","items_purchased":["Blood Vial"],"campfire_rested":0,"item_purchase_floors":[7],"current_hp_per_floor":[54,59,52,52,52,52,52,51,51,51,51,46,46,19,19,21,62,58,58,37,23,0],"gold":256,"neow_bonus":"RANDOM_COMMON_RELIC","is_prod":false,"is_daily":false,"chose_seed":false,"campfire_upgraded":4,"win_rate":0,"timestamp":1541343083,"path_taken":["M","?","M","?","M","R","$","M","T","$","R","?","R","E","R","BOSS","M","?","?","?","?"],"build_version":"2018-11-01","purchased_purges":1,"victory":false,"max_hp_per_floor":[71,76,76,76,76,76,76,76,76,76,76,76,76,76,76,76,76,76,76,76,76,76],"card_choices":[{"not_picked":["Rebound","Chill"],"picked":"Rip and Tear","floor":1},{"not_picked":["Coolheaded","Rebound"],"picked":"Chaos","floor":3},{"not_picked":["Lockon","Auto Shields"],"picked":"Go for the Eyes","floor":5},{"not_picked":["Lockon","Leap","Chaos"],"picked":"SKIP","floor":8},{"not_picked":["Rip and Tear","Fusion"],"picked":"Gash","floor":12},{"not_picked":["Self Repair","Skim"],"picked":"Ball Lightning","floor":14},{"not_picked":["Fission","Rainbow"],"picked":"All For One","floor":16},{"not_picked":["Aggregate","Hologram"],"picked":"Consume","floor":18},{"not_picked":["Conserve Battery","Beam Cell"],"picked":"Capacitor","floor":21}],"player_experience":969391,"relics_obtained":[{"floor":4,"key":"Smiling Mask"},{"floor":9,"key":"Lantern"},{"floor":14,"key":"Symbiotic Virus"}],"event_choices":[{"damage_healed":0,"gold_gain":0,"player_choice":"Donut","damage_taken":0,"max_hp_gain":5,"max_hp_loss":0,"event_name":"Big Fish","floor":2,"gold_loss":0},{"damage_healed":0,"gold_gain":0,"player_choice":"Inject Mutagens","damage_taken":0,"relics_obtained":["MutagenicStrength"],"max_hp_gain":0,"max_hp_loss":0,"event_name":"Drug Dealer","floor":19,"gold_loss":0},{"damage_healed":0,"gold_gain":90,"player_choice":"GOLD CARD ","damage_taken":21,"max_hp_gain":0,"max_hp_loss":0,"event_name":"Knowing Skull","floor":20,"potions_obtained":[],"gold_loss":0,"cards_obtained":["Flash of Steel"]},{"damage_healed":0,"gold_gain":90,"player_choice":"GOLD CARD ","damage_taken":21,"max_hp_gain":0,"max_hp_loss":0,"event_name":"Knowing Skull","floor":20,"potions_obtained":[],"gold_loss":0,"cards_obtained":["Flash of Steel"]},{"damage_healed":0,"gold_gain":0,"player_choice":"Fight","damage_taken":0,"max_hp_gain":0,"max_hp_loss":0,"event_name":"Colosseum","floor":22,"gold_loss":0}],"is_beta":false,"boss_relics":[{"not_picked":["Calling Bell","Runic Dome"],"picked":"Cursed Key"}],"items_purged_floors":[10],"is_endless":false,"potions_floor_spawned":[5,8,12,18],"killed_by":"Colosseum Slavers","ascension_level":18}