{"gold_per_floor":[119,119,69,84,101,131,49,49,100,78,97,117,117,127,127,232,232,232,232,232,187,187,187,187,187,187,187,187,187,84,84,84,84],"floor_reached":33,"playtime":2763,"items_purged":[],"score":347,"play_id":"d17a924b-2279-425f-ba83-4891a016e2a8","local_time":"20180815231308","is_ascension_mode":true,"campfire_choices":[{"floor":8,"key":"REST"},{"data":"Darkness","floor":13,"key":"SMITH"},{"floor":15,"key":"REST"},{"floor":23,"key":"REST"},{"floor":25,"key":"REST"},{"data":"Multi-Cast","floor":27,"key":"SMITH"},{"data":"Beam Cell","floor":29,"key":"SMITH"},{"floor":32,"key":"REST"}],"neow_cost":"NONE","seed_source_timestamp":600294014493176,"circlet_count":0,"master_deck":["Strike_B","Strike_B","Defend_B","Defend_B","Defend_B","Defend_B","Zap","Dualcast","Gash","Core Surge","Leap","Conserve Battery","Scrape","Coolheaded","Stack","Darkness+1","Multi-Cast+1","Rainbow","Fusion+1","Barrage+1","Beam Cell+1","Gash","Bandage Up","Buffer"],"relics":["Cracked Core","NeowsBlessing","Centennial Puzzle","Happy Flower","Ectoplasm","NlothsMask","Omamori"],"potions_floor_usage":[16,16,28,31],"damage_taken":[{"damage":0,"enemies":"2 Louse","floor":1,"turns":1},{"damage":0,"enemies":"Small Slimes","floor":4,"turns":1},{"damage":0,"enemies":"Cultist","floor":5,"turns":1},{"damage":32,"enemies":"Gremlin Nob","floor":6,"turns":5},{"damage":6,"enemies":"Large Slime","floor":11,"turns":6},{"damage":0,"enemies":"Exordium Wildlife","floor":12,"turns":3},{"damage":3,"enemies":"Looter","floor":14,"turns":4},{"damage":26,"enemies":"Hexaghost","floor":16,"turns":7},{"damage":11,"enemies":"3 Byrds","floor":18,"turns":5},{"damage":19,"enemies":"2 Thieves","floor":21,"turns":4},{"damage":13,"enemies":"Centurion and Healer","floor":22,"turns":7},{"damage":6,"enemies":"Chosen and Byrds","floor":24,"turns":4},{"damage":8,"enemies":"Snecko","floor":28,"turns":4},{"damage":19,"enemies":"Slavers","floor":31,"turns":6},{"damage":73,"enemies":"Automaton","floor":33,"turns":6}],"seed_played":"-7531040011500657848","potions_obtained":[{"floor":4,"key":"LiquidBronze"},{"floor":6,"key":"Dexterity Potion"},{"floor":12,"key":"SteroidPotion"},{"floor":21,"key":"Swift Potion"},{"floor":22,"key":"Block Potion"},{"floor":31,"key":"FearPotion"}],"is_trial":false,"path_per_floor":["M","?","?","M","M","E","$","R","T","$","M","M","R","M","R","B",null,"M","?","?","M","M","R","M","R","T","R","M","R","$","E","R"],"character_chosen":"DEFECT","items_purchased":["Scrape","Coolheaded","Bandage Up"],"campfire_rested":5,"item_purchase_floors":[7,10,30],"current_hp_per_floor":[68,61,61,61,61,29,29,51,51,51,45,45,45,42,64,38,66,55,55,55,36,23,45,39,61,61,61,53,53,53,38,60,0],"gold":84,"neow_bonus":"THREE_ENEMY_KILL","is_prod":false,"is_daily":false,"chose_seed":false,"campfire_upgraded":3,"win_rate":0,"timestamp":1534371188,"path_taken":["M","?","?","?","M","E","$","R","T","$","M","M","R","M","R","BOSS","M","?","?","M","M","R","M","R","T","R","M","R","$","E","R","BOSS"],"build_version":"2018-08-09","purchased_purges":0,"victory":false,"max_hp_per_floor":[75,75,75,75,75,75,75,75,75,75,75,75,75,75,75,75,75,75,75,75,75,75,75,75,75,75,75,75,75,75,75,75,75],"card_choices":[{"not_picked":["Turbo","Beam Cell"],"picked":"Gash","floor":1},{"not_picked":["Coolheaded","Sweeping Beam"],"picked":"Core Surge","floor":4},{"not_picked":["Darkness","Redo"],"picked":"Leap","floor":5},{"not_picked":["Redo","Leap"],"picked":"Conserve Battery","floor":6},{"not_picked":["Heatsinks","Cold Snap"],"picked":"Stack","floor":11},{"not_picked":["Turbo","Hologram"],"picked":"Darkness","floor":12},{"not_picked":["Cold Snap","Self Repair"],"picked":"Multi-Cast","floor":14},{"not_picked":["Buffer","Amplify"],"picked":"Rainbow","floor":16},{"not_picked":["Consume","Rebound","Rip and Tear"],"picked":"SKIP","floor":18},{"not_picked":["Cold Snap","Turbo"],"picked":"Fusion+1","floor":21},{"not_picked":["Streamline","Tempest+1"],"picked":"Barrage+1","floor":22},{"not_picked":["Steam","Leap"],"picked":"Beam Cell","floor":24},{"not_picked":["Force Field+1","Storm"],"picked":"Gash","floor":28},{"not_picked":["Undo+1","Barrage+1"],"picked":"Buffer","floor":31}],"player_experience":571501,"relics_obtained":[{"floor":6,"key":"Centennial Puzzle"},{"floor":9,"key":"Happy Flower"},{"floor":31,"key":"Omamori"}],"event_choices":[{"event_name":"Golden Wing","player_choice":"Card Removal","floor":2,"damage_taken":0},{"event_name":"The Cleric","player_choice":"Card Removal","floor":3,"damage_taken":0},{"event_name":"FaceTrader","player_choice":"Trade","floor":19,"damage_taken":0},{"event_name":"Ghosts","player_choice":"Ignored","floor":20,"damage_taken":0}],"is_beta":false,"boss_relics":[{"not_picked":["Pandora\u0027s Box","FrozenCore"],"picked":"Ectoplasm"}],"items_purged_floors":[],"is_endless":false,"potions_floor_spawned":[4,6,12,14,21,22,31],"killed_by":"Automaton","ascension_level":6}