{"gold_per_floor":[116,136,61,61,61,91,91,119,144,157,170,203,203,203,203,281,281,291,269,269,282,64,64,97,97,97,97],"floor_reached":27,"playtime":7207,"items_purged":["Strike_R","Strike_R"],"score":507,"play_id":"3ca35277-2a01-4959-9dfd-73ad446a6a87","local_time":"20190702223149","is_ascension_mode":true,"campfire_choices":[{"data":"Bash","floor":7,"key":"SMITH"},{"data":"Armaments","floor":13,"key":"SMITH"},{"data":"Metallicize","floor":15,"key":"SMITH"},{"floor":23,"key":"REST"},{"data":"Corruption","floor":25,"key":"SMITH"}],"neow_cost":"NONE","seed_source_timestamp":1283426365452800,"circlet_count":0,"master_deck":["AscendersBane","Strike_R","Strike_R","Defend_R","Defend_R","Defend_R","Defend_R","Bash+1","Corruption+1","Flex","Pummel","Iron Wave","Metallicize+1","Iron Wave","Armaments+1","Clothesline","Double Tap","Metallicize","Anger+1","RitualDagger","Body Slam","Metallicize","Juggernaut"],"relics":["Burning Blood","NeowsBlessing","Red Skull","Oddly Smooth Stone","Anchor","Dodecahedron","Busted Crown","Letter Opener","Self Forming Clay"],"potions_floor_usage":[10,12,12,16,24,24],"damage_taken":[{"damage":0,"enemies":"Small Slimes","floor":1,"turns":1},{"damage":0,"enemies":"2 Louse","floor":2,"turns":1},{"damage":0,"enemies":"3 Sentries","floor":6,"turns":2},{"damage":20,"enemies":"Lagavulin","floor":8,"turns":6},{"damage":0,"enemies":"Cultist","floor":10,"turns":4},{"damage":13,"enemies":"2 Fungi Beasts","floor":11,"turns":4},{"damage":28,"enemies":"3 Sentries","floor":12,"turns":13},{"damage":18,"enemies":"The Guardian","floor":16,"turns":12},{"damage":42,"enemies":"3 Byrds","floor":18,"turns":9},{"damage":3,"enemies":"2 Thieves","floor":19,"turns":4},{"damage":30,"enemies":"Shelled Parasite and Fungi","floor":21,"turns":5},{"damage":47,"enemies":"Gremlin Leader","floor":24,"turns":7},{"damage":20,"enemies":"Centurion and Healer","floor":27,"turns":4}],"seed_played":"2334566108414848450","potions_obtained":[{"floor":1,"key":"Energy Potion"},{"floor":8,"key":"Ancient Potion"},{"floor":10,"key":"Swift Potion"},{"floor":11,"key":"Block Potion"},{"floor":14,"key":"Block Potion"},{"floor":14,"key":"FairyPotion"},{"floor":21,"key":"PowerPotion"}],"is_trial":false,"path_per_floor":["M","M","$","?","?","E","R","E","T","M","M","E","R","?","R","B",null,"M","M","?","M","$","R","E","R","T","M"],"character_chosen":"IRONCLAD","items_purchased":["BloodPotion","Metallicize"],"campfire_rested":1,"item_purchase_floors":[22,22],"current_hp_per_floor":[74,75,75,80,80,80,80,66,66,72,65,43,43,43,43,31,68,32,35,29,14,14,38,17,17,17,0],"gold":97,"neow_bonus":"THREE_ENEMY_KILL","is_prod":false,"is_daily":false,"chose_seed":false,"campfire_upgraded":4,"win_rate":0,"timestamp":1562099509,"path_taken":["M","M","$","?","?","E","R","E","T","?","M","E","R","?","R","BOSS","M","?","?","M","$","R","E","R","T","M"],"build_version":"2019-07-01","purchased_purges":2,"victory":false,"max_hp_per_floor":[75,75,75,80,80,80,80,80,80,80,80,80,80,80,80,80,80,80,80,80,80,80,80,80,80,80,80],"card_choices":[{"not_picked":["Intimidate","Havoc"],"picked":"Corruption","floor":1},{"not_picked":["Heavy Blade","Dual Wield"],"picked":"Flex","floor":2},{"not_picked":["Evolve","Perfected Strike"],"picked":"Iron Wave","floor":6},{"not_picked":["Rupture","Uppercut"],"picked":"Metallicize","floor":8},{"not_picked":["Flex","Twin Strike"],"picked":"Iron Wave","floor":10},{"not_picked":["Sentinel","Havoc"],"picked":"Armaments","floor":11},{"not_picked":["Shrug It Off","Fire Breathing"],"picked":"Clothesline","floor":12},{"not_picked":["Exhume","Feed"],"picked":"Double Tap","floor":16},{"not_picked":[],"picked":"Metallicize","floor":18},{"not_picked":[],"picked":"Anger+1","floor":19},{"not_picked":[],"picked":"Body Slam","floor":21},{"not_picked":[],"picked":"Juggernaut","floor":24}],"player_experience":1550706,"relics_obtained":[{"floor":6,"key":"Red Skull"},{"floor":8,"key":"Oddly Smooth Stone"},{"floor":9,"key":"Anchor"},{"floor":12,"key":"Dodecahedron"},{"floor":24,"key":"Letter Opener"},{"floor":26,"key":"Self Forming Clay"}],"event_choices":[{"damage_healed":0,"gold_gain":0,"player_choice":"Donut","damage_taken":0,"max_hp_gain":5,"max_hp_loss":0,"event_name":"Big Fish","floor":4,"gold_loss":0},{"damage_healed":0,"gold_gain":0,"cards_transformed":["Strike_R"],"player_choice":"Transformed","damage_taken":0,"max_hp_gain":0,"max_hp_loss":0,"event_name":"Transmorgrifier","floor":5,"gold_loss":0,"cards_obtained":["Pummel"]},{"damage_healed":0,"gold_gain":0,"player_choice":"Got Potions","damage_taken":0,"max_hp_gain":0,"max_hp_loss":0,"event_name":"Lab","floor":14,"gold_loss":0},{"damage_healed":0,"gold_gain":0,"player_choice":"Joined the Cult","damage_taken":6,"max_hp_gain":0,"max_hp_loss":0,"event_name":"Nest","floor":20,"gold_loss":0,"cards_obtained":["RitualDagger"]}],"is_beta":false,"boss_relics":[{"not_picked":["Runic Pyramid","Sozu"],"picked":"Busted Crown"}],"items_purged_floors":[3,22],"is_endless":false,"potions_floor_spawned":[1,8,10,11,21],"killed_by":"Centurion and Healer","ascension_level":17}