{"gold_per_floor":[119,119,130,150,50,50,82,47,47,107,107,107,142,160,160,231,231,243,1,19,33,33,33,60,60,60,75,90,90],"floor_reached":29,"playtime":1413,"items_purged":["Strike_R","Strike_R"],"score":481,"play_id":"be30547b-fba4-4fb7-85be-7c28e88e0a45","local_time":"20190808210503","is_ascension_mode":true,"campfire_choices":[{"data":"Armaments","floor":6,"key":"SMITH"},{"floor":12,"key":"REST"},{"floor":15,"key":"REST"},{"floor":23,"key":"REST"},{"floor":25,"key":"REST"}],"neow_cost":"NONE","seed_source_timestamp":532450603320500,"circlet_count":0,"master_deck":["AscendersBane","Strike_R","Strike_R","Strike_R","Defend_R","Defend_R","Defend_R","Defend_R","Bash","Ghostly Armor","True Grit","Armaments+1","Thunderclap","Inflame+1","Rage","Evolve","Entrench","Battle Trance","Exhume","Anger","Heavy Blade","Sadistic Nature","Heavy Blade","Spot Weakness","Anger","Metallicize","Shockwave","True Grit+1","Flame Barrier","Headbutt"],"relics":["Burning Blood","Peace Pipe","Centennial Puzzle","Mummified Hand","Prayer Wheel","The Courier","Paper Frog","Runic Pyramid","Singing Bowl","Gremlin Horn"],"potions_floor_usage":[3,10,16,16,24,28,29],"damage_taken":[{"damage":4,"enemies":"2 Louse","floor":1,"turns":3},{"damage":1,"enemies":"Cultist","floor":3,"turns":4},{"damage":9,"enemies":"Jaw Worm","floor":4,"turns":4},{"damage":62,"enemies":"Gremlin Nob","floor":7,"turns":5},{"damage":34,"enemies":"Lagavulin Event","floor":10,"turns":6},{"damage":32,"enemies":"Lagavulin","floor":13,"turns":7},{"damage":1,"enemies":"2 Fungi Beasts","floor":14,"turns":3},{"damage":23,"enemies":"The Guardian","floor":16,"turns":14},{"damage":21,"enemies":"2 Thieves","floor":18,"turns":5},{"damage":8,"enemies":"Chosen","floor":20,"turns":6},{"damage":49,"enemies":"Sentry and Sphere","floor":21,"turns":6},{"damage":31,"enemies":"Gremlin Leader","floor":24,"turns":6},{"damage":3,"enemies":"Cultist and Chosen","floor":27,"turns":5},{"damage":14,"enemies":"Centurion and Healer","floor":28,"turns":4},{"damage":30,"enemies":"Book of Stabbing","floor":29,"turns":3}],"seed_played":"-1091056119924959252","potions_obtained":[{"floor":1,"key":"Energy Potion"},{"floor":3,"key":"SteroidPotion"},{"floor":13,"key":"SpeedPotion"},{"floor":14,"key":"SkillPotion"},{"floor":18,"key":"EssenceOfSteel"},{"floor":24,"key":"Block Potion"},{"floor":27,"key":"SteroidPotion"}],"is_trial":false,"path_per_floor":["M","?","M","M","$","R","E","?","T","?","T","R","E","M","R","B",null,"M","$","M","M","?","R","E","R","T","M","M","E"],"character_chosen":"IRONCLAD","items_purchased":["Thunderclap","Sadistic Nature"],"campfire_rested":4,"item_purchase_floors":[5,19],"current_hp_per_floor":[77,77,82,79,79,79,23,43,43,15,15,39,13,18,42,25,68,53,53,51,8,8,32,9,34,34,37,29,0],"gold":90,"neow_bonus":"TEN_PERCENT_HP_BONUS","is_prod":false,"is_daily":false,"chose_seed":false,"campfire_upgraded":1,"win_rate":0,"timestamp":1565291103,"path_taken":["M","?","M","M","?","R","E","?","T","?","?","R","E","M","R","BOSS","M","$","M","M","?","R","E","R","T","M","?","E"],"build_version":"2019-07-17","purchased_purges":2,"victory":false,"max_hp_per_floor":[82,82,82,82,82,82,82,82,82,82,82,82,82,82,82,82,82,82,82,82,82,82,82,84,84,84,84,84,84],"card_choices":[{"not_picked":["Wild Strike","Burning Pact"],"picked":"Ghostly Armor","floor":1},{"not_picked":["Clash","Warcry"],"picked":"True Grit","floor":3},{"not_picked":["Shrug It Off","Sever Soul"],"picked":"Armaments","floor":4},{"not_picked":["Dropkick","Disarm"],"picked":"Inflame","floor":7},{"not_picked":["Thunderclap","Infernal Blade"],"picked":"Rage","floor":10},{"not_picked":["Shrug It Off","Sword Boomerang"],"picked":"Evolve","floor":13},{"not_picked":["Wild Strike","Bloodletting"],"picked":"Entrench","floor":14},{"not_picked":["Headbutt","Iron Wave"],"picked":"Battle Trance","floor":14},{"not_picked":["Berserk","Impervious"],"picked":"Exhume","floor":16},{"not_picked":["Fire Breathing","Cleave"],"picked":"Anger","floor":18},{"not_picked":["Thunderclap","Dropkick"],"picked":"Heavy Blade","floor":18},{"not_picked":["Havoc","Sword Boomerang"],"picked":"Heavy Blade","floor":20},{"not_picked":["Clash+1","Clothesline"],"picked":"Spot Weakness","floor":20},{"not_picked":["Clothesline","Perfected Strike"],"picked":"Anger","floor":21},{"not_picked":["Combust","Sever Soul+1"],"picked":"Metallicize","floor":21},{"not_picked":["Searing Blow","Rage","Exhume"],"picked":"Singing Bowl","floor":24},{"not_picked":["Iron Wave","Thunderclap+1"],"picked":"Shockwave","floor":27},{"not_picked":["Reckless Charge","Twin Strike"],"picked":"True Grit+1","floor":27},{"not_picked":["Warcry","Hemokinesis"],"picked":"Flame Barrier","floor":28},{"not_picked":["Thunderclap","Warcry"],"picked":"Headbutt","floor":28}],"player_experience":1835915,"relics_obtained":[{"floor":2,"key":"Peace Pipe"},{"floor":7,"key":"Centennial Puzzle"},{"floor":9,"key":"Mummified Hand"},{"floor":10,"key":"Prayer Wheel"},{"floor":11,"key":"The Courier"},{"floor":13,"key":"Paper Frog"},{"floor":24,"key":"Singing Bowl"},{"floor":26,"key":"Gremlin Horn"}],"event_choices":[{"damage_healed":0,"gold_gain":0,"player_choice":"Relic","damage_taken":0,"max_hp_gain":0,"max_hp_loss":0,"event_name":"Wheel of Change","floor":2,"gold_loss":0},{"damage_healed":20,"gold_gain":0,"player_choice":"Healed","damage_taken":0,"max_hp_gain":0,"max_hp_loss":0,"event_name":"The Cleric","floor":8,"gold_loss":35},{"damage_healed":0,"gold_gain":0,"player_choice":"Searched \u00271\u0027 times","damage_taken":0,"max_hp_gain":0,"max_hp_loss":0,"event_name":"Dead Adventurer","floor":10,"gold_loss":0},{"damage_healed":0,"gold_gain":0,"player_choice":"Forge","damage_taken":0,"max_hp_gain":0,"max_hp_loss":0,"event_name":"Accursed Blacksmith","floor":22,"gold_loss":0,"cards_upgraded":["Inflame"]}],"is_beta":false,"boss_relics":[{"not_picked":["Tiny House","Black Star"],"picked":"Runic Pyramid"}],"items_purged_floors":[5,19],"is_endless":false,"potions_floor_spawned":[1,3,13,14,18,24,27],"killed_by":"Book of Stabbing","ascension_level":18}