{"gold_per_floor":[110,110,110,35,47,80,80,98,125,125,153,170,205,101,101,101],"floor_reached":16,"playtime":506,"items_purged":["Strike_R"],"score":272,"play_id":"413aa07f-46e1-4b95-96dd-2a411790a7e5","local_time":"20190812215739","is_ascension_mode":true,"campfire_choices":[{"data":"Bash","floor":7,"key":"SMITH"},{"data":"Dark Embrace","floor":10,"key":"SMITH"},{"floor":15,"key":"REST"}],"neow_cost":"NONE","seed_source_timestamp":882119173974700,"circlet_count":0,"master_deck":["AscendersBane","Strike_R","Strike_R","Strike_R","Defend_R","Defend_R","Defend_R","Defend_R","Bash+1","Thunderclap","Shrug It Off","Dark Embrace+1","Flex","Inflame","Metallicize","Corruption","Shrug It Off"],"relics":["Burning Blood","NeowsBlessing","Vajra","Boot","FossilizedHelix","Centennial Puzzle"],"potions_floor_usage":[11],"damage_taken":[{"damage":0,"enemies":"Small Slimes","floor":1,"turns":1},{"damage":0,"enemies":"Cultist","floor":5,"turns":1},{"damage":0,"enemies":"3 Sentries","floor":6,"turns":2},{"damage":2,"enemies":"2 Louse","floor":8,"turns":3},{"damage":32,"enemies":"Gremlin Nob","floor":11,"turns":4},{"damage":28,"enemies":"Large Slime","floor":12,"turns":7},{"damage":16,"enemies":"3 Sentries","floor":13,"turns":8},{"damage":48,"enemies":"The Guardian","floor":16,"turns":13}],"seed_played":"2077072978537174005","potions_obtained":[{"floor":1,"key":"Weak Potion"},{"floor":2,"key":"Swift Potion"},{"floor":5,"key":"Ancient Potion"}],"is_trial":false,"path_per_floor":["M","?","$","?","M","E","R","M","T","R","E","M","E","$","R","B"],"character_chosen":"IRONCLAD","items_purchased":["Shrug It Off"],"campfire_rested":1,"item_purchase_floors":[14],"current_hp_per_floor":[74,74,74,74,75,75,75,75,75,75,49,27,17,17,39,0],"gold":101,"neow_bonus":"THREE_ENEMY_KILL","is_prod":false,"is_daily":false,"chose_seed":false,"campfire_upgraded":2,"win_rate":0,"timestamp":1565639859,"path_taken":["M","?","?","?","M","E","R","M","T","R","E","M","E","$","R","BOSS"],"build_version":"2019-07-17","purchased_purges":1,"victory":false,"max_hp_per_floor":[75,75,75,75,75,75,75,75,75,75,75,75,75,75,75,75],"card_choices":[{"not_picked":["Sever Soul","Warcry"],"picked":"Thunderclap","floor":1},{"not_picked":["Cleave","Heavy Blade"],"picked":"Shrug It Off","floor":5},{"not_picked":["Hemokinesis","Carnage"],"picked":"Dark Embrace","floor":6},{"not_picked":["Headbutt","Perfected Strike"],"picked":"Flex","floor":8},{"not_picked":["Bloodletting","Dual Wield"],"picked":"Inflame","floor":11},{"not_picked":["Body Slam","Evolve"],"picked":"Metallicize","floor":12},{"not_picked":["Perfected Strike","Entrench"],"picked":"Corruption","floor":13}],"player_experience":1848825,"relics_obtained":[{"floor":6,"key":"Vajra"},{"floor":9,"key":"Boot"},{"floor":11,"key":"FossilizedHelix"},{"floor":13,"key":"Centennial Puzzle"}],"event_choices":[{"damage_healed":0,"gold_gain":0,"player_choice":"Got Potions","damage_taken":0,"max_hp_gain":0,"max_hp_loss":0,"event_name":"Lab","floor":2,"gold_loss":0},{"cards_removed":["Strike_R"],"damage_healed":0,"gold_gain":0,"player_choice":"Card Removal","damage_taken":0,"max_hp_gain":0,"max_hp_loss":0,"event_name":"The Cleric","floor":4,"gold_loss":75}],"is_beta":false,"boss_relics":[],"items_purged_floors":[14],"is_endless":false,"potions_floor_spawned":[1,5],"killed_by":"The Guardian","ascension_level":18}