{"gold_per_floor":[116,135,135,154,171,171,171,171,171,198,208,208,240,255,255,328,328,346,346,14,14,29,29,41,41,118,118,148,159,175,2,2,74,74,87,102,102,102],"floor_reached":38,"playtime":1235,"items_purged":["Defend_R"],"score":821,"play_id":"6837733c-15e3-43ad-a542-d6d5e8a78953","local_time":"20190722200313","is_ascension_mode":true,"campfire_choices":[{"data":"Metallicize","floor":6,"key":"SMITH"},{"floor":8,"key":"REST"},{"data":"Ghostly Armor","floor":12,"key":"SMITH"},{"data":"Anger","floor":15,"key":"SMITH"},{"data":"Bludgeon","floor":23,"key":"SMITH"},{"data":"Anger","floor":25,"key":"SMITH"},{"floor":32,"key":"REST"}],"neow_cost":"NONE","seed_source_timestamp":122497764286400,"circlet_count":0,"master_deck":["AscendersBane","Defend_R","Defend_R","Defend_R","Bash+1","Ghostly Armor+1","Anger+1","Flame Barrier+1","Metallicize+1","Battle Trance+1","Flex+1","Double Tap+1","Bludgeon+1","Anger+1","Bite","Bite","Bite","Bite","Bite","Anger+1","Pommel Strike","Limit Break+1","Feel No Pain+1","Iron Wave","Feel No Pain","Clothesline","Reaper","Flex+1","Anger"],"relics":["Burning Blood","Toxic Egg 2","Blue Candle","Bag of Marbles","Mark of Pain","Ice Cream","Shuriken","Singing Bowl","Cursed Key"],"potions_floor_usage":[5,10,14,18,28,33,35,38],"damage_taken":[{"damage":7,"enemies":"Jaw Worm","floor":1,"turns":3},{"damage":7,"enemies":"Cultist","floor":2,"turns":4},{"damage":0,"enemies":"Small Slimes","floor":4,"turns":2},{"damage":20,"enemies":"Exordium Thugs","floor":5,"turns":6},{"damage":31,"enemies":"3 Sentries","floor":10,"turns":11},{"damage":0,"enemies":"Exordium Wildlife","floor":11,"turns":3},{"damage":20,"enemies":"Gremlin Nob","floor":13,"turns":4},{"damage":0,"enemies":"Gremlin Gang","floor":14,"turns":5},{"damage":8,"enemies":"Hexaghost","floor":16,"turns":7},{"damage":0,"enemies":"2 Thieves","floor":18,"turns":1},{"damage":8,"enemies":"Shell Parasite","floor":22,"turns":2},{"damage":0,"enemies":"Snake Plant","floor":24,"turns":1},{"damage":39,"enemies":"Slavers","floor":28,"turns":5},{"damage":13,"enemies":"Cultist and Chosen","floor":29,"turns":4},{"damage":34,"enemies":"Centurion and Healer","floor":30,"turns":7},{"damage":43,"enemies":"Collector","floor":33,"turns":8},{"damage":15,"enemies":"3 Shapes","floor":35,"turns":6},{"damage":10,"enemies":"Orb Walker","floor":36,"turns":3},{"damage":45,"enemies":"4 Shapes","floor":38,"turns":8}],"seed_played":"-1744167169492466224","potions_obtained":[{"floor":1,"key":"Explosive Potion"},{"floor":5,"key":"GamblersBrew"},{"floor":11,"key":"Fire Potion"},{"floor":16,"key":"AttackPotion"},{"floor":24,"key":"Strength Potion"},{"floor":30,"key":"SteroidPotion"},{"floor":33,"key":"SpeedPotion"},{"floor":36,"key":"Poison Potion"}],"is_trial":false,"path_per_floor":["M","M","?","M","M","R","?","R","T","E","M","R","E","M","R","B",null,"M","?","$","?","M","R","M","R","T","?","E","M","M","$","R","B",null,"M","M","?","M"],"character_chosen":"IRONCLAD","items_purchased":["Ice Cream","Feel No Pain","Clothesline"],"campfire_rested":2,"item_purchase_floors":[20,31,31],"current_hp_per_floor":[67,66,43,49,35,35,35,57,57,32,38,38,24,30,30,28,63,69,52,52,46,52,52,52,52,52,52,25,28,20,20,35,14,43,42,42,42,0],"gold":102,"neow_bonus":"UPGRADE_CARD","is_prod":false,"is_daily":false,"chose_seed":false,"campfire_upgraded":5,"win_rate":0,"timestamp":1563818593,"path_taken":["M","M","?","M","M","R","?","R","T","E","M","R","E","?","R","BOSS","M","?","$","?","?","R","M","R","T","?","E","M","?","?","R","BOSS","M","M","?","M"],"build_version":"2019-07-17","purchased_purges":1,"victory":false,"max_hp_per_floor":[75,75,75,75,75,75,75,75,75,75,75,75,75,75,75,75,75,75,52,52,52,52,52,52,52,52,52,52,52,52,52,52,52,52,52,52,52,52],"card_choices":[{"not_picked":["Carnage","Sword Boomerang"],"picked":"Ghostly Armor","floor":1},{"not_picked":["True Grit","Clothesline"],"picked":"Anger","floor":2},{"not_picked":["Headbutt","Thunderclap"],"picked":"Flame Barrier","floor":4},{"not_picked":["Seeing Red","Searing Blow"],"picked":"Metallicize","floor":5},{"not_picked":["Bloodletting+1","True Grit+1"],"picked":"Battle Trance+1","floor":10},{"not_picked":["Shrug It Off+1","Heavy Blade"],"picked":"Flex+1","floor":11},{"not_picked":["Sever Soul","Evolve","Dropkick"],"picked":"SKIP","floor":13},{"not_picked":["Uppercut","Entrench+1"],"picked":"Double Tap+1","floor":14},{"not_picked":["Exhume+1","Feed"],"picked":"Bludgeon","floor":16},{"not_picked":["Intimidate+1","Bloodletting+1"],"picked":"Anger","floor":18},{"not_picked":["Dropkick","Rupture"],"picked":"Anger","floor":22},{"not_picked":["Sword Boomerang","Corruption"],"picked":"Pommel Strike","floor":24},{"not_picked":["Twin Strike+1","Searing Blow"],"picked":"Limit Break+1","floor":28},{"not_picked":["Carnage","Thunderclap"],"picked":"Feel No Pain","floor":29},{"not_picked":["Carnage","Twin Strike"],"picked":"Iron Wave","floor":30},{"not_picked":["Berserk","Offering+1"],"picked":"Reaper","floor":33},{"not_picked":["Havoc+1","Hemokinesis"],"picked":"Flex+1","floor":35},{"not_picked":["Warcry+1","Carnage"],"picked":"Anger","floor":36}],"player_experience":1746087,"relics_obtained":[{"floor":9,"key":"Toxic Egg 2"},{"floor":10,"key":"Blue Candle"},{"floor":13,"key":"Bag of Marbles"},{"floor":26,"key":"Shuriken"},{"floor":28,"key":"Singing Bowl"}],"event_choices":[{"damage_healed":0,"gold_gain":0,"player_choice":"Entered Light","damage_taken":23,"max_hp_gain":0,"max_hp_loss":0,"event_name":"Shining Light","floor":3,"gold_loss":0,"cards_upgraded":["Strike_R","Strike_R"]},{"damage_healed":0,"gold_gain":0,"player_choice":"Forge","damage_taken":0,"max_hp_gain":0,"max_hp_loss":0,"event_name":"Accursed Blacksmith","floor":7,"gold_loss":0,"cards_upgraded":["Flame Barrier"]},{"damage_healed":0,"gold_gain":0,"player_choice":"Became a vampire","damage_taken":0,"max_hp_gain":0,"max_hp_loss":23,"event_name":"Vampires","floor":19,"gold_loss":0,"cards_obtained":["Bite","Bite","Bite","Bite","Bite"]},{"damage_healed":0,"gold_gain":0,"player_choice":"","damage_taken":6,"max_hp_gain":0,"max_hp_loss":0,"event_name":"Knowing Skull","floor":21,"potions_obtained":[],"gold_loss":0,"cards_obtained":[]},{"damage_healed":0,"gold_gain":0,"player_choice":"Upgraded","damage_taken":0,"max_hp_gain":0,"max_hp_loss":0,"event_name":"Upgrade Shrine","floor":27,"gold_loss":0,"cards_upgraded":["Anger"]},{"damage_healed":0,"gold_gain":0,"player_choice":"Upgraded","damage_taken":0,"max_hp_gain":0,"max_hp_loss":0,"event_name":"Upgrade Shrine","floor":37,"gold_loss":0,"cards_upgraded":["Feel No Pain"]}],"is_beta":false,"boss_relics":[{"not_picked":["Velvet Choker","White Beast Statue"],"picked":"Mark of Pain"},{"not_picked":["Runic Pyramid","Sozu"],"picked":"Cursed Key"}],"items_purged_floors":[31],"is_endless":false,"potions_floor_spawned":[1,5,11,16,24,30,33,36],"killed_by":"4 Shapes","ascension_level":18}