{"gold_per_floor":[14,24,24,44,65,65,104,125,177,177,216,279,297,222,222,321,384,369,390,390,24,44,44,44],"floor_reached":24,"playtime":1007,"items_purged":["Strike_R"],"score":385,"play_id":"ac55e387-597d-4587-aaea-540e1e0a43c4","local_time":"20190713173842","is_ascension_mode":true,"campfire_choices":[{"data":"Uppercut","floor":6,"key":"SMITH"},{"data":"Bash","floor":10,"key":"SMITH"},{"data":"True Grit","floor":15,"key":"SMITH"},{"data":"Barricade","floor":23,"key":"SMITH"}],"neow_cost":"NO_GOLD","seed_source_timestamp":74930429642300,"circlet_count":0,"master_deck":["AscendersBane","Strike_R","Strike_R+1","Defend_R","Defend_R","Defend_R","Defend_R","Bash+1","Uppercut+1","Iron Wave","True Grit+1","Thunderclap","Feel No Pain","Flame Barrier","Seeing Red","Barricade+1","Body Slam+1","Demon Form","Body Slam+1","Power Through","Corruption","Heavy Blade+1","Entrench","Rampage+1"],"relics":["Burning Blood","Golden Idol","Meat on the Bone","Oddly Smooth Stone","Molten Egg 2","Red Skull","Tiny House","Bag of Preparation"],"potions_floor_usage":[7,11,16,16,19,24],"damage_taken":[{"damage":2,"enemies":"Small Slimes","floor":1,"turns":5},{"damage":3,"enemies":"2 Louse","floor":2,"turns":2},{"damage":10,"enemies":"Cultist","floor":4,"turns":4},{"damage":14,"enemies":"Large Slime","floor":5,"turns":9},{"damage":35,"enemies":"3 Sentries","floor":7,"turns":10},{"damage":4,"enemies":"Blue Slaver","floor":8,"turns":4},{"damage":33,"enemies":"Lagavulin","floor":11,"turns":10},{"damage":36,"enemies":"Gremlin Nob","floor":12,"turns":6},{"damage":2,"enemies":"Looter","floor":13,"turns":2},{"damage":18,"enemies":"Slime Boss","floor":16,"turns":5},{"damage":32,"enemies":"2 Thieves","floor":18,"turns":4},{"damage":11,"enemies":"Spheric Guardian","floor":19,"turns":5},{"damage":34,"enemies":"Centurion and Healer","floor":22,"turns":8},{"damage":38,"enemies":"Book of Stabbing","floor":24,"turns":5}],"seed_played":"2915175413412101201","potions_obtained":[{"floor":1,"key":"SteroidPotion"},{"floor":2,"key":"Regen Potion"},{"floor":12,"key":"Block Potion"},{"floor":13,"key":"EssenceOfSteel"},{"floor":17,"key":"Ancient Potion"},{"floor":18,"key":"SpeedPotion"},{"floor":22,"key":"LiquidBronze"}],"is_trial":false,"path_per_floor":["M","M","?","M","M","R","E","M","T","R","E","?","M","?","R","B",null,"M","M","?","$","M","R","E"],"character_chosen":"IRONCLAD","items_purchased":["Bag of Preparation","Heavy Blade+1","Entrench"],"campfire_rested":0,"item_purchase_floors":[21,21,21],"current_hp_per_floor":[72,75,75,71,63,63,34,48,48,48,48,30,46,46,46,46,73,47,54,54,54,38,38,0],"gold":44,"neow_bonus":"REMOVE_TWO","is_prod":false,"is_daily":false,"chose_seed":false,"campfire_upgraded":4,"win_rate":0,"timestamp":1563032322,"path_taken":["M","M","?","M","M","R","E","M","T","R","E","?","M","?","R","BOSS","M","M","?","$","M","R","E"],"build_version":"2019-07-05","purchased_purges":1,"victory":false,"max_hp_per_floor":[75,75,75,75,75,75,75,75,75,75,75,75,75,75,75,75,80,80,80,80,80,80,80,80],"card_choices":[{"not_picked":["Warcry","Evolve"],"picked":"Uppercut","floor":1},{"not_picked":["Cleave","Pummel"],"picked":"Iron Wave","floor":2},{"not_picked":["Entrench","Combust"],"picked":"True Grit","floor":4},{"not_picked":["Warcry","Havoc"],"picked":"Thunderclap","floor":5},{"not_picked":["True Grit","Sword Boomerang"],"picked":"Feel No Pain","floor":7},{"not_picked":["Clash","Thunderclap"],"picked":"Flame Barrier","floor":8},{"not_picked":["Thunderclap","Blood for Blood"],"picked":"Seeing Red","floor":11},{"not_picked":["Clash+1","Havoc"],"picked":"Barricade","floor":12},{"not_picked":["Headbutt+1","Perfected Strike+1"],"picked":"Body Slam+1","floor":13},{"not_picked":["Fiend Fire+1","Dark Embrace"],"picked":"Demon Form","floor":16},{"not_picked":["True Grit","Pommel Strike+1"],"picked":"Body Slam+1","floor":17},{"not_picked":["Iron Wave+1","Barricade"],"picked":"Power Through","floor":18},{"not_picked":["Shrug It Off","Armaments"],"picked":"Corruption","floor":19},{"not_picked":["Carnage+1","Spot Weakness"],"picked":"Rampage+1","floor":22}],"player_experience":1643822,"relics_obtained":[{"floor":7,"key":"Meat on the Bone"},{"floor":9,"key":"Oddly Smooth Stone"},{"floor":11,"key":"Molten Egg 2"},{"floor":12,"key":"Red Skull"}],"event_choices":[{"damage_healed":0,"gold_gain":0,"player_choice":"Take Wound","damage_taken":0,"relics_obtained":["Golden Idol"],"max_hp_gain":0,"max_hp_loss":0,"event_name":"Golden Idol","floor":3,"gold_loss":0,"cards_obtained":["Injury"]},{"damage_healed":0,"gold_gain":30,"player_choice":"Searched \u00272\u0027 times","damage_taken":0,"max_hp_gain":0,"max_hp_loss":0,"event_name":"Dead Adventurer","floor":12,"gold_loss":0},{"cards_removed":["Injury"],"damage_healed":0,"gold_gain":0,"player_choice":"Card Removal","damage_taken":0,"max_hp_gain":0,"max_hp_loss":0,"event_name":"The Cleric","floor":14,"gold_loss":75},{"damage_healed":0,"gold_gain":0,"player_choice":"Ignored","damage_taken":0,"max_hp_gain":0,"max_hp_loss":0,"event_name":"N\u0027loth","floor":20,"gold_loss":0}],"is_beta":false,"boss_relics":[{"not_picked":["Ectoplasm","Eternal Feather"],"picked":"Tiny House"}],"items_purged_floors":[21],"is_endless":false,"potions_floor_spawned":[1,2,4,12,13,18,22],"killed_by":"Book of Stabbing","ascension_level":17}