{"gold_per_floor":[360,360,378,394,29,29,61,61,109,122,150,150,150,185,185,285,285,299,7,31,31,31,31,59,59,59,59,59,59,59,73,73,176,176,192,192,292,18,36,36,70,87,110,122,122,142,142,142,142,142],"floor_reached":50,"playtime":1988,"items_purged":["Strike_B","Strike_B","Strike_B"],"score":812,"play_id":"a611f7c2-e76b-4492-a1f9-a6e77dab44b6","local_time":"20190302193812","is_ascension_mode":true,"campfire_choices":[{"floor":6.0,"key":"REST"},{"data":"Chaos","floor":8.0,"key":"SMITH"},{"data":"Conserve Battery","floor":12.0,"key":"SMITH"},{"data":"Go for the Eyes","floor":15.0,"key":"SMITH"},{"data":"Fission","floor":23,"key":"SMITH"},{"floor":28,"key":"REST"},{"data":"Conserve Battery","floor":30,"key":"SMITH"},{"floor":32,"key":"REST"},{"data":"Auto Shields","floor":40,"key":"SMITH"},{"data":"Cold Snap","floor":45,"key":"SMITH"},{"data":"Static Discharge","floor":47,"key":"SMITH"},{"data":"Magnetism","floor":49,"key":"SMITH"}],"neow_cost":"PERCENT_DAMAGE","seed_source_timestamp":0,"circlet_count":0,"master_deck":["AscendersBane","Defend_B","Defend_B","Defend_B","Zap+1","Dualcast+1","Cold Snap+1","Chaos+1","Go for the Eyes+1","Streamline+1","Gash+1","Conserve Battery+1","Ball Lightning+1","Conserve Battery+1","Fission+1","Beam Cell+1","Static Discharge+1","Barrage+1","Auto Shields+1","Barrage+1","Beam Cell+1","Self Repair+1","Core Surge+1","Compile Driver+1","Sunder+1","Tempest+1","Gash+1","Go for the Eyes+1","Hologram+1","FTL+1","Magnetism+1"],"special_seed":0,"relics":["Cracked Core","Molten Egg 2","Pen Nib","Vajra","Odd Mushroom","Juzu Bracelet","Gremlin Horn","Sozu","Runic Capacitor","Dream Catcher","Pear","Bottled Lightning","Enchiridion","Coffee Dripper","Unceasing Top","Bronze Scales","Omamori","PreservedInsect"],"potions_floor_usage":[],"damage_taken":[{"damage":1.0,"enemies":"2 Louse","floor":1.0,"turns":3.0},{"damage":4.0,"enemies":"Jaw Worm","floor":3.0,"turns":4.0},{"damage":0.0,"enemies":"Cultist","floor":4.0,"turns":3.0},{"damage":16.0,"enemies":"3 Sentries","floor":7.0,"turns":7.0},{"damage":0.0,"enemies":"3 Louse","floor":10.0,"turns":3.0},{"damage":12.0,"enemies":"The Mushroom Lair","floor":11.0,"turns":3.0},{"damage":16.0,"enemies":"Gremlin Nob","floor":14.0,"turns":3.0},{"damage":15.0,"enemies":"Hexaghost","floor":16.0,"turns":9.0},{"damage":17,"enemies":"2 Thieves","floor":18,"turns":4},{"damage":51,"enemies":"Gremlin Leader","floor":24,"turns":7},{"damage":0,"enemies":"Spheric Guardian","floor":31,"turns":3},{"damage":45,"enemies":"Automaton","floor":33,"turns":8},{"damage":0,"enemies":"3 Darklings","floor":35,"turns":2},{"damage":33,"enemies":"Mind Bloom Boss Battle","floor":37,"turns":6},{"damage":17,"enemies":"3 Shapes","floor":39,"turns":4},{"damage":43,"enemies":"Nemesis","floor":41,"turns":5},{"damage":0,"enemies":"Transient","floor":42,"turns":5},{"damage":18,"enemies":"Spire Growth","floor":44,"turns":3},{"damage":0,"enemies":"Jaw Worm Horde","floor":46,"turns":2},{"damage":36,"enemies":"Awakened One","floor":50,"turns":3}],"seed_played":"3471402636806827008","potions_obtained":[{"floor":3.0,"key":"Block Potion"},{"floor":4.0,"key":"Regen Potion"},{"floor":11.0,"key":"PowerPotion"}],"is_trial":false,"path_per_floor":["M","?","M","M","$","R","E","R","T","M","?","R","T","E","R","B",null,"M","$","T","?","$","R","E","?","T","?","R","?","R","M","R","B",null,"M","?","?","$","M","R","E","M","T","M","R","M","R","?","R","B"],"character_chosen":"DEFECT","items_purchased":["Molten Egg 2","Streamline+1","Runic Capacitor","Bronze Scales"],"campfire_rested":3,"item_purchase_floors":[5,5,19,38],"current_hp_per_floor":[49,34,30,30,30,52,51,51,51,51,39,39,39,23,23,8,58,41,41,41,66,66,66,25,25,25,25,50,34,34,34,59,24,70,80,80,57,57,50,50,17,27,27,19,19,29,29,29,29,0],"gold":142,"neow_bonus":"TWO_FIFTY_GOLD","is_prod":false,"is_daily":false,"chose_seed":false,"campfire_upgraded":9,"win_rate":0,"timestamp":1551551892,"path_taken":["M","?","M","M","$","R","E","R","T","M","?","R","?","E","R","BOSS","M","$","?","?","$","R","E","?","T","?","R","?","R","M","R","BOSS","M","?","?","$","M","R","E","M","T","M","R","M","R","?","R","BOSS"],"build_version":"2019-01-23","purchased_purges":3,"victory":false,"max_hp_per_floor":[75,75,75,75,75,75,75,75,75,75,75,75,75,75,75,75,75,75,75,75,75,75,75,85,85,85,85,85,85,85,85,85,85,85,85,85,85,85,85,85,85,85,85,85,85,85,85,85,85,85],"card_choices":[{"not_picked":["Steam","Gash"],"picked":"Cold Snap","floor":1.0},{"not_picked":["Cold Snap","Biased Cognition"],"picked":"Chaos","floor":3.0},{"not_picked":["Rebound","Hologram"],"picked":"Go for the Eyes","floor":4.0},{"not_picked":["Fission","Aggregate"],"picked":"Gash+1","floor":7.0},{"not_picked":["Melter+1","Leap"],"picked":"Conserve Battery","floor":10.0},{"not_picked":["Stack","Sweeping Beam+1"],"picked":"Ball Lightning+1","floor":11.0},{"not_picked":["Recycle","Stack"],"picked":"Conserve Battery","floor":14.0},{"not_picked":["Amplify","Rainbow"],"picked":"Fission","floor":16.0},{"not_picked":["Genetic Algorithm","Steam+1"],"picked":"Beam Cell+1","floor":18},{"not_picked":["Defragment","Coolheaded"],"picked":"Static Discharge","floor":24},{"not_picked":["Reprogram","Leap"],"picked":"Barrage+1","floor":28},{"not_picked":["Redo","Reprogram+1"],"picked":"Beam Cell+1","floor":31},{"not_picked":["Stack","Beam Cell+1"],"picked":"Self Repair+1","floor":32},{"not_picked":["All For One+1","Electrodynamics"],"picked":"Core Surge+1","floor":33},{"not_picked":["Beam Cell+1","Steam Power+1"],"picked":"Compile Driver+1","floor":35},{"not_picked":["Stack","Capacitor"],"picked":"Sunder+1","floor":37},{"not_picked":["Beam Cell+1","Undo+1"],"picked":"Tempest+1","floor":39},{"not_picked":["Melter+1","Turbo"],"picked":"Gash+1","floor":41},{"not_picked":["Ball Lightning+1","Amplify"],"picked":"Go for the Eyes+1","floor":42},{"not_picked":["Self Repair","Conserve Battery"],"picked":"Hologram+1","floor":44},{"not_picked":["Undo+1","Compile Driver+1"],"picked":"FTL+1","floor":46},{"not_picked":["Jack Of All Trades","Panacea"],"picked":"Magnetism","floor":48}],"player_experience":875760,"relics_obtained":[{"floor":7.0,"key":"Pen Nib"},{"floor":9.0,"key":"Vajra"},{"floor":11.0,"key":"Odd Mushroom"},{"floor":13.0,"key":"Juzu Bracelet"},{"floor":14.0,"key":"Gremlin Horn"},{"floor":20,"key":"Dream Catcher"},{"floor":24,"key":"Pear"},{"floor":26,"key":"Bottled Lightning"},{"floor":29,"key":"Enchiridion"},{"floor":37,"key":"Unceasing Top"},{"floor":41,"key":"Omamori"},{"floor":43,"key":"PreservedInsect"}],"event_choices":[{"damage_healed":0.0,"max_hp_gain":0.0,"max_hp_loss":0.0,"gold_gain":0.0,"event_name":"Shining Light","player_choice":"Entered Light","floor":2.0,"gold_loss":0.0,"damage_taken":15.0,"cards_upgraded":["Zap","Dualcast"]},{"damage_healed":0.0,"max_hp_gain":0.0,"max_hp_loss":0.0,"gold_gain":0.0,"event_name":"Mushrooms","player_choice":"Fought Mushrooms","floor":11.0,"gold_loss":0.0,"damage_taken":0.0},{"damage_healed":25,"gold_gain":0,"player_choice":"Heal","damage_taken":0,"max_hp_gain":0,"max_hp_loss":0,"event_name":"The Library","floor":21,"gold_loss":0},{"damage_healed":0,"gold_gain":0,"cards_transformed":["Strike_B","Defend_B"],"player_choice":"Became Test Subject","damage_taken":0,"max_hp_gain":0,"max_hp_loss":0,"event_name":"Drug Dealer","floor":25,"gold_loss":0,"cards_obtained":["Barrage","Auto Shields"]},{"damage_healed":0,"gold_gain":0,"player_choice":"Ignored","damage_taken":0,"max_hp_gain":0,"max_hp_loss":0,"event_name":"Beggar","floor":27,"gold_loss":0},{"damage_healed":0,"gold_gain":0,"player_choice":"Obtained Book","damage_taken":16,"max_hp_gain":0,"max_hp_loss":0,"event_name":"Cursed Tome","floor":29,"gold_loss":0},{"damage_healed":0,"gold_gain":0,"player_choice":"Ignored","damage_taken":0,"max_hp_gain":0,"max_hp_loss":0,"event_name":"Tomb of Lord Red Mask","floor":36,"gold_loss":0},{"damage_healed":0,"gold_gain":0,"player_choice":"Fight","damage_taken":0,"max_hp_gain":0,"max_hp_loss":0,"event_name":"MindBloom","floor":37,"gold_loss":0},{"damage_healed":0,"gold_gain":0,"player_choice":"Memory 1","damage_taken":0,"max_hp_gain":0,"max_hp_loss":0,"event_name":"SensoryStone","floor":48,"gold_loss":0}],"is_beta":false,"boss_relics":[{"not_picked":["Runic Dome","FrozenCore"],"picked":"Sozu"},{"not_picked":["Orrery","Snecko Eye"],"picked":"Coffee Dripper"}],"items_purged_floors":[5,19,38],"is_endless":false,"potions_floor_spawned":[3,4,11,24,37,44,46],"killed_by":"Awakened One","ascension_level":12}