{"gold_per_floor":[112,32,43,54,73,73,102,102,102,134,150,36,36,1,1,74,74,49,60,60,60,124,124,157,157,157,207,289,289,182,147,159,245,257,284,346,233,283,360,360,1,35,83,146,146,181,181,192,192,192],"floor_reached":51,"playtime":3960,"items_purged":["Strike_G","Strike_G","Blade Dance+1","Quick Slash"],"score":1311,"play_id":"c9a52d2b-5922-4d35-bc77-163c360cdd1f","local_time":"20191005114624","is_ascension_mode":true,"campfire_choices":[{"data":"Dagger Spray","floor":6.0,"key":"SMITH"},{"data":"Neutralize","floor":8.0,"key":"SMITH"},{"data":"Footwork","floor":13.0,"key":"SMITH"},{"data":"Dash","floor":15.0,"key":"SMITH"},{"data":"Burst","floor":23.0,"key":"SMITH"},{"floor":25.0,"key":"REST"},{"data":"Ghostly","floor":29.0,"key":"SMITH"},{"floor":32.0,"key":"REST"},{"data":"Ghostly","floor":40.0,"key":"SMITH"},{"floor":45.0,"key":"REST"},{"data":"Ghostly","floor":47.0,"key":"SMITH"},{"floor":49,"key":"REST"}],"neow_cost":"NONE","seed_source_timestamp":67919661657848,"circlet_count":0,"master_deck":["AscendersBane","Defend_G","Defend_G","Defend_G+1","Defend_G","Defend_G","Survivor","Neutralize+1","Leg Sweep","Dash+1","Dagger Spray+1","Footwork+1","Well Laid Plans","Burst+1","Noxious Fumes+1","Die Die Die+1","Terror+1","Bane+1","Dodge and Roll+1","Ghostly+1","Ghostly+1","Ghostly+1","Backstab+1","Noxious Fumes","Bane"],"special_seed":0,"relics":["Ring of the Snake","Oddly Smooth Stone","Dream Catcher","Bag of Preparation","Pear","Astrolabe","SsserpentHead","Thread and Needle","Ornamental Fan","Red Mask","MawBank","Velvet Choker","War Paint","Strawberry","Whetstone","Bag of Marbles","Boot"],"potions_floor_usage":[50],"damage_taken":[{"damage":0.0,"enemies":"Small Slimes","floor":1.0,"turns":6.0},{"damage":0.0,"enemies":"Jaw Worm","floor":3.0,"turns":3.0},{"damage":0.0,"enemies":"2 Louse","floor":4.0,"turns":3.0},{"damage":11.0,"enemies":"Lots of Slimes","floor":5.0,"turns":7.0},{"damage":5.0,"enemies":"3 Sentries","floor":7.0,"turns":9.0},{"damage":10.0,"enemies":"Gremlin Nob","floor":10.0,"turns":4.0},{"damage":0.0,"enemies":"Blue Slaver","floor":11.0,"turns":5.0},{"damage":56.0,"enemies":"Hexaghost","floor":16.0,"turns":17.0},{"damage":4.0,"enemies":"2 Thieves","floor":18.0,"turns":4.0},{"damage":2.0,"enemies":"Spheric Guardian","floor":19.0,"turns":6.0},{"damage":9.0,"enemies":"Snake Plant","floor":22.0,"turns":5.0},{"damage":36.0,"enemies":"Book of Stabbing","floor":24.0,"turns":6.0},{"damage":26.0,"enemies":"Masked Bandits","floor":28.0,"turns":5.0},{"damage":8.0,"enemies":"Collector","floor":33.0,"turns":13.0},{"damage":2.0,"enemies":"3 Darklings","floor":35.0,"turns":5.0},{"damage":31.0,"enemies":"Giant Head","floor":42.0,"turns":13.0},{"damage":0.0,"enemies":"Orb Walker","floor":44.0,"turns":3.0},{"damage":3.0,"enemies":"Reptomancer","floor":46.0,"turns":8.0},{"damage":0,"enemies":"Sphere and 2 Shapes","floor":48,"turns":6},{"damage":15,"enemies":"Donu and Deca","floor":50,"turns":11}],"seed_played":"8645887087240335078","potions_obtained":[{"floor":1.0,"key":"FearPotion"},{"floor":3.0,"key":"FearPotion"},{"floor":11.0,"key":"Dexterity Potion"},{"floor":18.0,"key":"SpeedPotion"},{"floor":19.0,"key":"EssenceOfSteel"},{"floor":44.0,"key":"Swift Potion"},{"floor":46.0,"key":"Fire Potion"}],"is_trial":false,"path_per_floor":["M","$","M","M","M","R","E","R","T","E","M","$","R","?","R","B",null,"M","M","?","?","M","R","E","R","T","?","?","R","$","?","R","B",null,"M","?","$","?","T","R","$","E","T","M","R","E","R","M","R","B",null],"character_chosen":"THE_SILENT","items_purchased":["Dash","Well Laid Plans","Block Potion","Noxious Fumes","Strawberry"],"campfire_rested":4,"item_purchase_floors":[2,12,30,41,41],"current_hp_per_floor":[59,59,59,59,48,48,43,43,43,43,43,43,43,62,62,6,59,55,53,53,53,44,44,8,30,30,30,4,4,4,4,15,7,30,28,28,28,28,28,28,35,4,4,4,16,13,13,13,25,10],"gold":192,"neow_bonus":"RANDOM_COMMON_RELIC","is_prod":false,"is_daily":false,"chose_seed":false,"campfire_upgraded":8,"win_rate":0,"timestamp":1570301184,"path_taken":["M","$","M","M","M","R","E","R","T","E","M","$","R","?","R","BOSS","M","M","?","?","?","R","E","R","T","?","?","R","?","?","R","BOSS","M","?","$","?","?","R","$","E","T","?","R","E","R","M","R","BOSS"],"build_version":"2019-07-17","purchased_purges":4,"victory":true,"max_hp_per_floor":[66,66,66,66,66,66,66,66,66,76,76,76,76,76,76,76,76,76,76,76,76,76,76,76,76,76,38,38,38,38,38,38,38,38,38,36,36,36,36,36,43,43,43,43,43,43,43,43,43,43],"card_choices":[{"not_picked":["Slice","PiercingWail"],"picked":"Leg Sweep","floor":1.0},{"not_picked":["Finisher","Choke"],"picked":"Quick Slash","floor":3.0},{"not_picked":["Reflex","Acrobatics","Dagger Throw"],"picked":"SKIP","floor":4.0},{"not_picked":["Choke","Outmaneuver"],"picked":"Dagger Spray","floor":5.0},{"not_picked":["Choke","Heel Hook","Deadly Poison"],"picked":"SKIP","floor":7.0},{"not_picked":["Underhanded Strike","Storm of Steel"],"picked":"Footwork","floor":10.0},{"not_picked":["Acrobatics","Prepared","Cloak And Dagger"],"picked":"SKIP","floor":11.0},{"not_picked":["Grand Finale","A Thousand Cuts"],"picked":"Burst","floor":16.0},{"not_picked":["Crippling Poison","Distraction"],"picked":"Terror+1","floor":18.0},{"not_picked":["Quick Slash","Slice"],"picked":"Bane","floor":19.0},{"not_picked":["Acrobatics","Dagger Throw","Deadly Poison+1"],"picked":"SKIP","floor":22.0},{"not_picked":["Deflect","Choke"],"picked":"Dodge and Roll","floor":24.0},{"not_picked":["Skewer","Finisher"],"picked":"Backstab","floor":32.0},{"not_picked":["PiercingWail","Dagger Spray","Flying Knee"],"picked":"SKIP","floor":35.0},{"not_picked":["Masterful Stab","Bane","Quick Slash"],"picked":"SKIP","floor":42.0},{"not_picked":["Choke+1","Bane","Underhanded Strike"],"picked":"SKIP","floor":44.0},{"not_picked":["Choke+1","Underhanded Strike"],"picked":"Bane","floor":44.0},{"not_picked":["Predator","Blade Dance","Heel Hook"],"picked":"SKIP","floor":46.0},{"not_picked":["Dash","Bullet Time","Escape Plan+1"],"picked":"SKIP","floor":48}],"player_experience":326862,"relics_obtained":[{"floor":7.0,"key":"Dream Catcher"},{"floor":9.0,"key":"Bag of Preparation"},{"floor":10.0,"key":"Pear"},{"floor":24.0,"key":"Thread and Needle"},{"floor":26.0,"key":"Ornamental Fan"},{"floor":28.0,"key":"Red Mask"},{"floor":39.0,"key":"War Paint"},{"floor":42.0,"key":"Whetstone"},{"floor":43.0,"key":"Bag of Marbles"},{"floor":46.0,"key":"Boot"}],"event_choices":[{"damage_healed":19.0,"max_hp_gain":0.0,"max_hp_loss":0.0,"gold_gain":0.0,"event_name":"The Cleric","player_choice":"Healed","floor":14.0,"gold_loss":35.0,"damage_taken":0.0},{"damage_healed":0.0,"max_hp_gain":0.0,"max_hp_loss":0.0,"gold_gain":0.0,"event_name":"The Mausoleum","player_choice":"Ignored","floor":20.0,"gold_loss":0.0,"damage_taken":0.0},{"damage_healed":0.0,"max_hp_gain":0.0,"max_hp_loss":0.0,"gold_gain":0.0,"event_name":"FaceTrader","player_choice":"Trade","floor":21.0,"gold_loss":0.0,"damage_taken":0.0,"relics_obtained":["SsserpentHead"]},{"damage_healed":0.0,"max_hp_gain":0.0,"max_hp_loss":38.0,"gold_gain":0.0,"event_name":"Ghosts","player_choice":"Became a Ghost","floor":27.0,"gold_loss":0.0,"damage_taken":0.0,"cards_obtained":["Ghostly","Ghostly","Ghostly"]},{"damage_healed":0.0,"max_hp_gain":0.0,"max_hp_loss":0.0,"gold_gain":0.0,"event_name":"Masked Bandits","player_choice":"Fought Bandits","floor":28.0,"gold_loss":0.0,"damage_taken":0.0},{"damage_healed":0.0,"max_hp_gain":0.0,"max_hp_loss":0.0,"gold_gain":0.0,"event_name":"Addict","player_choice":"Obtained Relic","floor":31.0,"gold_loss":85.0,"damage_taken":0.0,"relics_obtained":["MawBank"]},{"damage_healed":0.0,"max_hp_gain":0.0,"max_hp_loss":2.0,"gold_gain":0.0,"event_name":"Winding Halls","player_choice":"Max HP","floor":36.0,"gold_loss":0.0,"damage_taken":0.0},{"damage_healed":0.0,"max_hp_gain":0.0,"max_hp_loss":0.0,"gold_gain":0.0,"event_name":"SensoryStone","player_choice":"Memory 1","floor":38.0,"gold_loss":0.0,"damage_taken":0.0}],"is_beta":false,"boss_relics":[{"not_picked":["Coffee Dripper","Runic Pyramid"],"picked":"Astrolabe"},{"not_picked":["HoveringKite","Tiny House"],"picked":"Velvet Choker"}],"items_purged_floors":[12,30,37,41],"is_endless":false,"potions_floor_spawned":[1,3,5,11,18,19,22,44,46,48],"ascension_level":18}