{"gold_per_floor":[116,116,191,209,209,209,252,252,252,252,252],"floor_reached":11,"playtime":226,"items_purged":[],"score":138,"play_id":"90334aea-c779-416a-a1c5-beff916cd9ba","local_time":"20190112215246","is_ascension_mode":true,"campfire_choices":[{"data":"Rampage","floor":6.0,"key":"SMITH"},{"floor":8.0,"key":"REST"},{"data":"Discovery","floor":10.0,"key":"SMITH"}],"neow_cost":"CURSE","seed_source_timestamp":271050353796207,"circlet_count":0,"master_deck":["AscendersBane","Strike_R","Strike_R","Strike_R","Strike_R","Strike_R","Defend_R","Defend_R","Defend_R","Defend_R","Bash","Discovery+1","Flash of Steel","Havoc","Rampage+1","Twin Strike"],"special_seed":0,"relics":["Burning Blood","Golden Idol","Pear","Matryoshka"],"potions_floor_usage":[],"damage_taken":[{"damage":6.0,"enemies":"Small Slimes","floor":1.0,"turns":4.0},{"damage":12.0,"enemies":"Jaw Worm","floor":4.0,"turns":2.0},{"damage":40.0,"enemies":"Lagavulin","floor":7.0,"turns":5.0},{"damage":67,"enemies":"Gremlin Nob","floor":11,"turns":4}],"seed_played":"3732507408837360081","potions_obtained":[{"floor":4.0,"key":"SteroidPotion"}],"is_trial":false,"path_per_floor":["M","?","?","M","?","R","E","R","T","R","E"],"character_chosen":"IRONCLAD","items_purchased":[],"campfire_rested":1,"item_purchase_floors":[],"current_hp_per_floor":[68,68,57,51,51,51,27,50,50,50,0],"gold":252,"neow_bonus":"RANDOM_COLORLESS_2","is_prod":false,"is_daily":false,"chose_seed":false,"campfire_upgraded":2,"win_rate":0,"timestamp":1547326366,"path_taken":["M","?","?","M","?","R","E","R","T","R","E"],"build_version":"2019-01-10","purchased_purges":0,"victory":false,"max_hp_per_floor":[75,75,75,75,68,68,78,78,78,78,78],"card_choices":[{"not_picked":["Bloodletting","Sword Boomerang"],"picked":"Havoc","floor":1.0},{"not_picked":["Armaments","Feel No Pain"],"picked":"Rampage","floor":4.0},{"not_picked":["Havoc","Bloodletting"],"picked":"Twin Strike","floor":7.0}],"player_experience":595921,"relics_obtained":[{"floor":7.0,"key":"Pear"},{"floor":9.0,"key":"Matryoshka"}],"event_choices":[{"cards_removed":["Pain"],"damage_healed":0.0,"max_hp_gain":0.0,"max_hp_loss":0.0,"gold_gain":0.0,"event_name":"Living Wall","player_choice":"Forget","floor":2.0,"gold_loss":0.0,"damage_taken":0.0},{"damage_healed":0.0,"max_hp_gain":0.0,"max_hp_loss":0.0,"gold_gain":75.0,"event_name":"World of Goop","player_choice":"Gather Gold","floor":3.0,"gold_loss":0.0,"damage_taken":11.0},{"damage_healed":0.0,"max_hp_gain":0.0,"max_hp_loss":7.0,"gold_gain":0.0,"event_name":"Golden Idol","player_choice":"Lose Max HP","floor":5.0,"gold_loss":0.0,"damage_taken":0.0,"relics_obtained":["Golden Idol"]}],"is_beta":false,"boss_relics":[],"items_purged_floors":[],"is_endless":false,"potions_floor_spawned":[4],"killed_by":"Gremlin Nob","ascension_level":20}