{"gold_per_floor":[114,64,76,8,26,26,57,71,96,96,96,115,125,144,144,240,240,254,55,70,70,86,86,0,0,0,0,0],"floor_reached":28,"playtime":1084,"items_purged":["Defend_R"],"score":352,"play_id":"c5e08446-cf15-49f2-8111-01ec35b26fcf","local_time":"20190220194129","is_ascension_mode":true,"campfire_choices":[{"data":"Barricade","floor":6,"key":"SMITH"},{"data":"True Grit","floor":11,"key":"SMITH"},{"data":"Body Slam","floor":15,"key":"SMITH"},{"data":"Double Tap","floor":23,"key":"SMITH"},{"floor":25,"key":"REST"},{"data":"Corruption","floor":27,"key":"SMITH"}],"neow_cost":"PERCENT_DAMAGE","seed_source_timestamp":57069434520400,"circlet_count":0,"master_deck":["AscendersBane","Defend_R+1","Defend_R+1","Bash","Barricade+1","Sword Boomerang","Rage","Corruption+1","Spot Weakness","True Grit+1","Body Slam+1","True Grit","Wild Strike","Juggernaut","Uppercut","Double Tap+1","Pommel Strike","Entrench","Clash","Flex+1","Wild Strike"],"relics":["Burning Blood","War Paint","Regal Pillow","Anchor","Empty Cage","Art of War"],"potions_floor_usage":[8,16,20,20],"damage_taken":[{"damage":4,"enemies":"2 Louse","floor":1,"turns":3},{"damage":4,"enemies":"Small Slimes","floor":3,"turns":5},{"damage":5,"enemies":"Cultist","floor":5,"turns":4},{"damage":14,"enemies":"Lagavulin","floor":7,"turns":8},{"damage":11,"enemies":"Looter","floor":8,"turns":4},{"damage":3,"enemies":"Exordium Wildlife","floor":12,"turns":4},{"damage":1,"enemies":"Blue Slaver","floor":13,"turns":4},{"damage":10,"enemies":"3 Louse","floor":14,"turns":5},{"damage":2,"enemies":"The Guardian","floor":16,"turns":11},{"damage":10,"enemies":"Shell Parasite","floor":18,"turns":5},{"damage":39,"enemies":"Chosen","floor":20,"turns":7},{"damage":28,"enemies":"Centurion and Healer","floor":22,"turns":6},{"damage":86,"enemies":"Cultist and Chosen","floor":28,"turns":8}],"seed_played":"1228583751232018860","potions_obtained":[{"floor":5,"key":"SpeedPotion"},{"floor":7,"key":"GamblersBrew"},{"floor":12,"key":"SkillPotion"},{"floor":14,"key":"GamblersBrew"},{"floor":18,"key":"Regen Potion"}],"is_trial":false,"path_per_floor":["M","?","M","$","M","R","E","M","T","?","R","M","M","M","R","B",null,"M","$","M","?","M","R","?","R","T","R","M"],"character_chosen":"IRONCLAD","items_purchased":["Spot Weakness","Entrench","Clash"],"campfire_rested":1,"item_purchase_floors":[4,19,19],"current_hp_per_floor":[53,53,55,55,56,56,48,43,43,43,43,46,51,47,47,51,73,69,69,50,50,28,28,28,67,67,67,0],"gold":0,"neow_bonus":"TRANSFORM_TWO_CARDS","is_prod":false,"is_daily":false,"chose_seed":false,"campfire_upgraded":5,"win_rate":0,"timestamp":1550688089,"path_taken":["M","?","M","$","M","R","E","M","T","?","R","?","M","M","R","BOSS","M","$","M","?","M","R","?","R","T","R","M"],"build_version":"2019-01-23","purchased_purges":1,"victory":false,"max_hp_per_floor":[80,80,80,80,80,80,80,80,80,80,80,80,80,80,80,80,80,80,80,80,80,80,80,80,80,80,80,80],"card_choices":[{"not_picked":["Cleave","Heavy Blade"],"picked":"Rage","floor":1},{"not_picked":["Perfected Strike","Thunderclap"],"picked":"Corruption","floor":3},{"not_picked":["Shrug It Off","Searing Blow"],"picked":"True Grit","floor":5},{"not_picked":["Ghostly Armor","Carnage"],"picked":"Body Slam","floor":7},{"not_picked":["Burning Pact","Flex"],"picked":"True Grit","floor":8},{"not_picked":["Power Through","Twin Strike"],"picked":"Wild Strike","floor":12},{"not_picked":["Seeing Red","Intimidate"],"picked":"Juggernaut","floor":13},{"not_picked":["Fire Breathing","Perfected Strike"],"picked":"Uppercut","floor":14},{"not_picked":["Reaper","Brutality"],"picked":"Double Tap","floor":16},{"not_picked":["Intimidate","Inflame"],"picked":"Pommel Strike","floor":18},{"not_picked":["Body Slam","Whirlwind"],"picked":"Flex+1","floor":20},{"not_picked":["Searing Blow","Clothesline"],"picked":"Wild Strike","floor":22}],"player_experience":813400,"relics_obtained":[{"floor":7,"key":"War Paint"},{"floor":9,"key":"Regal Pillow"},{"floor":26,"key":"Art of War"}],"event_choices":[{"cards_removed":["Strike_R"],"damage_healed":0,"gold_gain":0,"player_choice":"Card Removal","damage_taken":0,"max_hp_gain":0,"max_hp_loss":0,"event_name":"The Cleric","floor":2,"gold_loss":50},{"damage_healed":0,"gold_gain":0,"player_choice":"Gave Potion","damage_taken":0,"relics_obtained":["Anchor"],"max_hp_gain":0,"max_hp_loss":0,"event_name":"WeMeetAgain","floor":10,"gold_loss":0},{"cards_removed":["Defend_R"],"damage_healed":0,"gold_gain":0,"player_choice":"Elegance","damage_taken":0,"max_hp_gain":0,"max_hp_loss":0,"event_name":"Back to Basics","floor":21,"gold_loss":0},{"damage_healed":0,"gold_gain":0,"player_choice":"Paid Fearfully","damage_taken":0,"max_hp_gain":0,"max_hp_loss":0,"event_name":"Masked Bandits","floor":24,"gold_loss":86}],"is_beta":false,"boss_relics":[{"not_picked":["Tiny House","Philosopher\u0027s Stone"],"picked":"Empty Cage"}],"items_purged_floors":[19],"is_endless":false,"potions_floor_spawned":[5,7,12,14,18],"killed_by":"Cultist and Chosen","ascension_level":12}