{"gold_per_floor":[119,119,133,133,151,182,182,214,241,38,3,3,13,30,30,102,102,114,128,128,128],"floor_reached":21,"playtime":673,"items_purged":["Strike_G"],"score":340,"play_id":"bd4fbaee-921a-40cd-a270-bdad675fdc36","local_time":"20190610103052","is_ascension_mode":true,"campfire_choices":[{"floor":7,"key":"REST"},{"data":"Noxious Fumes","floor":12,"key":"SMITH"},{"data":"Footwork","floor":15,"key":"SMITH"}],"neow_cost":"NONE","seed_source_timestamp":280265593764100,"circlet_count":0,"master_deck":["AscendersBane","Defend_G","Defend_G","Defend_G","Defend_G","Defend_G","Strike_G","Strike_G","Strike_G","Strike_G","Survivor","Neutralize+1","Quick Slash","Deflect","Noxious Fumes+1","Escape Plan","Masterful Stab","Noxious Fumes","Dash","Footwork+1","Backflip","Envenom","Sucker Punch+1","Deadly Poison"],"relics":["Ring of the Snake","NeowsBlessing","Bronze Scales","Art of War","Paper Crane","Snake Skull","Sozu"],"potions_floor_usage":[6,6,16],"damage_taken":[{"damage":0,"enemies":"Cultist","floor":1,"turns":1},{"damage":0,"enemies":"2 Louse","floor":3,"turns":1},{"damage":0,"enemies":"Small Slimes","floor":5,"turns":1},{"damage":20,"enemies":"3 Sentries","floor":6,"turns":7},{"damage":30,"enemies":"Gremlin Nob","floor":8,"turns":5},{"damage":0,"enemies":"Red Slaver","floor":13,"turns":3},{"damage":1,"enemies":"Blue Slaver","floor":14,"turns":3},{"damage":21,"enemies":"The Guardian","floor":16,"turns":8},{"damage":9,"enemies":"Spheric Guardian","floor":18,"turns":5},{"damage":1,"enemies":"Shell Parasite","floor":19,"turns":5},{"damage":37,"enemies":"3 Cultists","floor":21,"turns":4}],"seed_played":"-149156141859698869","potions_obtained":[{"floor":1,"key":"LiquidBronze"},{"floor":3,"key":"Weak Potion"},{"floor":13,"key":"SmokeBomb"},{"floor":14,"key":"Strength Potion"}],"is_trial":false,"path_per_floor":["M","?","M","?","M","E","R","E","T","$","?","R","M","M","R","B",null,"M","M","?","M"],"character_chosen":"THE_SILENT","items_purchased":["Noxious Fumes","Dash"],"campfire_rested":1,"item_purchase_floors":[10,10],"current_hp_per_floor":[59,41,41,41,41,21,40,10,10,10,26,26,26,25,25,4,51,42,41,37,0],"gold":128,"neow_bonus":"THREE_ENEMY_KILL","is_prod":false,"is_daily":false,"chose_seed":false,"campfire_upgraded":2,"win_rate":0,"timestamp":1560155452,"path_taken":["M","?","M","?","?","E","R","E","T","$","?","R","M","M","R","BOSS","M","M","?","?"],"build_version":"2019-01-23","purchased_purges":1,"victory":false,"max_hp_per_floor":[66,66,66,66,66,66,66,66,66,66,66,66,66,66,66,66,66,66,66,66,66],"card_choices":[{"not_picked":["Expertise","Accuracy"],"picked":"Quick Slash","floor":1},{"not_picked":["Underhanded Strike","PiercingWail"],"picked":"Deflect","floor":3},{"not_picked":["Sucker Punch","Prepared"],"picked":"Noxious Fumes","floor":5},{"not_picked":["Sucker Punch","Acrobatics"],"picked":"Escape Plan","floor":6},{"not_picked":["Sucker Punch","Prepared"],"picked":"Masterful Stab","floor":8},{"not_picked":["Dagger Spray","Cloak And Dagger"],"picked":"Footwork","floor":13},{"not_picked":["PiercingWail","Terror"],"picked":"Backflip","floor":14},{"not_picked":["Burst","Night Terror"],"picked":"Envenom","floor":16},{"not_picked":["Quick Slash","Slice"],"picked":"Sucker Punch+1","floor":18},{"not_picked":["Sucker Punch","Outmaneuver+1"],"picked":"Deadly Poison","floor":19}],"player_experience":1272381,"relics_obtained":[{"floor":6,"key":"Art of War"},{"floor":8,"key":"Paper Crane"},{"floor":9,"key":"Snake Skull"}],"event_choices":[{"damage_healed":0,"gold_gain":0,"player_choice":"Success","damage_taken":18,"relics_obtained":["Bronze Scales"],"max_hp_gain":0,"max_hp_loss":0,"event_name":"Scrap Ooze","floor":2,"gold_loss":0},{"damage_healed":0,"gold_gain":0,"player_choice":"Upgraded","damage_taken":0,"max_hp_gain":0,"max_hp_loss":0,"event_name":"Upgrade Shrine","floor":4,"gold_loss":0,"cards_upgraded":["Neutralize"]},{"damage_healed":16,"gold_gain":0,"player_choice":"Healed","damage_taken":0,"max_hp_gain":0,"max_hp_loss":0,"event_name":"The Cleric","floor":11,"gold_loss":35},{"damage_healed":0,"gold_gain":0,"player_choice":"Bought 0 Potions","damage_taken":0,"max_hp_gain":0,"max_hp_loss":0,"event_name":"The Woman in Blue","floor":20,"gold_loss":0}],"is_beta":false,"boss_relics":[{"not_picked":["Philosopher\u0027s Stone","Ectoplasm"],"picked":"Sozu"}],"items_purged_floors":[10],"is_endless":false,"potions_floor_spawned":[1,3,13,14],"killed_by":"3 Cultists","ascension_level":16}