{"gold_per_floor":[111,130,130,140,140,174,174,193,216,245,20,20,20,47,47,126,126,145,145,158,158,158,221,237,237,261,261,271,304,19,32,32,106,106,120,120,130,42,42,69,69,69,69,69,82,27,62,37,37,37],"floor_reached":50,"playtime":1932,"items_purged":["A Thousand Cuts"],"score":1067,"play_id":"817e2bea-5b57-42d3-83da-18549b2d025c","local_time":"20190613024203","is_ascension_mode":true,"campfire_choices":[{"floor":7,"key":"REST"},{"data":"Skewer","floor":15,"key":"SMITH"},{"floor":25,"key":"REST"},{"data":"A Thousand Cuts","floor":27,"key":"SMITH"},{"floor":32,"key":"REST"},{"data":"Envenom","floor":41,"key":"SMITH"},{"floor":44,"key":"REST"},{"floor":49,"key":"REST"}],"neow_cost":"NONE","seed_source_timestamp":93606652365400,"circlet_count":0,"master_deck":["AscendersBane","Neutralize","Flying Knee","Skewer+1","Escape Plan+1","Bouncing Flask+1","Setup+1","Backflip+1","Backflip+1","A Thousand Cuts+1","Outmaneuver+1","Corpse Explosion+1","Leg Sweep+1","Doppelganger+1","Night Terror+1","Finisher+1","Backstab","Adrenaline+1","Deflect+1","Endless Agony+1","Deadly Poison+1","Backstab+1","Footwork+1","Chrysalis+1","Acrobatics+1","Envenom+1","Corpse Explosion+1","Infinite Blades+1","Endless Agony+1","Reflex+1","Crippling Poison+1","Calculated Gamble+1","Catalyst+1","Finesse+1","Good Instincts+1","Madness+1","Escape Plan+1","Malaise+1","Deadly Poison+1"],"relics":["Ring of the Snake","NeowsBlessing","Toxic Egg 2","Incense Burner","Darkstone Periapt","Ancient Tea Set","Vajra","Snake Skull","Strawberry","Nloth\u0027s Gift","Bottled Flame","Tiny Chest","Whetstone","Sundial","Astrolabe","Meat on the Bone","PreservedInsect","Question Card","Blood Vial"],"potions_floor_usage":[6,10,29,33,40,47,50],"damage_taken":[{"damage":0,"enemies":"Small Slimes","floor":1,"turns":1},{"damage":0,"enemies":"Jaw Worm","floor":2,"turns":1},{"damage":0,"enemies":"2 Louse","floor":4,"turns":1},{"damage":27,"enemies":"Lagavulin","floor":6,"turns":8},{"damage":0,"enemies":"Large Slime","floor":8,"turns":6},{"damage":25,"enemies":"Gremlin Nob","floor":10,"turns":4},{"damage":10,"enemies":"Lagavulin","floor":14,"turns":6},{"damage":22,"enemies":"Slime Boss","floor":16,"turns":10},{"damage":0,"enemies":"Chosen","floor":18,"turns":3},{"damage":1,"enemies":"Shell Parasite","floor":20,"turns":3},{"damage":30,"enemies":"Slavers","floor":23,"turns":4},{"damage":0,"enemies":"3 Cultists","floor":24,"turns":2},{"damage":1,"enemies":"Shelled Parasite and Fungi","floor":28,"turns":3},{"damage":18,"enemies":"Book of Stabbing","floor":29,"turns":5},{"damage":6,"enemies":"Centurion and Healer","floor":31,"turns":3},{"damage":10,"enemies":"Collector","floor":33,"turns":7},{"damage":0,"enemies":"Orb Walker","floor":35,"turns":3},{"damage":11,"enemies":"3 Shapes","floor":37,"turns":3},{"damage":4,"enemies":"Nemesis","floor":40,"turns":5},{"damage":18,"enemies":"Spire Growth","floor":45,"turns":4},{"damage":0,"enemies":"Giant Head","floor":47,"turns":6},{"damage":90,"enemies":"Time Eater","floor":50,"turns":6}],"seed_played":"8718260619586532480","potions_obtained":[{"floor":2,"key":"Ancient Potion"},{"floor":6,"key":"Weak Potion"},{"floor":14,"key":"FairyPotion"},{"floor":23,"key":"Dexterity Potion"},{"floor":28,"key":"GhostInAJar"},{"floor":33,"key":"SneckoOil"},{"floor":37,"key":"EssenceOfSteel"}],"is_trial":false,"path_per_floor":["M","M","?","M","T","E","R","M","T","E","$","?","?","E","R","B",null,"M","?","M","?","T","E","M","R","T","R","M","E","$","M","R","B",null,"M","T","M","$","?","E","R","?","T","R","M","$","E","$","R","B"],"character_chosen":"THE_SILENT","items_purchased":["Snake Skull","Backflip+1","Chrysalis+1","Calculated Gamble+1","Energy Potion","Deadly Poison+1"],"campfire_rested":5,"item_purchase_floors":[11,11,30,38,46,48],"current_hp_per_floor":[59,59,41,41,41,14,33,33,33,8,8,30,30,27,27,5,56,56,56,55,55,55,25,25,46,46,46,45,27,27,21,42,32,63,63,63,52,52,52,48,48,38,38,59,41,41,41,41,62,0],"gold":37,"neow_bonus":"THREE_ENEMY_KILL","is_prod":false,"is_daily":false,"chose_seed":false,"campfire_upgraded":3,"win_rate":0,"timestamp":1560386523,"path_taken":["M","M","?","M","?","E","R","M","T","E","$","?","?","E","R","BOSS","M","?","?","?","?","E","M","R","T","R","M","E","$","M","R","BOSS","M","?","?","$","?","E","R","?","T","R","M","?","E","$","R","BOSS"],"build_version":"2019-01-23","purchased_purges":1,"victory":false,"max_hp_per_floor":[66,66,66,66,66,66,66,66,66,66,66,66,66,73,73,73,73,73,73,73,73,73,73,73,73,73,73,73,73,73,73,73,73,73,73,73,73,73,73,73,73,73,73,73,73,73,73,73,73,73],"card_choices":[{"not_picked":["Underhanded Strike","Outmaneuver"],"picked":"Sucker Punch","floor":1},{"not_picked":["Flechettes","Backflip"],"picked":"Flying Knee","floor":2},{"not_picked":["Dash","Bane"],"picked":"Skewer","floor":4},{"not_picked":["Blade Dance+1","Eviscerate"],"picked":"Escape Plan+1","floor":6},{"not_picked":["Underhanded Strike","Prepared+1"],"picked":"Bouncing Flask+1","floor":8},{"not_picked":["Bane","Sucker Punch"],"picked":"Setup+1","floor":10},{"not_picked":["Bane","Quick Slash"],"picked":"Backflip+1","floor":14},{"not_picked":["Die Die Die","Unload"],"picked":"A Thousand Cuts","floor":16},{"not_picked":["Concentrate+1","Reflex+1"],"picked":"Deflect+1","floor":18},{"not_picked":["Dagger Throw","Leg Sweep+1"],"picked":"Endless Agony","floor":20},{"not_picked":["Flying Knee","Dodge and Roll+1"],"picked":"Deadly Poison+1","floor":23},{"not_picked":["Endless Agony","Skewer"],"picked":"Backstab+1","floor":24},{"not_picked":["Deadly Poison+1","Outmaneuver+1"],"picked":"Footwork+1","floor":28},{"not_picked":["Unload","Bane"],"picked":"Blade Dance+1","floor":29},{"not_picked":["Backstab","Accuracy"],"picked":"Acrobatics+1","floor":31},{"not_picked":["Glass Knife","Venomology+1"],"picked":"Envenom","floor":33},{"not_picked":["Quick Slash","Caltrops"],"picked":"Reflex+1","floor":35},{"not_picked":["Dagger Throw+1","PiercingWail+1"],"picked":"Crippling Poison+1","floor":37},{"not_picked":["Setup+1","Venomology+1"],"picked":"Catalyst+1","floor":40},{"not_picked":["Blind+1","Master of Strategy+1"],"picked":"Finesse+1","floor":42},{"not_picked":["Mind Blast","PanicButton+1"],"picked":"Good Instincts+1","floor":42},{"not_picked":["Deep Breath+1","HandOfGreed"],"picked":"Madness+1","floor":42},{"not_picked":["PiercingWail+1","Skewer","Heel Hook+1"],"picked":"Escape Plan+1","floor":45},{"not_picked":["Concentrate+1","Cloak And Dagger+1","Venomology+1"],"picked":"Malaise+1","floor":47}],"player_experience":1312309,"relics_obtained":[{"floor":5,"key":"Incense Burner"},{"floor":6,"key":"Darkstone Periapt"},{"floor":9,"key":"Ancient Tea Set"},{"floor":10,"key":"Vajra"},{"floor":14,"key":"Strawberry"},{"floor":22,"key":"Bottled Flame"},{"floor":23,"key":"Tiny Chest"},{"floor":26,"key":"Whetstone"},{"floor":29,"key":"Sundial"},{"floor":36,"key":"Meat on the Bone"},{"floor":40,"key":"PreservedInsect"},{"floor":43,"key":"Question Card"},{"floor":47,"key":"Blood Vial"}],"event_choices":[{"damage_healed":0,"gold_gain":0,"player_choice":"Success","damage_taken":18,"relics_obtained":["Toxic Egg 2"],"max_hp_gain":0,"max_hp_loss":0,"event_name":"Scrap Ooze","floor":3,"gold_loss":0},{"damage_healed":22,"gold_gain":0,"player_choice":"Banana","damage_taken":0,"max_hp_gain":0,"max_hp_loss":0,"event_name":"Big Fish","floor":12,"gold_loss":0},{"damage_healed":0,"gold_gain":0,"player_choice":"Ignored","damage_taken":0,"max_hp_gain":0,"max_hp_loss":0,"event_name":"Shining Light","floor":13,"gold_loss":0},{"damage_healed":0,"gold_gain":0,"player_choice":"Traded Relic","damage_taken":0,"relics_obtained":["Nloth\u0027s Gift"],"max_hp_gain":0,"max_hp_loss":0,"event_name":"N\u0027loth","floor":19,"relics_lost":["Pandora\u0027s Box"],"gold_loss":0},{"damage_healed":0,"gold_gain":0,"player_choice":"Ignored","damage_taken":0,"max_hp_gain":0,"max_hp_loss":0,"event_name":"Vampires","floor":21,"gold_loss":0},{"cards_removed":["Blade Dance"],"damage_healed":0,"gold_gain":0,"player_choice":"Removed Skill","damage_taken":0,"max_hp_gain":0,"max_hp_loss":0,"event_name":"Falling","floor":39,"gold_loss":0},{"damage_healed":0,"gold_gain":0,"player_choice":"Memory 3","damage_taken":10,"max_hp_gain":0,"max_hp_loss":0,"event_name":"SensoryStone","floor":42,"gold_loss":0}],"is_beta":false,"boss_relics":[{"not_picked":["HoveringKite","Orrery"],"picked":"Pandora\u0027s Box"},{"not_picked":["Coffee Dripper","Runic Pyramid"],"picked":"Astrolabe"}],"items_purged_floors":[30],"is_endless":false,"potions_floor_spawned":[2,6,14,23,28,33,37],"killed_by":"Time Eater","ascension_level":16}