{"gold_per_floor":[114,124,124,140,140,172,172,201,201,47,47,77,102,2,2,81,81,95,145,145,158,22,22,38,38,38,49,68,82,92,92],"floor_reached":31,"playtime":1461,"items_purged":["Strike_R","Strike_R"],"score":549,"play_id":"fbaf05cd-2a35-4336-8f1d-bddd8126b2d0","local_time":"20190609021613","is_ascension_mode":true,"campfire_choices":[{"floor":7,"key":"REST"},{"data":"Body Slam","floor":11,"key":"SMITH"},{"data":"1","floor":15,"key":"LIFT"},{"data":"2","floor":23,"key":"LIFT"},{"floor":25,"key":"REST"}],"neow_cost":"NONE","seed_source_timestamp":163393217713800,"circlet_count":0,"master_deck":["AscendersBane","Strike_R+1","Strike_R+1","Defend_R","Bash","Headbutt","Body Slam+1","Power Through","Second Wind","Clash","Corruption","Battle Trance","Exhume","Limit Break","Warcry+1","Rupture+1","Metallicize+1","Havoc","Heavy Blade","Clash","Shrug It Off","Disarm","Rupture+1","Body Slam","Bludgeon","Heavy Blade"],"relics":["Burning Blood","Pen Nib","Girya","Magic Flower","Dead Branch","Odd Mushroom","Sundial","Astrolabe","Ice Cream"],"potions_floor_usage":[6,8,16,18,21,29],"damage_taken":[{"damage":2,"enemies":"2 Louse","floor":1,"turns":3},{"damage":11,"enemies":"Jaw Worm","floor":2,"turns":4},{"damage":1,"enemies":"Cultist","floor":4,"turns":3},{"damage":29,"enemies":"Lagavulin","floor":6,"turns":7},{"damage":16,"enemies":"Gremlin Nob","floor":8,"turns":3},{"damage":1,"enemies":"The Mushroom Lair","floor":12,"turns":4},{"damage":18,"enemies":"3 Sentries","floor":13,"turns":4},{"damage":0,"enemies":"Slime Boss","floor":16,"turns":3},{"damage":33,"enemies":"3 Byrds","floor":18,"turns":6},{"damage":15,"enemies":"Shell Parasite","floor":21,"turns":6},{"damage":21,"enemies":"Shelled Parasite and Fungi","floor":24,"turns":5},{"damage":11,"enemies":"Centurion and Healer","floor":27,"turns":6},{"damage":42,"enemies":"Sentry and Sphere","floor":28,"turns":6},{"damage":0,"enemies":"Snake Plant","floor":29,"turns":2},{"damage":24,"enemies":"Centurion and Healer","floor":30,"turns":5},{"damage":26,"enemies":"3 Cultists","floor":31,"turns":3}],"seed_played":"-4791681607254235066","potions_obtained":[{"floor":2,"key":"Energy Potion"},{"floor":6,"key":"Strength Potion"},{"floor":12,"key":"GamblersBrew"},{"floor":13,"key":"LiquidBronze"},{"floor":18,"key":"Regen Potion"},{"floor":27,"key":"Poison Potion"},{"floor":28,"key":"Weak Potion"}],"is_trial":false,"path_per_floor":["M","M","?","M","?","E","R","E","T","$","R","?","E","$","R","B",null,"M","?","$","M","$","R","M","R","T","M","M","M","M","M"],"character_chosen":"IRONCLAD","items_purchased":["Corruption","Clash","PowerPotion","Shrug It Off"],"campfire_rested":2,"item_purchase_floors":[10,22,22,22],"current_hp_per_floor":[72,67,60,65,42,19,41,31,31,31,31,39,30,30,30,39,66,42,35,35,53,53,53,41,63,63,61,28,37,22,0],"gold":92,"neow_bonus":"RANDOM_COMMON_RELIC","is_prod":false,"is_daily":false,"chose_seed":false,"campfire_upgraded":1,"win_rate":0,"timestamp":1560039373,"path_taken":["M","M","?","M","?","E","R","E","T","$","R","?","E","?","R","BOSS","M","?","$","M","$","R","M","R","T","?","?","M","M","M"],"build_version":"2019-01-23","purchased_purges":2,"victory":false,"max_hp_per_floor":[75,75,75,75,75,75,75,75,75,75,75,75,75,75,75,75,75,75,75,75,75,75,75,75,75,75,75,75,75,75,75],"card_choices":[{"not_picked":["True Grit","Carnage"],"picked":"Headbutt","floor":1},{"not_picked":["Sentinel","Sword Boomerang"],"picked":"Body Slam","floor":2},{"not_picked":["Twin Strike","Flex"],"picked":"Power Through","floor":4},{"not_picked":["Warcry","Reaper"],"picked":"Second Wind","floor":6},{"not_picked":["Reckless Charge","Combust"],"picked":"Clash","floor":8},{"not_picked":["Clothesline","Heavy Blade"],"picked":"Battle Trance","floor":12},{"not_picked":["True Grit","Sword Boomerang"],"picked":"Exhume","floor":13},{"not_picked":["Bludgeon","Fiend Fire"],"picked":"Limit Break","floor":16},{"not_picked":["Sword Boomerang","Intimidate"],"picked":"Havoc","floor":18},{"not_picked":["Wild Strike","Rampage"],"picked":"Heavy Blade","floor":21},{"not_picked":["Twin Strike","Clothesline"],"picked":"Disarm","floor":24},{"not_picked":["Clothesline","Cleave"],"picked":"Rupture+1","floor":27},{"not_picked":["Iron Wave","Headbutt"],"picked":"Body Slam","floor":28},{"not_picked":["Battle Trance","Heavy Blade"],"picked":"Bludgeon","floor":29},{"not_picked":["Sword Boomerang","Searing Blow"],"picked":"Heavy Blade","floor":30}],"player_experience":1244397,"relics_obtained":[{"floor":6,"key":"Girya"},{"floor":8,"key":"Magic Flower"},{"floor":9,"key":"Dead Branch"},{"floor":12,"key":"Odd Mushroom"},{"floor":13,"key":"Sundial"},{"floor":26,"key":"Ice Cream"}],"event_choices":[{"cards_removed":["Strike_R"],"damage_healed":0,"gold_gain":0,"player_choice":"Card Removal","damage_taken":7,"max_hp_gain":0,"max_hp_loss":0,"event_name":"Golden Wing","floor":3,"gold_loss":0},{"damage_healed":0,"gold_gain":0,"player_choice":"Entered Light","damage_taken":23,"max_hp_gain":0,"max_hp_loss":0,"event_name":"Shining Light","floor":5,"gold_loss":0,"cards_upgraded":["Strike_R","Strike_R"]},{"damage_healed":0,"gold_gain":0,"player_choice":"Fought Mushrooms","damage_taken":0,"max_hp_gain":0,"max_hp_loss":0,"event_name":"Mushrooms","floor":12,"gold_loss":0},{"damage_healed":0,"gold_gain":50,"player_choice":"Touch","damage_taken":7,"max_hp_gain":0,"max_hp_loss":0,"event_name":"FaceTrader","floor":19,"gold_loss":0}],"is_beta":false,"boss_relics":[{"not_picked":["Velvet Choker","Orrery"],"picked":"Astrolabe"}],"items_purged_floors":[10,14],"is_endless":false,"potions_floor_spawned":[2,6,12,13,18,27,28],"killed_by":"3 Cultists","ascension_level":16}