{"gold_per_floor":[359,30,50,11,29,29,57,57,57,90,90,100,114,142,142,238,238,257,274,81,4,4,4,17,17,17,17,47,47,75,91,91,186,186,205,205,205,0,0,0,100,111,181,181,181,181,201,201,201,201],"floor_reached":50,"playtime":1945,"items_purged":["Normality"],"score":855,"play_id":"118bf788-d13a-46a2-ac0f-b8623abdf11a","local_time":"20180815234547","is_ascension_mode":true,"campfire_choices":[{"data":"Shrug It Off","floor":6,"key":"SMITH"},{"data":"True Grit","floor":8,"key":"SMITH"},{"data":"Bash","floor":11,"key":"SMITH"},{"floor":15,"key":"REST"},{"data":"True Grit","floor":23,"key":"SMITH"},{"data":"J.A.X.","floor":27,"key":"SMITH"},{"data":"Defend_R","floor":32,"key":"SMITH"},{"data":"Defend_R","floor":40,"key":"SMITH"},{"data":"Strike_R","floor":45,"key":"SMITH"},{"data":"Strike_R","floor":49,"key":"SMITH"}],"neow_cost":"CURSE","seed_source_timestamp":603071119704819,"circlet_count":0,"master_deck":["Strike_R","Strike_R","Strike_R","Strike_R+1","Strike_R+1","Defend_R+1","Defend_R+1","Bash+1","AscendersBane","Shrug It Off+1","Wild Strike+1","Ghostly Armor+1","Rampage+1","True Grit+1","Feed+1","Headbutt+1","Wild Strike+1","Cleave+1","Immolate+1","True Grit+1","Perfected Strike+1","J.A.X.+1","Reckless Charge+1","Whirlwind+1","Wild Strike+1","Metallicize+1","Reaper+1","Panacea+1","Mind Blast+1","Flame Barrier+1","Blood for Blood+1","Madness+1","Madness+1"],"relics":["Burning Blood","Molten Egg 2","Sundial","Mango","Thread and Needle","Juzu Bracelet","Velvet Choker","Lee\u0027s Waffle","Toxic Egg 2","Frozen Egg 2","Orichalcum","War Paint","Eternal Feather","Red Mask","Mercury Hourglass","Darkstone Periapt"],"potions_floor_usage":[7,10,30,50],"damage_taken":[{"damage":6,"enemies":"Cultist","floor":1,"turns":4},{"damage":7,"enemies":"Jaw Worm","floor":3,"turns":3},{"damage":2,"enemies":"Small Slimes","floor":5,"turns":2},{"damage":30,"enemies":"Gremlin Nob","floor":7,"turns":5},{"damage":29,"enemies":"Lagavulin","floor":10,"turns":9},{"damage":2,"enemies":"2 Fungi Beasts","floor":12,"turns":4},{"damage":0,"enemies":"Red Slaver","floor":13,"turns":4},{"damage":8,"enemies":"Gremlin Nob","floor":14,"turns":4},{"damage":79,"enemies":"Hexaghost","floor":16,"turns":10},{"damage":0,"enemies":"Chosen","floor":18,"turns":3},{"damage":0,"enemies":"Spheric Guardian","floor":19,"turns":3},{"damage":14,"enemies":"Snecko","floor":24,"turns":3},{"damage":0,"enemies":"Gremlin Leader","floor":28,"turns":4},{"damage":6,"enemies":"Slavers","floor":30,"turns":3},{"damage":14,"enemies":"Snake Plant","floor":31,"turns":2},{"damage":71,"enemies":"Champ","floor":33,"turns":12},{"damage":0,"enemies":"3 Shapes","floor":35,"turns":1},{"damage":5,"enemies":"3 Darklings","floor":42,"turns":5},{"damage":0,"enemies":"Flame Bruiser 2 Orb","floor":47,"turns":3},{"damage":119,"enemies":"Donu and Deca","floor":50,"turns":11}],"seed_played":"9127814165288704381","potions_obtained":[{"floor":1,"key":"Regen Potion"},{"floor":5,"key":"Weak Potion"},{"floor":7,"key":"SteroidPotion"},{"floor":13,"key":"SneckoOil"},{"floor":24,"key":"Swift Potion"},{"floor":28,"key":"SpeedPotion"},{"floor":35,"key":"FearPotion"}],"is_trial":false,"path_per_floor":["M","$","M","$","M","R","E","R","T","E","R","M","M","E","R","B",null,"M","M","$","?","?","R","M","?","T","R","E","$","E","M","R","B",null,"M","?","?","?","?","R","?","M","T","?","R","T","M","?","R"],"character_chosen":"IRONCLAD","items_purchased":["Molten Egg 2","Ghostly Armor","Lee\u0027s Waffle"],"campfire_rested":1,"item_purchase_floors":[2,4,20],"current_hp_per_floor":[72,72,71,71,75,75,51,51,65,57,57,61,67,65,93,20,76,82,92,105,105,105,105,97,97,97,97,103,103,107,99,99,34,90,96,91,91,91,91,106,106,107,107,107,109,109,109,95,109,0],"gold":201,"neow_bonus":"TWO_FIFTY_GOLD","is_prod":false,"is_daily":false,"chose_seed":false,"campfire_upgraded":9,"win_rate":0,"timestamp":1534373147,"path_taken":["M","$","M","$","M","R","E","R","T","E","R","?","?","E","R","BOSS","M","M","$","?","?","R","M","?","T","R","E","?","E","M","R","BOSS","M","?","?","?","?","R","?","M","T","?","R","?","M","?","R","BOSS"],"build_version":"2018-08-09","purchased_purges":1,"victory":false,"max_hp_per_floor":[80,80,80,80,80,80,80,80,94,94,94,94,94,94,94,94,94,94,98,105,105,105,105,105,105,105,105,105,105,109,109,109,109,109,109,109,109,109,109,109,109,109,109,109,109,109,109,109,109,109],"card_choices":[{"not_picked":["Wild Strike","Sword Boomerang"],"picked":"Shrug It Off","floor":1},{"not_picked":["Perfected Strike+1","Clash+1"],"picked":"Wild Strike+1","floor":3},{"not_picked":["Clash+1","Shrug It Off"],"picked":"Rampage+1","floor":5},{"not_picked":["Clash+1","Rupture"],"picked":"True Grit","floor":7},{"not_picked":["Rage","Reckless Charge+1"],"picked":"Feed+1","floor":10},{"not_picked":["Battle Trance","Body Slam+1"],"picked":"Headbutt+1","floor":12},{"not_picked":["Spot Weakness","Clash+1"],"picked":"Wild Strike+1","floor":13},{"not_picked":["Reckless Charge+1","Sword Boomerang+1"],"picked":"Cleave+1","floor":14},{"not_picked":["Double Tap","Brutality"],"picked":"Immolate+1","floor":16},{"not_picked":["Thunderclap+1","Rupture+1"],"picked":"True Grit","floor":18},{"not_picked":["Intimidate+1","Infernal Blade+1"],"picked":"Perfected Strike+1","floor":19},{"not_picked":["Sword Boomerang+1","Combust"],"picked":"Whirlwind+1","floor":24},{"not_picked":["Hemokinesis+1","Anger+1"],"picked":"Wild Strike+1","floor":28},{"not_picked":["Dark Embrace+1","Cleave+1"],"picked":"Metallicize+1","floor":30},{"not_picked":["Warcry+1","Rage+1","Twin Strike+1"],"picked":"SKIP","floor":31},{"not_picked":["Double Tap+1","Dark Embrace+1"],"picked":"Reaper+1","floor":33},{"not_picked":["Searing Blow+1","Infernal Blade+1","Warcry+1"],"picked":"SKIP","floor":35},{"not_picked":["Mind Blast+1","Panache+1"],"picked":"Panacea+1","floor":36},{"not_picked":["Flash of Steel+1","Bandage Up+1"],"picked":"Mind Blast+1","floor":36},{"not_picked":["True Grit+1","Clothesline+1"],"picked":"Flame Barrier+1","floor":42},{"not_picked":["Havoc+1","Anger+1"],"picked":"Blood for Blood+1","floor":47}],"player_experience":574264,"relics_obtained":[{"floor":7,"key":"Sundial"},{"floor":9,"key":"Mango"},{"floor":10,"key":"Thread and Needle"},{"floor":14,"key":"Juzu Bracelet"},{"floor":26,"key":"Frozen Egg 2"},{"floor":28,"key":"Orichalcum"},{"floor":30,"key":"War Paint"},{"floor":43,"key":"Mercury Hourglass"},{"floor":46,"key":"Darkstone Periapt"}],"event_choices":[{"event_name":"Drug Dealer","player_choice":"Got JAXXED","floor":21,"damage_taken":0},{"event_name":"Transmorgrifier","player_choice":"Transform","floor":22,"damage_taken":0},{"event_name":"The Mausoleum","player_choice":"Yes","floor":25,"damage_taken":0},{"event_name":"SensoryStone","player_choice":"Memory 2","floor":36,"damage_taken":0},{"event_name":"Falling","player_choice":"Removed Skill","floor":37,"damage_taken":0},{"event_name":"Tomb of Lord Red Mask","player_choice":"Paid","floor":38,"damage_taken":0},{"event_name":"Purifier","player_choice":"One Purge","floor":39,"damage_taken":0},{"event_name":"Golden Shrine","player_choice":"Pray","floor":41,"damage_taken":0},{"event_name":"Mysterious Sphere","player_choice":"Ignore","floor":44,"damage_taken":0},{"event_name":"Winding Halls","player_choice":"Embrace Madness","floor":48,"damage_taken":0}],"is_beta":false,"boss_relics":[{"not_picked":["Pandora\u0027s Box","Lizard Tail"],"picked":"Velvet Choker"},{"not_picked":["Orrery","Calling Bell"],"picked":"Eternal Feather"}],"items_purged_floors":[2],"is_endless":false,"potions_floor_spawned":[1,5,7,13,18,24,28,35],"killed_by":"Donu and Deca","ascension_level":12}