{"gold_per_floor":[110,125,125,125,144,174,174,207,230,230,51,51,67,67,67,141,141,158,169,169,182,182],"floor_reached":22,"playtime":876,"items_purged":["Strike_G"],"score":340,"play_id":"415e2515-a89a-4aee-bd18-16edb7a27d7d","local_time":"20190729204959","is_ascension_mode":true,"campfire_choices":[{"data":"Neutralize","floor":7,"key":"SMITH"},{"floor":10,"key":"REST"},{"data":"Dagger Spray","floor":12,"key":"SMITH"},{"data":"Predator","floor":15,"key":"SMITH"}],"neow_cost":"NONE","seed_source_timestamp":1638754061321559,"circlet_count":0,"master_deck":["AscendersBane","Strike_G","Strike_G","Defend_G","Defend_G","Defend_G","Defend_G","Defend_G","Survivor","Neutralize+1","Poisoned Stab","Poisoned Stab","Endless Agony","Predator+1","Riddle With Holes","Dagger Spray+1","Catalyst","Choke","Glass Knife","Normality","Backflip","Crippling Poison","Neutralize+1","Endless Agony"],"relics":["Ring of the Snake","NeowsBlessing","Blood Vial","Potion Belt","Omamori","Calling Bell","Lantern","Paper Crane","Unceasing Top"],"potions_floor_usage":[6,8,13,16],"damage_taken":[{"damage":0,"enemies":"Jaw Worm","floor":1,"turns":1},{"damage":0,"enemies":"Small Slimes","floor":2,"turns":1},{"damage":0,"enemies":"Cultist","floor":5,"turns":1},{"damage":34,"enemies":"3 Sentries","floor":6,"turns":11},{"damage":9,"enemies":"Lagavulin","floor":8,"turns":5},{"damage":5,"enemies":"Large Slime","floor":13,"turns":5},{"damage":12,"enemies":"Slime Boss","floor":16,"turns":7},{"damage":19,"enemies":"Spheric Guardian","floor":18,"turns":4},{"damage":15,"enemies":"3 Byrds","floor":19,"turns":5},{"damage":19,"enemies":"Centurion and Healer","floor":21,"turns":6},{"damage":23,"enemies":"Sentry and Sphere","floor":22,"turns":3}],"seed_played":"-6615103253448168551","potions_obtained":[{"floor":2,"key":"EssenceOfSteel"},{"floor":6,"key":"Swift Potion"},{"floor":13,"key":"Fruit Juice"},{"floor":19,"key":"Poison Potion"},{"floor":21,"key":"Dexterity Potion"}],"is_trial":false,"path_per_floor":["M","M","?","?","M","E","R","E","T","R","$","R","M","?","R","B",null,"M","M","?","M","M"],"character_chosen":"THE_SILENT","items_purchased":["Dagger Spray","SteroidPotion"],"campfire_rested":1,"item_purchase_floors":[11,11],"current_hp_per_floor":[59,59,52,57,57,23,23,16,16,37,37,37,39,39,39,29,64,47,34,34,17,0],"gold":182,"neow_bonus":"THREE_ENEMY_KILL","is_prod":false,"is_daily":false,"chose_seed":false,"campfire_upgraded":3,"win_rate":0,"timestamp":1564429799,"path_taken":["M","M","?","?","M","E","R","E","T","R","?","R","M","?","R","BOSS","M","M","?","?","M"],"build_version":"2019-07-17","purchased_purges":1,"victory":false,"max_hp_per_floor":[66,66,66,71,71,71,71,71,71,71,71,71,76,76,76,76,76,76,76,76,76,76],"card_choices":[{"not_picked":["Dagger Throw","Deflect"],"picked":"Poisoned Stab","floor":1},{"not_picked":["Underhanded Strike","Deadly Poison"],"picked":"Poisoned Stab","floor":2},{"not_picked":["Dagger Throw","Deflect"],"picked":"Endless Agony","floor":5},{"not_picked":["Heel Hook","Choke"],"picked":"Predator","floor":6},{"not_picked":["Outmaneuver","Underhanded Strike"],"picked":"Riddle With Holes","floor":8},{"not_picked":["PiercingWail","Deflect"],"picked":"Catalyst","floor":13},{"not_picked":["Night Terror","Grand Finale"],"picked":"Glass Knife","floor":16},{"not_picked":["Riddle With Holes","Expertise"],"picked":"Backflip","floor":18},{"not_picked":["Blur","Sucker Punch"],"picked":"Crippling Poison","floor":19},{"not_picked":["Tactician","Acrobatics+1"],"picked":"Endless Agony","floor":21}],"player_experience":1191548,"relics_obtained":[{"floor":6,"key":"Blood Vial"},{"floor":8,"key":"Potion Belt"},{"floor":9,"key":"Omamori"},{"floor":17,"key":"Lantern"},{"floor":17,"key":"Paper Crane"},{"floor":17,"key":"Unceasing Top"}],"event_choices":[{"cards_removed":["Strike_G"],"damage_healed":0,"gold_gain":0,"player_choice":"Card Removal","damage_taken":7,"max_hp_gain":0,"max_hp_loss":0,"event_name":"Golden Wing","floor":3,"gold_loss":0},{"damage_healed":0,"gold_gain":0,"player_choice":"Donut","damage_taken":0,"max_hp_gain":5,"max_hp_loss":0,"event_name":"Big Fish","floor":4,"gold_loss":0},{"damage_healed":0,"gold_gain":0,"cards_transformed":["Strike_G"],"player_choice":"Change","damage_taken":0,"max_hp_gain":0,"max_hp_loss":0,"event_name":"Living Wall","floor":14,"gold_loss":0,"cards_obtained":["Choke"]},{"damage_healed":0,"gold_gain":0,"player_choice":"Copied","damage_taken":0,"max_hp_gain":0,"max_hp_loss":0,"event_name":"Duplicator","floor":20,"gold_loss":0,"cards_obtained":["Neutralize"]}],"is_beta":false,"boss_relics":[{"not_picked":["Velvet Choker","Runic Dome"],"picked":"Calling Bell"}],"items_purged_floors":[11],"is_endless":false,"potions_floor_spawned":[2,6,13,19,21],"killed_by":"Sentry and Sphere","ascension_level":15}