{"gold_per_floor":[114,128,53,53,71,71,130,140,166,166,179,179,79,89,89,187,187,207,207,82,102,102,102,118,135,159,159,174,189,189,199,199,199],"floor_reached":33,"playtime":571,"items_purged":["Strike_R","Defend_R","Strike_R"],"score":276,"play_id":"a3c2930e-2b43-4feb-8144-a58bbea18f6d","local_time":"20190921012809","is_ascension_mode":false,"campfire_choices":[{"data":"Searing Blow","floor":6.0,"key":"SMITH"},{"data":"Searing Blow+1","floor":12.0,"key":"SMITH"},{"data":"Searing Blow+2","floor":15.0,"key":"SMITH"},{"data":"Searing Blow+4","floor":23.0,"key":"SMITH"},{"data":"Searing Blow+5","floor":30.0,"key":"SMITH"},{"data":"Searing Blow+6","floor":32.0,"key":"SMITH"}],"neow_cost":"NONE","seed_source_timestamp":24070488100458,"circlet_count":0,"master_deck":["Strike_R","Strike_R","Defend_R","Defend_R","Bash","Shrug It Off","Flex","Searing Blow+7","Limit Break","Flex+1","Flex+1"],"special_seed":0,"relics":["Mark of Pain","Tiny Chest","Happy Flower","Coffee Dripper","Bag of Preparation"],"potions_floor_usage":[33,33],"damage_taken":[{"damage":2.0,"enemies":"Small Slimes","floor":1.0,"turns":4.0},{"damage":1.0,"enemies":"Cultist","floor":2.0,"turns":3.0},{"damage":0.0,"enemies":"2 Louse","floor":5.0,"turns":2.0},{"damage":5.0,"enemies":"Lagavulin","floor":7.0,"turns":6.0},{"damage":1.0,"enemies":"2 Fungi Beasts","floor":8.0,"turns":3.0},{"damage":22.0,"enemies":"Exordium Thugs","floor":11.0,"turns":4.0},{"damage":0.0,"enemies":"Blue Slaver","floor":14.0,"turns":2.0},{"damage":49.0,"enemies":"The Guardian","floor":16.0,"turns":9.0},{"damage":13.0,"enemies":"Spheric Guardian","floor":18.0,"turns":4.0},{"damage":5.0,"enemies":"2 Thieves","floor":21.0,"turns":3.0},{"damage":16.0,"enemies":"Snake Plant","floor":24.0,"turns":2.0},{"damage":8.0,"enemies":"Shelled Parasite and Fungi","floor":25.0,"turns":3.0},{"damage":2.0,"enemies":"Chosen and Byrds","floor":28.0,"turns":4.0},{"damage":2.0,"enemies":"Cultist and Chosen","floor":29.0,"turns":4.0},{"damage":15.0,"enemies":"Centurion and Healer","floor":31.0,"turns":3.0},{"damage":27,"enemies":"Champ","floor":33,"turns":4}],"seed_played":"-3148873181810557753","potions_obtained":[{"floor":1.0,"key":"LiquidBronze"},{"floor":5.0,"key":"Dexterity Potion"},{"floor":7.0,"key":"BloodPotion"},{"floor":21.0,"key":"SteroidPotion"},{"floor":24.0,"key":"GamblersBrew"}],"is_trial":false,"path_per_floor":["M","M","$","?","M","R","E","M","T","?","M","R","$","M","R","B",null,"M","?","$","M","$","R","M","M","T","?","M","M","R","M","R","B"],"character_chosen":"IRONCLAD","items_purchased":[],"campfire_rested":0,"item_purchase_floors":[],"current_hp_per_floor":[78,77,77,77,77,77,72,71,71,76,71,71,71,71,71,22,85,72,72,72,67,67,67,51,43,43,43,41,39,39,24,24,0],"gold":199,"neow_bonus":"BOSS_RELIC","is_prod":false,"is_daily":false,"chose_seed":false,"campfire_upgraded":6,"win_rate":0,"timestamp":1569050889,"path_taken":["M","M","$","?","?","R","E","M","T","?","M","R","$","M","R","BOSS","M","?","$","M","?","R","M","M","T","?","?","M","R","M","R","BOSS"],"build_version":"2019-09-20","purchased_purges":3,"victory":false,"max_hp_per_floor":[80,80,80,80,80,80,80,80,80,85,85,85,85,85,85,85,85,85,85,85,85,85,85,85,85,85,85,85,85,85,85,85,85],"card_choices":[{"not_picked":["Seeing Red","Entrench"],"picked":"Shrug It Off","floor":1.0},{"not_picked":["Perfected Strike","Wild Strike"],"picked":"Flex","floor":2.0},{"not_picked":["Havoc","Entrench","Pommel Strike"],"picked":"SKIP","floor":5.0},{"not_picked":["Infernal Blade","Anger","Shrug It Off"],"picked":"SKIP","floor":7.0},{"not_picked":["Infernal Blade","Anger","Shrug It Off"],"picked":"SKIP","floor":7.0},{"not_picked":["Second Wind","Wild Strike","Spot Weakness"],"picked":"SKIP","floor":8.0},{"not_picked":["Twin Strike","Entrench","Hemokinesis"],"picked":"SKIP","floor":11.0},{"not_picked":["Rage","Evolve","Flame Barrier"],"picked":"SKIP","floor":14.0},{"not_picked":["Brutality","Berserk"],"picked":"Limit Break","floor":16.0},{"not_picked":["Combust","Pommel Strike"],"picked":"Flex+1","floor":18.0},{"not_picked":["Rupture","Headbutt","Dual Wield"],"picked":"SKIP","floor":21.0},{"not_picked":["Sentinel","Havoc+1"],"picked":"Flex+1","floor":24.0},{"not_picked":["Rage","Corruption","Searing Blow"],"picked":"SKIP","floor":25.0},{"not_picked":["Intimidate+1","Twin Strike","Dropkick"],"picked":"SKIP","floor":28.0},{"not_picked":["Seeing Red","Anger","Iron Wave"],"picked":"SKIP","floor":29.0},{"not_picked":["Clothesline","Combust","Anger"],"picked":"SKIP","floor":31.0}],"player_experience":1559469,"relics_obtained":[{"floor":7.0,"key":"Tiny Chest"},{"floor":9.0,"key":"Happy Flower"},{"floor":26.0,"key":"Bag of Preparation"}],"event_choices":[{"damage_healed":0.0,"max_hp_gain":0.0,"max_hp_loss":0.0,"gold_gain":0.0,"cards_transformed":["Defend_R"],"event_name":"Transmorgrifier","player_choice":"Transformed","floor":4.0,"gold_loss":0.0,"damage_taken":0.0,"cards_obtained":["Searing Blow"]},{"damage_healed":0.0,"max_hp_gain":5.0,"max_hp_loss":0.0,"gold_gain":0.0,"event_name":"Big Fish","player_choice":"Donut","floor":10.0,"gold_loss":0.0,"damage_taken":0.0},{"damage_healed":0.0,"max_hp_gain":0.0,"max_hp_loss":0.0,"gold_gain":0.0,"event_name":"Upgrade Shrine","player_choice":"Upgraded","floor":19.0,"gold_loss":0.0,"damage_taken":0.0,"cards_upgraded":["Searing Blow"]},{"cards_removed":["Strike_R"],"damage_healed":0.0,"max_hp_gain":0.0,"max_hp_loss":0.0,"gold_gain":0.0,"event_name":"Back to Basics","player_choice":"Elegance","floor":27.0,"gold_loss":0.0,"damage_taken":0.0}],"is_beta":true,"boss_relics":[{"not_picked":["Fusion Hammer","Calling Bell"],"picked":"Coffee Dripper"}],"items_purged_floors":[3,13,20],"is_endless":false,"potions_floor_spawned":[1,5,7,21,24],"killed_by":"Champ","ascension_level":0}