{"gold_per_floor":[99,118,135,135,14,43,43,43,43,63,15,29,29,29,29,128,128,146,46,46],"floor_reached":20,"playtime":1216,"items_purged":["Shame","Strike_B"],"score":172,"play_id":"b7791c02-c321-4a13-8a42-3ded3a934918","local_time":"20190601233703","is_ascension_mode":false,"campfire_choices":[{"data":"Beam Cell","floor":7,"key":"SMITH"},{"data":"Dualcast","floor":15,"key":"SMITH"}],"neow_cost":"CURSE","seed_source_timestamp":713533128785835,"circlet_count":0,"master_deck":["Strike_B","Strike_B","Defend_B","Defend_B","Defend_B","Defend_B","Zap","Dualcast+1","BootSequence","Beam Cell+1","Turbo","Steam","Turbo","Turbo","Machine Learning","Sweeping Beam"],"relics":["Cracked Core","Kunai","Vajra","Turnip","Sozu"],"potions_floor_usage":[6,16],"damage_taken":[{"damage":3,"enemies":"Cultist","floor":1,"turns":4},{"damage":0,"enemies":"Small Slimes","floor":2,"turns":2},{"damage":2,"enemies":"2 Louse","floor":3,"turns":2},{"damage":8,"enemies":"Lagavulin","floor":6,"turns":8},{"damage":0,"enemies":"2 Fungi Beasts","floor":10,"turns":3},{"damage":3,"enemies":"Red Slaver","floor":12,"turns":3},{"damage":56,"enemies":"The Guardian","floor":16,"turns":14},{"damage":13,"enemies":"Spheric Guardian","floor":18,"turns":6},{"damage":0,"enemies":"3 Byrds","floor":20,"turns":1}],"seed_played":"3848105663566931906","potions_obtained":[{"floor":2,"key":"SpeedPotion"},{"floor":6,"key":"SpeedPotion"}],"is_trial":false,"path_per_floor":["M","M","M","?","$","E","R","?","T","M","$","M","?","$","R","B",null,"M","$","M"],"character_chosen":"DEFECT","items_purchased":["Turbo","Turbo"],"campfire_rested":0,"item_purchase_floors":[5,11],"current_hp_per_floor":[86,86,84,72,72,64,64,89,89,89,89,86,86,86,86,30,89,76,76,76],"gold":46,"neow_bonus":"TWENTY_PERCENT_HP_BONUS","is_prod":false,"is_daily":false,"chose_seed":false,"campfire_upgraded":2,"win_rate":0.0,"timestamp":1559446623,"path_taken":["M","M","M","?","$","E","R","?","T","?","?","M","?","$","R","BOSS","M","$","M"],"build_version":"2019-01-23","purchased_purges":2,"victory":false,"max_hp_per_floor":[89,89,89,89,89,89,89,89,89,89,89,89,89,89,89,89,89,89,89,89],"card_choices":[{"not_picked":["Defragment","Coolheaded"],"picked":"BootSequence","floor":1},{"not_picked":["Glacier","Redo"],"picked":"Beam Cell","floor":2},{"not_picked":["Barrage","Gash","Conserve Battery"],"picked":"SKIP","floor":3},{"not_picked":["Defragment","Aggregate","Hyperbeam"],"picked":"SKIP","floor":6},{"not_picked":["Steam Power","Leap"],"picked":"Steam","floor":10},{"not_picked":["Rebound","Coolheaded"],"picked":"Turbo","floor":12},{"not_picked":["Amplify","Creative AI"],"picked":"Machine Learning","floor":16},{"not_picked":["Auto Shields","Rebound"],"picked":"Sweeping Beam","floor":18}],"player_experience":90896,"relics_obtained":[{"floor":6,"key":"Vajra"},{"floor":9,"key":"Turnip"}],"event_choices":[{"damage_healed":0,"gold_gain":0,"player_choice":"Success","damage_taken":12,"relics_obtained":["Kunai"],"max_hp_gain":0,"max_hp_loss":0,"event_name":"Scrap Ooze","floor":4,"gold_loss":0},{"damage_healed":25,"gold_gain":0,"player_choice":"Full Heal","damage_taken":0,"max_hp_gain":0,"max_hp_loss":0,"event_name":"Wheel of Change","floor":8,"gold_loss":0},{"cards_removed":["Strike_B"],"damage_healed":0,"gold_gain":0,"player_choice":"Forget","damage_taken":0,"max_hp_gain":0,"max_hp_loss":0,"event_name":"Living Wall","floor":13,"gold_loss":0}],"is_beta":false,"boss_relics":[{"not_picked":["Tiny House","Velvet Choker"],"picked":"Sozu"}],"items_purged_floors":[5,19],"is_endless":false,"potions_floor_spawned":[2,6],"killed_by":"3 Byrds","ascension_level":0}