{"gold_per_floor":[117,67,84,15,30,30,50,50,50,84,159,90,108,124,124,221,221,235,235,235,249,249,249,274,274,274,274,307,135,135,154,154,252,252,266,266,266,281,281,281,301,301,376,376,391,401,48,96,96,96],"floor_reached":51,"playtime":3219,"items_purged":["Strike_G+1"],"score":1190,"play_id":"0cb33a0b-f79e-4983-8e3b-d890328543cf","local_time":"20180703165928","is_ascension_mode":true,"campfire_choices":[{"data":"Sucker Punch","floor":6,"key":"SMITH"},{"data":"Malaise","floor":8,"key":"SMITH"},{"floor":15,"key":"REST"},{"floor":23,"key":"REST"},{"data":"Noxious Fumes","floor":25,"key":"SMITH"},{"data":"Well Laid Plans","floor":27,"key":"SMITH"},{"data":"Noxious Fumes","floor":32,"key":"SMITH"},{"data":"Mind Blast","floor":40,"key":"SMITH"},{"data":"Night Terror","floor":42,"key":"SMITH"},{"data":"Burst","floor":44,"key":"SMITH"},{"data":"Catalyst","floor":49,"key":"SMITH"}],"neow_cost":"NONE","seed_source_timestamp":737082332605325,"circlet_count":0,"master_deck":["Defend_G+1","Defend_G+1","Defend_G+1","Defend_G+1","Strike_G+1","Neutralize","Sucker Punch+1","Well Laid Plans+1","Malaise+1","Backflip","Backflip","Clumsy","Adrenaline","Noxious Fumes+1","Acrobatics","Finisher+1","All Out Attack+1","Distraction+1","Quick Slash+1","Writhe","PiercingWail+1","Parasite","Mind Blast+1","Noxious Fumes+1","A Thousand Cuts+1","Burst+1","Blur+1","Night Terror+1","Outmaneuver+1","Regret","Quick Slash+1","Catalyst+1","Injury"],"relics":["Cursed Key","Darkstone Periapt","Tough Bandages","Astrolabe","Enchiridion","Pear","Dodecahedron","Meat on the Bone","Du-Vu Doll","Busted Crown","Shuriken","Strange Spoon","Lantern"],"potions_floor_usage":[10,16,24,33,38,45,50,50,50],"damage_taken":[{"damage":0,"enemies":"2 Louse","floor":1,"turns":3},{"damage":0,"enemies":"Jaw Worm","floor":3,"turns":4},{"damage":0,"enemies":"Cultist","floor":5,"turns":5},{"damage":0,"enemies":"2 Fungi Beasts","floor":7,"turns":4},{"damage":30,"enemies":"Gremlin Nob","floor":10,"turns":7},{"damage":6,"enemies":"Looter","floor":13,"turns":3},{"damage":11,"enemies":"Lots of Slimes","floor":14,"turns":4},{"damage":0,"enemies":"The Guardian","floor":16,"turns":15},{"damage":4,"enemies":"Shell Parasite","floor":18,"turns":6},{"damage":18,"enemies":"Spheric Guardian","floor":21,"turns":4},{"damage":2,"enemies":"Book of Stabbing","floor":24,"turns":7},{"damage":0,"enemies":"Gremlin Leader","floor":28,"turns":6},{"damage":0,"enemies":"Snake Plant","floor":31,"turns":3},{"damage":21,"enemies":"Automaton","floor":33,"turns":9},{"damage":8,"enemies":"3 Darklings","floor":35,"turns":5},{"damage":0,"enemies":"3 Shapes","floor":38,"turns":2},{"damage":0,"enemies":"Sphere and 2 Shapes","floor":41,"turns":2},{"damage":15,"enemies":"3 Darklings","floor":45,"turns":4},{"damage":2,"enemies":"Maw","floor":46,"turns":7},{"damage":46,"enemies":"Donu and Deca","floor":50,"turns":9}],"seed_played":"-2053745925767594854","potions_obtained":[{"floor":1,"key":"SkillPotion"},{"floor":7,"key":"Block Potion"},{"floor":10,"key":"PowerPotion"},{"floor":21,"key":"Regen Potion"},{"floor":24,"key":"EssenceOfSteel"},{"floor":28,"key":"Weak Potion"},{"floor":38,"key":"Swift Potion"},{"floor":41,"key":"Fruit Juice"},{"floor":46,"key":"EssenceOfSteel"}],"is_trial":false,"path_per_floor":["M","?","M","$","M","R","M","R","T","E","?","$","M","M","R","B",null,"M","?","?","M","T","R","E","R","T","R","E","$","?","M","R","B",null,"M","?","?","M","?","R","M","R","T","R","M","M","$","T","R","B"],"character_chosen":"THE_SILENT","items_purchased":["Malaise","Noxious Fumes","Mind Blast","Noxious Fumes","Strange Spoon","Catalyst"],"campfire_rested":2,"item_purchase_floors":[4,12,29,29,47,47],"current_hp_per_floor":[63,63,63,63,63,63,63,63,63,33,22,22,16,5,26,26,59,55,55,39,21,37,62,75,75,81,81,81,81,92,92,92,71,87,79,79,79,79,79,79,79,79,85,85,75,73,73,79,79,45],"gold":96,"neow_bonus":"BOSS_RELIC","is_prod":false,"is_daily":false,"chose_seed":false,"campfire_upgraded":9,"win_rate":0,"timestamp":1530633568,"path_taken":["M","?","M","$","?","R","M","R","T","E","?","$","M","M","R","BOSS","M","?","?","?","?","R","E","R","T","R","E","$","?","?","R","BOSS","M","?","?","M","?","R","M","R","T","R","?","?","$","?","R","BOSS"],"build_version":"2018-06-28","purchased_purges":1,"victory":true,"max_hp_per_floor":[70,70,70,70,70,70,70,70,70,70,70,70,70,70,70,70,70,70,70,70,70,86,86,86,86,92,92,92,92,92,92,92,92,92,92,92,92,92,92,92,92,92,98,98,103,103,103,109,109,109],"card_choices":[{"not_picked":["Escape Plan","Deflect"],"picked":"Sucker Punch","floor":1},{"not_picked":["Slice","Bouncing Flask"],"picked":"Well Laid Plans","floor":3},{"not_picked":["Cloak And Dagger","Slice"],"picked":"Backflip","floor":5},{"not_picked":["Dodge and Roll","Outmaneuver"],"picked":"Backflip","floor":7},{"not_picked":["Outmaneuver","All Out Attack"],"picked":"Adrenaline","floor":10},{"not_picked":["Prepared","Quick Slash"],"picked":"Acrobatics","floor":13},{"not_picked":["Poisoned Stab","Cloak And Dagger","Outmaneuver"],"picked":"SKIP","floor":14},{"not_picked":["All Out Attack","Masterful Stab+1","Flying Knee"],"picked":"SKIP","floor":18},{"not_picked":["Acrobatics+1","Dodge and Roll"],"picked":"Quick Slash+1","floor":21},{"not_picked":["Dagger Throw+1","Riddle With Holes"],"picked":"PiercingWail+1","floor":24},{"not_picked":["Eviscerate","Backflip","Cloak And Dagger"],"picked":"SKIP","floor":28},{"not_picked":["Underhanded Strike","Cloak And Dagger"],"picked":"A Thousand Cuts","floor":31},{"not_picked":["Tactician","Grand Finale"],"picked":"Burst","floor":33},{"not_picked":[],"picked":"Blur+1","floor":35},{"not_picked":["Accuracy"],"picked":"SKIP","floor":38},{"not_picked":[],"picked":"Outmaneuver+1","floor":41},{"not_picked":[],"picked":"Quick Slash+1","floor":45},{"not_picked":["PiercingWail+1"],"picked":"SKIP","floor":46}],"player_experience":512564,"relics_obtained":[{"floor":9,"key":"Darkstone Periapt"},{"floor":10,"key":"Tough Bandages"},{"floor":20,"key":"Enchiridion"},{"floor":22,"key":"Pear"},{"floor":24,"key":"Dodecahedron"},{"floor":26,"key":"Meat on the Bone"},{"floor":28,"key":"Du-Vu Doll"},{"floor":43,"key":"Shuriken"},{"floor":48,"key":"Lantern"}],"event_choices":[{"event_name":"The Cleric","player_choice":"Card Removal","floor":2,"damage_taken":0},{"event_name":"World of Goop","player_choice":"Gather Gold","floor":11,"damage_taken":0},{"event_name":"Back to Basics","player_choice":"Simplicity","floor":19,"damage_taken":0},{"event_name":"Cursed Tome","player_choice":"Obtained Book","floor":20,"damage_taken":0},{"event_name":"The Library","player_choice":"Heal","floor":30,"damage_taken":0},{"event_name":"Transmorgrifier","player_choice":"Transform","floor":36,"damage_taken":0},{"event_name":"Mysterious Sphere","player_choice":"Ignore","floor":37,"damage_taken":0},{"event_name":"Upgrade Shrine","player_choice":"Upgraded","floor":39,"damage_taken":0}],"boss_relics":[{"not_picked":["Runic Dome","Runic Pyramid"],"picked":"Astrolabe"},{"not_picked":["Sozu","Eternal Feather"],"picked":"Busted Crown"}],"items_purged_floors":[47],"is_endless":false,"potions_floor_spawned":[1,7,10,21,24,28,31,38,41,46],"ascension_level":7}