{"path_per_floor":["M","?","?","?","M","E","$","M","T","R","E","M","M","M","R","B",null,"M","?","M","M","$","R","E","R","T","R","$","E","M","?","R","B",null,"M","$","M","$","?","R","E","R","T","E","T","R","?","T","R","B"],"character_chosen":"IRONCLAD","items_purchased":["Metallicize","Mind Blast","True Grit","Metallicize","Inflame","Tiny Chest","Metallicize","Offering"],"gold_per_floor":[110,185,185,185,204,237,23,40,40,40,68,83,103,113,113,210,210,224,224,240,258,83,83,113,113,113,113,51,79,90,5,5,105,105,119,119,138,20,65,65,95,95,95,128,208,208,0,52,52,52],"floor_reached":51,"campfire_rested":1,"playtime":2191,"current_hp_per_floor":[80,69,69,69,75,80,80,80,80,80,69,60,66,72,72,58,80,73,73,74,65,65,65,49,49,49,49,49,45,44,44,80,60,80,74,74,73,73,77,77,74,74,74,62,62,62,62,62,62,54],"items_purged":[],"gold":52,"score":824,"play_id":"3d05479a-90dc-4682-95b4-3f3de175f68a","local_time":"20180519233203","is_prod":false,"is_daily":false,"chose_seed":false,"is_ascension_mode":false,"campfire_upgraded":9,"timestamp":1526769123,"campfire_choices":[{"data":"Mind Blast","floor":10,"key":"SMITH"},{"data":"Uppercut","floor":15,"key":"SMITH"},{"data":"True Grit","floor":23,"key":"SMITH"},{"data":"Intimidate","floor":25,"key":"SMITH"},{"data":"Warcry","floor":27,"key":"SMITH"},{"floor":32,"key":"REST"},{"data":"Whirlwind","floor":40,"key":"SMITH"},{"data":"Feed","floor":42,"key":"SMITH"},{"data":"Offering","floor":46,"key":"SMITH"},{"data":"Exhume","floor":49,"key":"SMITH"}],"path_taken":["M","?","?","?","?","E","$","M","T","R","E","M","?","M","R","BOSS","M","?","?","M","$","R","E","R","T","R","$","E","M","?","R","BOSS","M","$","?","?","?","R","E","R","T","E","?","R","?","?","R","BOSS"],"build_version":"2018-05-17","seed_source_timestamp":189614851822597,"purchased_purges":3,"victory":true,"master_deck":["Strike_R","Strike_R","Strike_R","Strike_R","Defend_R","Defend_R","Defend_R","Defend_R","Bash+1","Intimidate+1","Exhume+1","Clothesline","Metallicize+1","Mind Blast+1","True Grit+1","Inflame+1","Warcry+1","Uppercut+1","Demon Form+1","Thunderclap+1","Heavy Blade+1","Disarm+1","Metallicize+1","Inflame+1","Iron Wave+1","Metallicize+1","Whirlwind+1","Juggernaut+1","Feed+1","Pommel Strike+1","Offering+1","Whirlwind+1","Parasite","Flex+1","Normality","Injury"],"max_hp_per_floor":[80,80,80,80,80,80,80,80,80,80,80,80,80,80,80,80,80,80,80,80,80,80,80,80,80,80,80,80,80,80,80,80,80,80,83,83,83,83,83,83,83,83,83,83,83,83,83,83,83,83],"relics":["Burning Blood","NeowsBlessing","Frozen Egg 2","The Courier","Bronze Scales","Sozu","Question Card","Tiny Chest","Regal Pillow","Vajra","Toolbox","Thread and Needle","Cursed Key","Ice Cream","Bag of Preparation","Anchor","Oddly Smooth Stone","Bottled Lightning","Red Mask","Boot"],"card_choices":[{"not_picked":["Armaments","Clothesline"],"picked":"Intimidate","floor":1},{"not_picked":["Shockwave","Wild Strike"],"picked":"Clothesline","floor":5},{"not_picked":["Flex","Barricade","Thunderclap"],"picked":"SKIP","floor":6},{"not_picked":["Body Slam","Cleave"],"picked":"Inflame+1","floor":8},{"not_picked":["Perfected Strike","Carnage","Blood for Blood"],"picked":"SKIP","floor":11},{"not_picked":["Power Through","Havoc"],"picked":"Warcry","floor":12},{"not_picked":["Heavy Blade","Havoc"],"picked":"Uppercut","floor":13},{"not_picked":["Corruption+1","Dropkick","Havoc"],"picked":"SKIP","floor":14},{"not_picked":["Impervious","Berserk+1"],"picked":"Demon Form+1","floor":16},{"not_picked":["Burning Pact","Heavy Blade"],"picked":"Thunderclap+1","floor":18},{"not_picked":["True Grit","Wild Strike+1","Iron Wave+1"],"picked":"Heavy Blade+1","floor":20},{"not_picked":["Pummel+1","Ghostly Armor+1","Blood for Blood+1"],"picked":"Disarm+1","floor":21},{"not_picked":["Wild Strike","Sword Boomerang+1","Twin Strike"],"picked":"Iron Wave+1","floor":24},{"not_picked":["Dual Wield","Pommel Strike","Flame Barrier+1"],"picked":"Whirlwind","floor":29},{"not_picked":["Thunderclap","Shrug It Off","Pommel Strike"],"picked":"Juggernaut+1","floor":30},{"not_picked":["Impervious","Dark Embrace+1","Reaper"],"picked":"Feed","floor":33},{"not_picked":["Sword Boomerang+1","Infernal Blade+1","Twin Strike+1"],"picked":"Pommel Strike+1","floor":35},{"not_picked":["Infernal Blade","Body Slam","Clash","Battle Trance"],"picked":"SKIP","floor":37},{"not_picked":["Flex","Entrench","Blood for Blood+1"],"picked":"Whirlwind+1","floor":39},{"not_picked":["Ghostly Armor","Iron Wave","Pommel Strike","Feel No Pain+1"],"picked":"SKIP","floor":41},{"not_picked":["Clash+1","Clothesline+1","Battle Trance+1"],"picked":"Flex+1","floor":44}],"player_experience":336048,"potions_floor_usage":[16,16,16,33],"damage_taken":[{"damage":0,"enemies":"Jaw Worm","floor":1,"turns":1},{"damage":0,"enemies":"Small Slimes","floor":5,"turns":1},{"damage":0,"enemies":"3 Sentries","floor":6,"turns":2},{"damage":0,"enemies":"2 Louse","floor":8,"turns":4},{"damage":17,"enemies":"Gremlin Nob","floor":11,"turns":6},{"damage":15,"enemies":"Gremlin Gang","floor":12,"turns":5},{"damage":0,"enemies":"Exordium Wildlife","floor":13,"turns":2},{"damage":0,"enemies":"Large Slime","floor":14,"turns":5},{"damage":20,"enemies":"Hexaghost","floor":16,"turns":7},{"damage":13,"enemies":"Shell Parasite","floor":18,"turns":4},{"damage":5,"enemies":"Spheric Guardian","floor":20,"turns":3},{"damage":15,"enemies":"Snake Plant","floor":21,"turns":2},{"damage":22,"enemies":"Book of Stabbing","floor":24,"turns":4},{"damage":10,"enemies":"Gremlin Leader","floor":29,"turns":6},{"damage":7,"enemies":"Slaver and Parasite","floor":30,"turns":6},{"damage":26,"enemies":"Automaton","floor":33,"turns":8},{"damage":15,"enemies":"3 Shapes","floor":35,"turns":6},{"damage":7,"enemies":"3 Darklings","floor":37,"turns":3},{"damage":2,"enemies":"Mysterious Sphere","floor":39,"turns":4},{"damage":9,"enemies":"2 Orb Walkers","floor":41,"turns":3},{"damage":18,"enemies":"Nemesis","floor":44,"turns":5},{"damage":14,"enemies":"Time Eater","floor":50,"turns":7}],"relics_obtained":[{"floor":6,"key":"Frozen Egg 2"},{"floor":9,"key":"The Courier"},{"floor":11,"key":"Bronze Scales"},{"floor":24,"key":"Regal Pillow"},{"floor":26,"key":"Vajra"},{"floor":29,"key":"Toolbox"},{"floor":39,"key":"Ice Cream"},{"floor":41,"key":"Bag of Preparation"},{"floor":43,"key":"Anchor"},{"floor":44,"key":"Oddly Smooth Stone"},{"floor":45,"key":"Bottled Lightning"},{"floor":48,"key":"Boot"}],"event_choices":[{"event_name":"World of Goop","player_choice":"Gather Gold","floor":2,"damage_taken":0},{"event_name":"Transmorgrifier","player_choice":"Transform","floor":3,"damage_taken":0},{"event_name":"Living Wall","player_choice":"Grow","floor":4,"damage_taken":0},{"event_name":"The Mausoleum","player_choice":"Yes","floor":19,"damage_taken":0},{"event_name":"Addict","player_choice":"Obtained Relic","floor":31,"damage_taken":0},{"event_name":"Mysterious Sphere","player_choice":"Fight","floor":39,"damage_taken":0},{"event_name":"Tomb of Lord Red Mask","player_choice":"Paid","floor":47,"damage_taken":0}],"boss_relics":[{"not_picked":["Calling Bell","Mark of Pain"],"picked":"Sozu"},{"not_picked":["Black Star","Velvet Choker"],"picked":"Cursed Key"}],"potions_floor_spawned":[6,8,12,14,16,20,24,29,33,35,39],"seed_played":"-2951580197528587216","ascension_level":0,"potions_obtained":[{"floor":6,"key":"Weak Potion"},{"floor":8,"key":"Poison Potion"},{"floor":12,"key":"PowerPotion"},{"floor":14,"key":"Ancient Potion"},{"floor":16,"key":"Energy Potion"}],"is_trial":false}