{"gold_per_floor":[111,126,145,0,13,13,40,40,40,40,70,83,111,111,111,189,239,249,262,262,262,262,296,296,309,309,309],"floor_reached":27,"playtime":836,"items_purged":[],"score":527,"play_id":"fd23b779-3caa-44f3-bb80-eb19bf95657e","local_time":"20190411021831","is_ascension_mode":true,"campfire_choices":[{"data":"Defragment","floor":6.0,"key":"SMITH"},{"data":"Zap","floor":8.0,"key":"SMITH"},{"data":"Barrage","floor":15.0,"key":"SMITH"},{"floor":24.0,"key":"REST"}],"neow_cost":"NONE","seed_source_timestamp":20412815525842,"circlet_count":0,"master_deck":["AscendersBane","Strike_B","Strike_B+1","Strike_B+1","Strike_B+1","Defend_B","Defend_B","Defend_B","Defend_B","Zap+1","Dualcast+1","Cold Snap","Ball Lightning","Conserve Battery","Defragment+1","Cold Snap","Conserve Battery","Storm","Buffer+1","Barrage+1","Rainbow","Ball Lightning","Ball Lightning","Biased Cognition+1","Capacitor+1","Writhe","Cold Snap","Coolheaded+1"],"special_seed":0,"relics":["Eternal Feather","Meat on the Bone","Frozen Egg 2","Blue Candle","Mango","Pantograph","Tiny House","Dodecahedron","Singing Bowl","Lantern"],"potions_floor_usage":[],"damage_taken":[{"damage":6.0,"enemies":"2 Louse","floor":1.0,"turns":4.0},{"damage":4.0,"enemies":"Jaw Worm","floor":2.0,"turns":4.0},{"damage":3.0,"enemies":"Small Slimes","floor":3.0,"turns":2.0},{"damage":3.0,"enemies":"2 Fungi Beasts","floor":5.0,"turns":4.0},{"damage":11.0,"enemies":"Lagavulin","floor":7.0,"turns":8.0},{"damage":11.0,"enemies":"3 Sentries","floor":11.0,"turns":6.0},{"damage":13.0,"enemies":"Gremlin Gang","floor":12.0,"turns":7.0},{"damage":15.0,"enemies":"Gremlin Nob","floor":13.0,"turns":4.0},{"damage":1.0,"enemies":"Slime Boss","floor":16.0,"turns":10.0},{"damage":12.0,"enemies":"Shell Parasite","floor":18.0,"turns":4.0},{"damage":20.0,"enemies":"2 Thieves","floor":19.0,"turns":5.0},{"damage":29.0,"enemies":"Gremlin Leader","floor":23.0,"turns":6.0},{"damage":42.0,"enemies":"Snake Plant","floor":25.0,"turns":4.0},{"damage":45,"enemies":"Shelled Parasite and Fungi","floor":27,"turns":4}],"seed_played":"8956284035846492994","potions_obtained":[{"floor":1.0,"key":"Ancient Potion"},{"floor":2.0,"key":"FearPotion"},{"floor":7.0,"key":"SkillPotion"},{"floor":16.0,"key":"SkillPotion"},{"floor":19.0,"key":"Fire Potion"}],"is_trial":false,"path_per_floor":["M","M","M","$","M","R","E","R","T","?","E","M","E","?","R","B",null,"M","M","?","?","?","E","R","M","T","M"],"character_chosen":"DEFECT","items_purchased":["Defragment","Cold Snap"],"campfire_rested":1,"item_purchase_floors":[4,4],"current_hp_per_floor":[58,54,51,51,48,57,46,55,55,44,59,46,43,17,29,53,82,70,50,50,50,50,33,75,45,45,0],"gold":309,"neow_bonus":"BOSS_RELIC","is_prod":false,"is_daily":false,"chose_seed":false,"campfire_upgraded":3,"win_rate":0,"timestamp":1554941911,"path_taken":["M","M","M","$","M","R","E","R","T","?","E","M","E","?","R","BOSS","M","M","?","?","?","E","R","M","T","M"],"build_version":"2019-01-23","purchased_purges":0,"victory":false,"max_hp_per_floor":[71,71,71,71,71,71,71,71,71,71,85,85,85,85,85,85,90,90,90,90,90,90,90,90,90,90,90],"card_choices":[{"not_picked":["Capacitor","Barrage"],"picked":"Cold Snap","floor":1.0},{"not_picked":["Gash","Turbo"],"picked":"Ball Lightning","floor":2.0},{"not_picked":["Beam Cell","Storm"],"picked":"Conserve Battery","floor":3.0},{"not_picked":["BootSequence","Loop"],"picked":"Conserve Battery","floor":5.0},{"not_picked":["Chaos","Sweeping Beam"],"picked":"Storm","floor":7.0},{"not_picked":["Scrape","Barrage"],"picked":"Buffer+1","floor":11.0},{"not_picked":["Doom and Gloom","Beam Cell","Lockon"],"picked":"SKIP","floor":12.0},{"not_picked":["Doom and Gloom","Go for the Eyes"],"picked":"Barrage","floor":13.0},{"not_picked":["All For One","Thunder Strike"],"picked":"Rainbow","floor":16.0},{"not_picked":["Chill","Darkness"],"picked":"Ball Lightning","floor":17.0},{"not_picked":["Go for the Eyes","Beam Cell"],"picked":"Ball Lightning","floor":18.0},{"not_picked":["Leap","Blizzard"],"picked":"Biased Cognition+1","floor":19.0},{"not_picked":["Go for the Eyes","Gash+1"],"picked":"Cold Snap","floor":23.0},{"not_picked":["FTL","Lockon"],"picked":"Coolheaded+1","floor":25.0}],"player_experience":766803,"relics_obtained":[{"floor":7.0,"key":"Meat on the Bone"},{"floor":9.0,"key":"Frozen Egg 2"},{"floor":11.0,"key":"Mango"},{"floor":13.0,"key":"Pantograph"},{"floor":23.0,"key":"Singing Bowl"},{"floor":26.0,"key":"Lantern"}],"event_choices":[{"damage_healed":0.0,"max_hp_gain":0.0,"max_hp_loss":0.0,"gold_gain":0.0,"event_name":"Scrap Ooze","player_choice":"Success","floor":10.0,"gold_loss":0.0,"damage_taken":11.0,"relics_obtained":["Blue Candle"]},{"damage_healed":0.0,"max_hp_gain":0.0,"max_hp_loss":0.0,"gold_gain":0.0,"event_name":"Shining Light","player_choice":"Entered Light","floor":14.0,"gold_loss":0.0,"damage_taken":26.0,"cards_upgraded":["Strike_B","Strike_B"]},{"damage_healed":0.0,"max_hp_gain":0.0,"max_hp_loss":0.0,"gold_gain":0.0,"event_name":"The Library","player_choice":"Read","floor":20.0,"gold_loss":0.0,"damage_taken":0.0,"cards_obtained":["Capacitor"]},{"damage_healed":0.0,"max_hp_gain":0.0,"max_hp_loss":0.0,"gold_gain":0.0,"event_name":"The Mausoleum","player_choice":"Opened","floor":21.0,"gold_loss":0.0,"damage_taken":0.0,"relics_obtained":["Dodecahedron"],"cards_obtained":["Writhe"]},{"damage_healed":0.0,"max_hp_gain":0.0,"max_hp_loss":0.0,"gold_gain":0.0,"event_name":"Upgrade Shrine","player_choice":"Upgraded","floor":22.0,"gold_loss":0.0,"damage_taken":0.0,"cards_upgraded":["Dualcast"]}],"is_beta":false,"boss_relics":[{"not_picked":["Runic Pyramid","Ectoplasm"],"picked":"Tiny House"}],"items_purged_floors":[],"is_endless":false,"potions_floor_spawned":[1,2,7,16,19],"killed_by":"Shelled Parasite and Fungi","ascension_level":20}