{"gold_per_floor":[115,125,200,39,39,66,66,82,134,134,146,146,180,180,180,254,254,267,13,13,13,13,13,33,33,33,43,43,58,71,71,71,71],"floor_reached":33,"playtime":1160,"items_purged":["Strike_B"],"score":515,"play_id":"f7e0fe13-da88-4a2a-bb46-37055b070706","local_time":"20180922183146","is_ascension_mode":true,"campfire_choices":[{"data":"Sunder","floor":7,"key":"SMITH"},{"floor":12,"key":"REST"},{"data":"Zap","floor":15,"key":"SMITH"},{"data":"Stack","floor":23,"key":"SMITH"},{"data":"Electrodynamics","floor":25,"key":"SMITH"},{"data":"Beam Cell","floor":28,"key":"SMITH"},{"data":"White Noise","floor":32,"key":"SMITH"}],"neow_cost":"NONE","seed_source_timestamp":79706388521866,"circlet_count":0,"master_deck":["Strike_B","Strike_B","Strike_B","Defend_B","Defend_B+1","Defend_B","Defend_B","Zap+1","Dualcast+1","AscendersBane","Cold Snap","FTL","Sunder+1","Stack+1","Undo","Steam","Rainbow+1","Electrodynamics+1","White Noise+1","Steam+1","Beam Cell+1","Aggregate+1","Redo+1"],"relics":["Cracked Core","NeowsBlessing","Potion Belt","Pen Nib","Bag of Preparation","Omamori","Sozu","Mercury Hourglass","Bag of Marbles","Toxic Egg 2","Girya"],"potions_floor_usage":[16,33,33],"damage_taken":[{"damage":0,"enemies":"2 Louse","floor":1,"turns":1},{"damage":0,"enemies":"Cultist","floor":2,"turns":1},{"damage":0,"enemies":"Gremlin Nob","floor":6,"turns":1},{"damage":4,"enemies":"Small Slimes","floor":8,"turns":2},{"damage":0,"enemies":"3 Louse","floor":11,"turns":2},{"damage":0,"enemies":"3 Sentries","floor":13,"turns":6},{"damage":28,"enemies":"Slime Boss","floor":16,"turns":6},{"damage":3,"enemies":"Shell Parasite","floor":18,"turns":3},{"damage":0,"enemies":"3 Byrds","floor":24,"turns":4},{"damage":0,"enemies":"Snake Plant","floor":27,"turns":2},{"damage":2,"enemies":"Snecko","floor":29,"turns":4},{"damage":10,"enemies":"Centurion and Healer","floor":30,"turns":4},{"damage":73,"enemies":"Champ","floor":33,"turns":9}],"seed_played":"-3540997881174199626","potions_obtained":[{"floor":8,"key":"SneckoOil"},{"floor":13,"key":"SkillPotion"}],"is_trial":false,"path_per_floor":["M","M","?","$","?","E","R","M","T","?","M","R","E","?","R","B",null,"M","$","?","?","?","R","M","R","T","M","R","M","M","?","R"],"character_chosen":"DEFECT","items_purchased":["Sunder","PowerPotion","Mercury Hourglass"],"campfire_rested":1,"item_purchase_floors":[4,4,19],"current_hp_per_floor":[64,64,57,57,45,45,45,41,41,27,27,48,48,48,48,20,58,55,55,55,55,55,55,55,55,55,55,55,53,50,50,50,0],"gold":71,"neow_bonus":"THREE_ENEMY_KILL","is_prod":false,"is_daily":false,"chose_seed":false,"campfire_upgraded":6,"win_rate":0,"timestamp":1537637506,"path_taken":["M","M","?","$","?","E","R","M","T","?","M","R","E","?","R","BOSS","M","$","?","?","?","R","?","R","T","M","R","M","M","?","R","BOSS"],"build_version":"2018-09-20","purchased_purges":1,"victory":false,"max_hp_per_floor":[71,71,71,71,71,71,71,71,71,71,71,71,71,71,71,71,71,71,71,71,71,71,71,71,71,71,71,71,71,71,71,71,71],"card_choices":[{"not_picked":["Rebound","Genetic Algorithm"],"picked":"Cold Snap","floor":1},{"not_picked":["Beam Cell","Cold Snap"],"picked":"FTL","floor":2},{"not_picked":["Go for the Eyes","FTL"],"picked":"Stack","floor":6},{"not_picked":["Fusion","Hologram"],"picked":"Undo","floor":8},{"not_picked":["Gash","Go for the Eyes"],"picked":"Steam","floor":11},{"not_picked":["Double Energy","Barrage"],"picked":"Rainbow","floor":13},{"not_picked":["Machine Learning","Hyperbeam"],"picked":"Electrodynamics","floor":16},{"not_picked":["Steam","Conserve Battery"],"picked":"White Noise","floor":18},{"not_picked":["Coolheaded","Fusion"],"picked":"Steam+1","floor":24},{"not_picked":["Cold Snap","Lockon"],"picked":"Beam Cell","floor":27},{"not_picked":["Leap+1","Genetic Algorithm+1"],"picked":"Aggregate+1","floor":29},{"not_picked":["Hologram+1","Lockon"],"picked":"Redo+1","floor":30}],"player_experience":762348,"relics_obtained":[{"floor":6,"key":"Pen Nib"},{"floor":9,"key":"Bag of Preparation"},{"floor":13,"key":"Omamori"},{"floor":26,"key":"Toxic Egg 2"}],"event_choices":[{"event_name":"FaceTrader","player_choice":"Touch","floor":3,"damage_taken":0},{"event_name":"Scrap Ooze","player_choice":"success","floor":5,"damage_taken":12},{"event_name":"Shining Light","player_choice":"Entered Light","floor":10,"damage_taken":0},{"event_name":"Living Wall","player_choice":"Grow","floor":14,"damage_taken":0},{"event_name":"Addict","player_choice":"Stole Relic","floor":20,"damage_taken":0},{"event_name":"N\u0027loth","player_choice":"Ignored","floor":21,"damage_taken":0},{"event_name":"The Lab","player_choice":"Got Potions","floor":22,"damage_taken":0},{"event_name":"The Mausoleum","player_choice":"Yes","floor":31,"damage_taken":0}],"is_beta":false,"boss_relics":[{"not_picked":["Astrolabe","Empty Cage"],"picked":"Sozu"}],"items_purged_floors":[4],"is_endless":false,"potions_floor_spawned":[8,13,18,29,30],"killed_by":"Champ","ascension_level":14}