{"gold_per_floor":[113,113,130,0,14,46,56,56,133,133],"floor_reached":10,"playtime":278,"items_purged":["Strike_R"],"score":136,"play_id":"7fd4a97b-cb30-42e7-a619-85c83325b1d5","local_time":"20190703175320","is_ascension_mode":true,"campfire_choices":[{"data":"Juggernaut","floor":8,"key":"SMITH"}],"neow_cost":"NONE","seed_source_timestamp":515193270991001,"circlet_count":0,"master_deck":["AscendersBane","Strike_R","Strike_R","Strike_R","Strike_R","Defend_R","Defend_R","Defend_R","Defend_R","Bash","Battle Trance","Twin Strike","Thunderclap","Headbutt","Feel No Pain","Juggernaut+1"],"relics":["Burning Blood","NeowsBlessing","FaceOfCleric","Torii","Question Card"],"potions_floor_usage":[6],"damage_taken":[{"damage":0,"enemies":"2 Louse","floor":1,"turns":1},{"damage":0,"enemies":"Cultist","floor":3,"turns":1},{"damage":0,"enemies":"Small Slimes","floor":5,"turns":1},{"damage":30,"enemies":"Lagavulin","floor":6,"turns":6},{"damage":23,"enemies":"Exordium Thugs","floor":7,"turns":3},{"damage":52,"enemies":"Gremlin Nob","floor":10,"turns":4}],"seed_played":"3677840254020633735","potions_obtained":[{"floor":1,"key":"Ancient Potion"},{"floor":5,"key":"Weak Potion"}],"is_trial":false,"path_per_floor":["M","?","M","$","M","E","M","R","T","E"],"character_chosen":"IRONCLAD","items_purchased":["Thunderclap"],"campfire_rested":0,"item_purchase_floors":[4],"current_hp_per_floor":[74,74,76,76,77,54,38,38,38,0],"gold":133,"neow_bonus":"THREE_ENEMY_KILL","is_prod":false,"is_daily":false,"chose_seed":false,"campfire_upgraded":1,"win_rate":0,"timestamp":1562172800,"path_taken":["M","?","M","?","M","E","M","R","T","E"],"build_version":"2019-07-01","purchased_purges":1,"victory":false,"max_hp_per_floor":[75,75,76,76,77,78,79,79,79,79],"card_choices":[{"not_picked":["Feel No Pain","Havoc"],"picked":"Battle Trance","floor":1},{"not_picked":["Heavy Blade","Pommel Strike"],"picked":"Twin Strike","floor":3},{"not_picked":["Entrench","Warcry"],"picked":"Headbutt","floor":5},{"not_picked":["Headbutt","Cleave"],"picked":"Feel No Pain","floor":6},{"not_picked":["Body Slam","Sword Boomerang"],"picked":"Juggernaut","floor":7}],"player_experience":1124052,"relics_obtained":[{"floor":6,"key":"Torii"},{"floor":9,"key":"Question Card"}],"event_choices":[{"damage_healed":0,"gold_gain":0,"player_choice":"Trade","damage_taken":0,"relics_obtained":["FaceOfCleric"],"max_hp_gain":0,"max_hp_loss":0,"event_name":"FaceTrader","floor":2,"gold_loss":0}],"is_beta":false,"boss_relics":[],"items_purged_floors":[4],"is_endless":false,"potions_floor_spawned":[1,5],"killed_by":"Gremlin Nob","ascension_level":20}