{"gold_per_floor":[115,115,215,232,248,282,297,297,297,311,311,311,14,42,42,146,146,146,146,146,71,71,71,71,71,71,71],"floor_reached":27,"playtime":1225,"items_purged":["Strike_B"],"score":320,"play_id":"0d475251-82b7-43dc-bae0-ecfca63916b6","local_time":"20180823194639","is_ascension_mode":true,"campfire_choices":[{"data":"Dualcast","floor":8,"key":"SMITH"},{"floor":11,"key":"REST"},{"data":"Core Surge","floor":15,"key":"SMITH"},{"data":"Leap","floor":23,"key":"SMITH"}],"neow_cost":"TEN_PERCENT_HP_LOSS","seed_source_timestamp":463416835184287,"circlet_count":0,"master_deck":["Strike_B","Strike_B","Defend_B","Defend_B","Defend_B","Defend_B","Zap","Dualcast+1","Core Surge+1","Beam Cell+1","FTL","Compile Driver","Cold Snap","Coolheaded","Cold Snap","Leap+1","Echo Form","Leap+1","Necronomicurse"],"relics":["Cracked Core","The Courier","Bottled Lightning","Thread and Needle","Mummified Hand","Ectoplasm","Necronomicon","Darkstone Periapt","Dead Branch","Shovel"],"potions_floor_usage":[14,16],"damage_taken":[{"damage":1,"enemies":"Cultist","floor":1,"turns":3},{"damage":0,"enemies":"2 Louse","floor":4,"turns":2},{"damage":2,"enemies":"Jaw Worm","floor":5,"turns":2},{"damage":20,"enemies":"Lagavulin","floor":6,"turns":5},{"damage":4,"enemies":"Looter","floor":7,"turns":2},{"damage":14,"enemies":"Large Slime","floor":10,"turns":2},{"damage":5,"enemies":"3 Sentries","floor":14,"turns":8},{"damage":2,"enemies":"Slime Boss","floor":16,"turns":9},{"damage":0,"enemies":"Spheric Guardian","floor":18,"turns":3},{"damage":29,"enemies":"Book of Stabbing","floor":24,"turns":8},{"damage":21,"enemies":"Gremlin Leader","floor":27,"turns":5}],"seed_played":"-5025773286263142189","potions_obtained":[{"floor":1,"key":"Regen Potion"},{"floor":14,"key":"Explosive Potion"}],"is_trial":false,"path_per_floor":["M","?","?","M","M","E","M","R","T","M","R","?","$","E","R","B",null,"M","?","?","?","T","R","E","$","T"],"character_chosen":"DEFECT","items_purchased":["Thread and Needle"],"campfire_rested":1,"item_purchase_floors":[13],"current_hp_per_floor":[67,67,67,67,65,45,41,41,41,27,47,47,47,57,57,55,65,65,49,49,49,49,49,20,20,20,0],"gold":71,"neow_bonus":"THREE_RARE_CARDS","is_prod":false,"is_daily":false,"chose_seed":false,"campfire_upgraded":3,"win_rate":0,"timestamp":1535049999,"path_taken":["M","?","?","M","M","E","M","R","T","M","R","?","$","E","R","BOSS","M","?","?","?","?","R","E","$","T","E"],"build_version":"2018-08-16","purchased_purges":1,"victory":false,"max_hp_per_floor":[68,68,68,68,68,68,68,68,68,68,68,68,68,68,68,68,68,68,68,68,68,68,68,68,68,68,68],"card_choices":[{"not_picked":["Biased Cognition","Reboot"],"picked":"Core Surge","floor":0},{"not_picked":["Lockon","Double Energy"],"picked":"Beam Cell","floor":1},{"not_picked":["Redo","Hologram"],"picked":"FTL","floor":4},{"not_picked":["Gash","Sunder"],"picked":"Compile Driver","floor":5},{"not_picked":["Hello World","Steam"],"picked":"Cold Snap","floor":6},{"not_picked":["Hologram","Barrage"],"picked":"Coolheaded","floor":7},{"not_picked":["Tempest","Undo"],"picked":"Cold Snap","floor":10},{"not_picked":["Go for the Eyes","Hologram"],"picked":"Leap","floor":14},{"not_picked":["Amplify","Rainbow"],"picked":"Echo Form","floor":16},{"not_picked":["Gash+1","Coolheaded"],"picked":"Leap+1","floor":18},{"not_picked":["Gash","Lockon","Ball Lightning"],"picked":"SKIP","floor":24}],"player_experience":592406,"relics_obtained":[{"floor":6,"key":"The Courier"},{"floor":9,"key":"Bottled Lightning"},{"floor":14,"key":"Mummified Hand"},{"floor":19,"key":"Necronomicon"},{"floor":22,"key":"Darkstone Periapt"},{"floor":24,"key":"Dead Branch"},{"floor":26,"key":"Shovel"}],"event_choices":[{"event_name":"Upgrade Shrine","player_choice":"Upgraded","floor":2,"damage_taken":0},{"event_name":"Wheel of Change","player_choice":"Gold","floor":3,"damage_taken":0},{"event_name":"Golden Idol","player_choice":"Ignored","floor":12,"damage_taken":0},{"event_name":"Cursed Tome","player_choice":"Obtained Book","floor":19,"damage_taken":0},{"event_name":"Ghosts","player_choice":"Ignored","floor":20,"damage_taken":0},{"event_name":"Beggar","player_choice":"Gave Gold","floor":21,"damage_taken":0}],"is_beta":false,"boss_relics":[{"not_picked":["Runic Dome","White Beast Statue"],"picked":"Ectoplasm"}],"items_purged_floors":[13],"is_endless":false,"potions_floor_spawned":[1,14],"killed_by":"Gremlin Leader","ascension_level":7}