{"gold_per_floor":[112,122,197,210,221,221,284,284,311,311,344,358,323,339,339,434,434,451,6,6,6,22,22,53,53,78,78],"floor_reached":27,"playtime":1589,"items_purged":[],"score":313,"play_id":"7afe99b9-92df-473b-af6b-54ea586f45a9","local_time":"20180815194921","is_ascension_mode":true,"campfire_choices":[{"data":"Streamline","floor":6,"key":"SMITH"},{"data":"Sweeping Beam","floor":10,"key":"SMITH"},{"data":"Barrage","floor":15,"key":"SMITH"},{"data":"Buffer","floor":23,"key":"SMITH"},{"floor":25,"key":"REST"}],"neow_cost":"NONE","seed_source_timestamp":589241544413273,"circlet_count":0,"master_deck":["Strike_B","Strike_B","Strike_B","Strike_B","Defend_B","Defend_B","Defend_B","Defend_B","Zap+1","Dualcast","Coolheaded","Streamline+1","Steam","Sweeping Beam+1","BootSequence","Cold Snap","Barrage+1","Ball Lightning","Buffer+1","Streamline+1","Apotheosis","Double Energy+1"],"relics":["Cracked Core","Tiny Chest","Anchor","Centennial Puzzle","Snecko Eye","Shuriken","Incense Burner","Regal Pillow"],"potions_floor_usage":[],"damage_taken":[{"damage":0,"enemies":"Small Slimes","floor":1,"turns":4},{"damage":0,"enemies":"2 Louse","floor":2,"turns":3},{"damage":0,"enemies":"Jaw Worm","floor":4,"turns":4},{"damage":5,"enemies":"3 Louse","floor":5,"turns":3},{"damage":10,"enemies":"Lagavulin","floor":7,"turns":7},{"damage":10,"enemies":"3 Sentries","floor":11,"turns":7},{"damage":0,"enemies":"Large Slime","floor":12,"turns":4},{"damage":0,"enemies":"2 Fungi Beasts","floor":14,"turns":2},{"damage":17,"enemies":"Slime Boss","floor":16,"turns":8},{"damage":11,"enemies":"2 Thieves","floor":18,"turns":4},{"damage":4,"enemies":"Shell Parasite","floor":22,"turns":3},{"damage":33,"enemies":"Gremlin Leader","floor":24,"turns":7},{"damage":43,"enemies":"Slavers","floor":27,"turns":3}],"seed_played":"-1869405098715266423","potions_obtained":[{"floor":2,"key":"Weak Potion"},{"floor":4,"key":"Dexterity Potion"},{"floor":7,"key":"SteroidPotion"},{"floor":11,"key":"Explosive Potion"}],"is_trial":false,"path_per_floor":["M","M","?","M","M","R","E","$","T","R","E","M","?","M","R","B",null,"M","$","?","$","M","R","E","R","T"],"character_chosen":"DEFECT","items_purchased":["Apotheosis","Shuriken"],"campfire_rested":1,"item_purchase_floors":[19,19],"current_hp_per_floor":[68,68,57,57,52,52,42,42,42,42,32,32,50,50,50,33,65,54,54,54,54,50,50,17,39,39,0],"gold":78,"neow_bonus":"UPGRADE_CARD","is_prod":false,"is_daily":false,"chose_seed":false,"campfire_upgraded":4,"win_rate":0,"timestamp":1534358961,"path_taken":["M","M","?","M","M","R","E","$","T","R","E","M","?","M","R","BOSS","M","$","?","$","M","R","E","R","T","E"],"build_version":"2018-08-09","purchased_purges":0,"victory":false,"max_hp_per_floor":[75,75,75,75,75,75,75,75,75,75,75,75,75,75,75,75,75,75,75,75,75,75,75,75,75,75,75],"card_choices":[{"not_picked":["Cold Snap","FTL"],"picked":"Coolheaded","floor":1},{"not_picked":["Conserve Battery","Aggregate"],"picked":"Streamline","floor":2},{"not_picked":["Coolheaded","Recycle"],"picked":"Steam","floor":4},{"not_picked":["Lockon","Meteor Strike"],"picked":"Sweeping Beam","floor":5},{"not_picked":["Leap","Thunder Strike"],"picked":"BootSequence","floor":7},{"not_picked":["Recycle","Steam"],"picked":"Cold Snap","floor":11},{"not_picked":["Sweeping Beam","Blizzard"],"picked":"Barrage","floor":12},{"not_picked":["Leap","Tempest"],"picked":"Ball Lightning","floor":14},{"not_picked":["Seek","Rainbow"],"picked":"Buffer","floor":16},{"not_picked":["Rip and Tear+1","Double Energy"],"picked":"Streamline+1","floor":18},{"not_picked":["Genetic Algorithm","Hologram+1","Steam"],"picked":"SKIP","floor":22},{"not_picked":["Steam Power","Leap"],"picked":"Double Energy+1","floor":24}],"player_experience":568546,"relics_obtained":[{"floor":7,"key":"Tiny Chest"},{"floor":9,"key":"Anchor"},{"floor":11,"key":"Centennial Puzzle"},{"floor":24,"key":"Incense Burner"},{"floor":26,"key":"Regal Pillow"}],"event_choices":[{"event_name":"World of Goop","player_choice":"Gather Gold","floor":3,"damage_taken":0},{"event_name":"The Cleric","player_choice":"Healed","floor":13,"damage_taken":0},{"event_name":"Ghosts","player_choice":"Ignored","floor":20,"damage_taken":0}],"is_beta":false,"boss_relics":[{"not_picked":["Busted Crown","Eternal Feather"],"picked":"Snecko Eye"}],"items_purged_floors":[],"is_endless":false,"potions_floor_spawned":[2,4,7,11,16],"killed_by":"Slavers","ascension_level":6}