{"gold_per_floor":[118,118,268,284,300,300,341,306,306,306,331,331],"floor_reached":12,"playtime":322,"items_purged":[],"score":156,"play_id":"4c07bea7-6183-4e68-a43a-246c881e3361","local_time":"20190218004956","is_ascension_mode":true,"campfire_choices":[{"data":"Body Slam","floor":6,"key":"SMITH"},{"data":"Clothesline","floor":10,"key":"SMITH"}],"neow_cost":"NONE","seed_source_timestamp":132885106385777,"circlet_count":0,"master_deck":["AscendersBane","Strike_R","Strike_R","Strike_R","Strike_R","Strike_R","Defend_R","Defend_R","Defend_R","Defend_R","Bash","Finesse","Clothesline+1","Doubt","Cleave","Body Slam+1","Cleave","Demon Form"],"relics":["Burning Blood","Golden Idol","Shuriken","Smiling Mask"],"potions_floor_usage":[7,7],"damage_taken":[{"damage":19,"enemies":"Small Slimes","floor":1,"turns":3},{"damage":2,"enemies":"Jaw Worm","floor":4,"turns":3},{"damage":5,"enemies":"2 Louse","floor":5,"turns":5},{"damage":40,"enemies":"Gremlin Nob","floor":7,"turns":5},{"damage":33,"enemies":"Exordium Wildlife","floor":11,"turns":4},{"damage":20,"enemies":"3 Sentries","floor":12,"turns":2}],"seed_played":"4370188666801276859","potions_obtained":[{"floor":1,"key":"Poison Potion"},{"floor":4,"key":"Ancient Potion"}],"is_trial":false,"path_per_floor":["M","?","?","M","M","R","E","?","T","R","M","E"],"character_chosen":"IRONCLAD","items_purchased":[],"campfire_rested":0,"item_purchase_floors":[],"current_hp_per_floor":[55,55,55,59,60,60,26,43,43,43,16,0],"gold":331,"neow_bonus":"RANDOM_COLORLESS","is_prod":false,"is_daily":false,"chose_seed":false,"campfire_upgraded":2,"win_rate":0,"timestamp":1550447396,"path_taken":["M","?","?","M","M","R","E","?","T","R","M","E"],"build_version":"2019-01-23","purchased_purges":0,"victory":false,"max_hp_per_floor":[75,68,68,68,68,68,68,68,68,68,68,68],"card_choices":[{"not_picked":["Rupture","Armaments"],"picked":"Clothesline","floor":1},{"not_picked":["Twin Strike","Pommel Strike"],"picked":"Cleave","floor":4},{"not_picked":["Cleave","Seeing Red"],"picked":"Body Slam","floor":5},{"not_picked":["Combust","Clash"],"picked":"Cleave","floor":7},{"not_picked":["Pummel","True Grit"],"picked":"Demon Form","floor":11}],"player_experience":644334,"relics_obtained":[{"floor":7,"key":"Shuriken"},{"floor":9,"key":"Smiling Mask"}],"event_choices":[{"damage_healed":0,"gold_gain":0,"player_choice":"Lose Max HP","damage_taken":0,"relics_obtained":["Golden Idol"],"max_hp_gain":0,"max_hp_loss":7,"event_name":"Golden Idol","floor":2,"gold_loss":0},{"damage_healed":0,"gold_gain":150,"player_choice":"AGREE","damage_taken":0,"max_hp_gain":0,"max_hp_loss":0,"event_name":"Liars Game","floor":3,"gold_loss":0,"cards_obtained":["Doubt"]},{"damage_healed":17,"gold_gain":0,"player_choice":"Healed","damage_taken":0,"max_hp_gain":0,"max_hp_loss":0,"event_name":"The Cleric","floor":8,"gold_loss":35}],"is_beta":false,"boss_relics":[],"items_purged_floors":[],"is_endless":false,"potions_floor_spawned":[1,4],"killed_by":"3 Sentries","ascension_level":20}