{"gold_per_floor":[119,84,84,84,84,84,120,148,186,213,225,303,315,352,364,376],"floor_reached":16,"playtime":601,"items_purged":[],"score":176,"play_id":"a7a80fdf-cfd1-4eaf-8875-fcd2d8eb4885","local_time":"20190618011352","is_ascension_mode":true,"campfire_choices":[{"data":"Neutralize","floor":6,"key":"SMITH"},{"floor":11,"key":"REST"},{"floor":13,"key":"REST"},{"data":"A Thousand Cuts","floor":15,"key":"SMITH"}],"neow_cost":"PERCENT_DAMAGE","seed_source_timestamp":3721752087800,"circlet_count":0,"master_deck":["AscendersBane","Defend_G","Defend_G+1","Defend_G","Defend_G","Defend_G","Strike_G+1","Strike_G","Strike_G","Survivor","Neutralize+1","Dagger Spray","Distraction","Bouncing Flask","Injury","Prepared","Caltrops","Footwork","Flying Knee","A Thousand Cuts+1"],"relics":["Ring of the Snake","Golden Idol","MawBank","Bronze Scales","Smiling Mask"],"potions_floor_usage":[7,16],"damage_taken":[{"damage":11,"enemies":"Jaw Worm","floor":1,"turns":8},{"damage":18,"enemies":"3 Sentries","floor":7,"turns":8},{"damage":2,"enemies":"2 Louse","floor":8,"turns":4},{"damage":0,"enemies":"Small Slimes","floor":10,"turns":4},{"damage":16,"enemies":"3 Sentries","floor":12,"turns":7},{"damage":0,"enemies":"Blue Slaver","floor":14,"turns":4},{"damage":36,"enemies":"Slime Boss","floor":16,"turns":7}],"seed_played":"-2048787555792344431","potions_obtained":[{"floor":1,"key":"GhostInAJar"},{"floor":12,"key":"FearPotion"}],"is_trial":false,"path_per_floor":["M","?","?","$","?","R","E","M","T","M","R","?","R","M","R","B"],"character_chosen":"THE_SILENT","items_purchased":[],"campfire_rested":2,"item_purchase_floors":[],"current_hp_per_floor":[33,49,49,49,29,29,11,9,9,9,28,12,31,31,31,0],"gold":376,"neow_bonus":"TRANSFORM_TWO_CARDS","is_prod":false,"is_daily":false,"chose_seed":false,"campfire_upgraded":2,"win_rate":0,"timestamp":1560813232,"path_taken":["M","?","?","?","?","R","E","?","T","M","R","?","R","M","R","BOSS"],"build_version":"2019-01-23","purchased_purges":0,"victory":false,"max_hp_per_floor":[66,66,66,66,66,66,66,66,66,66,66,66,66,66,66,66],"card_choices":[{"not_picked":["Flechettes","Dagger Spray"],"picked":"Bouncing Flask","floor":1},{"not_picked":["Reflex","Riddle With Holes"],"picked":"Prepared","floor":7},{"not_picked":["Bane","Sucker Punch"],"picked":"Caltrops","floor":8},{"not_picked":["Cloak And Dagger","Riddle With Holes"],"picked":"Footwork","floor":10},{"not_picked":["Blade Dance","Underhanded Strike"],"picked":"Flying Knee","floor":12},{"not_picked":["Flying Knee","Poisoned Stab"],"picked":"A Thousand Cuts","floor":14}],"player_experience":1405605,"relics_obtained":[{"floor":7,"key":"MawBank"},{"floor":9,"key":"Bronze Scales"}],"event_choices":[{"damage_healed":16,"gold_gain":0,"player_choice":"Healed","damage_taken":0,"max_hp_gain":0,"max_hp_loss":0,"event_name":"The Cleric","floor":2,"gold_loss":35},{"damage_healed":0,"gold_gain":0,"player_choice":"Take Wound","damage_taken":0,"relics_obtained":["Golden Idol"],"max_hp_gain":0,"max_hp_loss":0,"event_name":"Golden Idol","floor":3,"gold_loss":0,"cards_obtained":["Injury"]},{"damage_healed":0,"gold_gain":0,"player_choice":"Entered Light","damage_taken":20,"max_hp_gain":0,"max_hp_loss":0,"event_name":"Shining Light","floor":5,"gold_loss":0,"cards_upgraded":["Strike_G","Defend_G"]},{"damage_healed":0,"gold_gain":30,"player_choice":"Searched \u00273\u0027 times","damage_taken":0,"relics_obtained":["Smiling Mask"],"max_hp_gain":0,"max_hp_loss":0,"event_name":"Dead Adventurer","floor":12,"gold_loss":0}],"is_beta":false,"boss_relics":[],"items_purged_floors":[],"is_endless":false,"potions_floor_spawned":[1,12],"killed_by":"Slime Boss","ascension_level":16}