{"gold_per_floor":[112,122,122,134,150,176,176,101,154,183,213,8,8,28,28,28],"floor_reached":16,"playtime":607,"items_purged":["Strike_G","Strike_G"],"score":193,"play_id":"00132186-5592-43e4-b972-40ce501676f5","local_time":"20190424041939","is_ascension_mode":true,"campfire_choices":[{"floor":7,"key":"REST"},{"floor":15,"key":"REST"}],"neow_cost":"NONE","seed_source_timestamp":108141696145100,"circlet_count":0,"master_deck":["AscendersBane","Defend_G","Defend_G","Defend_G","Defend_G","Defend_G","Strike_G","Strike_G","Survivor","Neutralize+1","Dash","Flying Knee","Deflect","Dodge and Roll","Caltrops+1","Backflip","Predator","Infinite Blades+1","All Out Attack"],"relics":["Ring of the Snake","Frozen Egg 2","Strawberry","Juzu Bracelet","Tiny Chest"],"potions_floor_usage":[6,10,14],"damage_taken":[{"damage":6,"enemies":"Small Slimes","floor":1,"turns":5},{"damage":0,"enemies":"Cultist","floor":2,"turns":5},{"damage":2,"enemies":"Jaw Worm","floor":4,"turns":3},{"damage":0,"enemies":"3 Louse","floor":5,"turns":5},{"damage":55,"enemies":"Gremlin Nob","floor":6,"turns":7},{"damage":11,"enemies":"3 Sentries","floor":10,"turns":10},{"damage":0,"enemies":"Gremlin Gang","floor":14,"turns":5},{"damage":56,"enemies":"Slime Boss","floor":16,"turns":9}],"seed_played":"-678472148230800623","potions_obtained":[{"floor":1,"key":"SteroidPotion"},{"floor":6,"key":"EssenceOfSteel"},{"floor":10,"key":"Fire Potion"}],"is_trial":false,"path_per_floor":["M","M","?","M","M","E","R","$","T","E","T","$","?","M","R","B"],"character_chosen":"THE_SILENT","items_purchased":["Predator","Infinite Blades+1"],"campfire_rested":2,"item_purchase_floors":[12,12],"current_hp_per_floor":[59,59,59,57,57,2,23,23,30,19,19,19,19,19,42,0],"gold":28,"neow_bonus":"TEN_PERCENT_HP_BONUS","is_prod":false,"is_daily":false,"chose_seed":false,"campfire_upgraded":0,"win_rate":0,"timestamp":1556072379,"path_taken":["M","M","?","M","M","E","R","?","T","E","?","$","?","M","R","BOSS"],"build_version":"2019-01-23","purchased_purges":2,"victory":false,"max_hp_per_floor":[72,72,72,72,72,72,72,72,79,79,79,79,79,79,79,79],"card_choices":[{"not_picked":["Acrobatics","Dodge and Roll"],"picked":"Dash","floor":1},{"not_picked":["Tactician","Acrobatics"],"picked":"Flying Knee","floor":2},{"not_picked":["Flying Knee","Dagger Throw"],"picked":"Deflect","floor":4},{"not_picked":["Slice","Accuracy"],"picked":"Dodge and Roll","floor":5},{"not_picked":["Prepared","Noxious Fumes"],"picked":"Caltrops","floor":6},{"not_picked":["Doppelganger","Outmaneuver"],"picked":"Backflip","floor":10},{"not_picked":["Bane","Dagger Spray"],"picked":"All Out Attack","floor":14}],"player_experience":1063208,"relics_obtained":[{"floor":6,"key":"Frozen Egg 2"},{"floor":9,"key":"Strawberry"},{"floor":10,"key":"Juzu Bracelet"},{"floor":11,"key":"Tiny Chest"}],"event_choices":[{"damage_healed":0,"gold_gain":0,"player_choice":"Upgraded","damage_taken":0,"max_hp_gain":0,"max_hp_loss":0,"event_name":"Upgrade Shrine","floor":3,"gold_loss":0,"cards_upgraded":["Neutralize"]},{"cards_removed":["Strike_G"],"damage_healed":0,"gold_gain":0,"player_choice":"Offered Basic","damage_taken":0,"max_hp_gain":0,"max_hp_loss":0,"event_name":"Bonfire Elementals","floor":13,"gold_loss":0}],"is_beta":false,"boss_relics":[],"items_purged_floors":[8,12],"is_endless":false,"potions_floor_spawned":[1,6,10],"killed_by":"Slime Boss","ascension_level":15}