{"gold_per_floor":[118,137,137,137,149,180,180,214,214,214,248,248,248,120,120,194,194,211,211,211,224,242,273,273,299,325,355,355,380,392,424,436,527,539,568,135,135,1134,1144,1144,1177,1177,1202,1228,1228,1241,336,369,369,369],"floor_reached":51,"playtime":4752,"items_purged":["Strike_G","Defend_G","Defend_G"],"score":1675,"play_id":"3cdab51f-a7ee-4b40-af84-3d09474f8389","local_time":"20191008191034","is_ascension_mode":true,"campfire_choices":[{"data":"Adrenaline","floor":7,"key":"SMITH"},{"floor":10,"key":"REST"},{"floor":13,"key":"REST"},{"data":"Poisoned Stab","floor":15,"key":"SMITH"},{"data":"After Image","floor":30,"key":"SMITH"},{"data":"Well Laid Plans","floor":32,"key":"SMITH"},{"data":"PiercingWail","floor":40,"key":"SMITH"},{"data":"Calculated Gamble","floor":42,"key":"SMITH"},{"data":"Storm of Steel","floor":45,"key":"SMITH"},{"data":"Apotheosis","floor":49,"key":"SMITH"}],"neow_cost":"NONE","seed_source_timestamp":402708471123700,"circlet_count":0,"master_deck":["AscendersBane","Defend_G","Defend_G","Survivor","Neutralize+1","Flying Knee","Dagger Throw","PiercingWail+1","Adrenaline+1","After Image+1","Poisoned Stab+1","Storm of Steel+1","Well Laid Plans+1","Bite+1","Bite+1","Bite","Bite","Bite","Blade Dance+1","Acrobatics","Leg Sweep","Night Terror","Blur+1","Calculated Gamble+1","Blur","Sucker Punch+1","Escape Plan","Heel Hook+1","Terror+1","Backflip","Footwork","Apotheosis+1","After Image"],"relics":["Ring of the Snake","Lantern","Shuriken","Pen Nib","Blue Candle","Mercury Hourglass","Black Star","Pantograph","Orichalcum","Molten Egg 2","Ornamental Fan","Art of War","Omamori","Incense Burner","Centennial Puzzle","Oddly Smooth Stone","MawBank","Busted Crown","Sundial","Whetstone","Dream Catcher","Blood Vial","Bag of Preparation","Pear","Paper Crane","Mummified Hand","MealTicket","PreservedInsect","Juzu Bracelet"],"potions_floor_usage":[6,8,16,16,18,25,29,29,41],"damage_taken":[{"damage":0,"enemies":"Small Slimes","floor":1,"turns":4},{"damage":1,"enemies":"2 Louse","floor":2,"turns":3},{"damage":0,"enemies":"Jaw Worm","floor":5,"turns":4},{"damage":24,"enemies":"Gremlin Nob","floor":6,"turns":5},{"damage":23,"enemies":"3 Sentries","floor":8,"turns":8},{"damage":12,"enemies":"Gremlin Nob","floor":11,"turns":4},{"damage":3,"enemies":"Hexaghost","floor":16,"turns":6},{"damage":2,"enemies":"2 Thieves","floor":18,"turns":3},{"damage":0,"enemies":"3 Byrds","floor":21,"turns":4},{"damage":17,"enemies":"Snake Plant","floor":22,"turns":4},{"damage":4,"enemies":"Gremlin Leader","floor":23,"turns":7},{"damage":30,"enemies":"Book of Stabbing","floor":25,"turns":7},{"damage":8,"enemies":"Gremlin Leader","floor":27,"turns":7},{"damage":8,"enemies":"Slavers","floor":29,"turns":3},{"damage":0,"enemies":"Centurion and Healer","floor":31,"turns":7},{"damage":9,"enemies":"Automaton","floor":33,"turns":8},{"damage":0,"enemies":"3 Shapes","floor":35,"turns":8},{"damage":0,"enemies":"3 Darklings","floor":39,"turns":5},{"damage":19,"enemies":"Reptomancer","floor":41,"turns":8},{"damage":0,"enemies":"Nemesis","floor":44,"turns":9},{"damage":7,"enemies":"Jaw Worm Horde","floor":46,"turns":5},{"damage":0,"enemies":"Reptomancer","floor":48,"turns":4},{"damage":0,"enemies":"Awakened One","floor":50,"turns":11}],"seed_played":"-1261452281356899679","potions_obtained":[{"floor":1,"key":"GamblersBrew"},{"floor":6,"key":"EssenceOfSteel"},{"floor":8,"key":"SkillPotion"},{"floor":16,"key":"SkillPotion"},{"floor":21,"key":"Ancient Potion"},{"floor":23,"key":"EssenceOfSteel"},{"floor":25,"key":"SteroidPotion"},{"floor":27,"key":"SpeedPotion"},{"floor":33,"key":"FearPotion"},{"floor":41,"key":"Weak Potion"},{"floor":46,"key":"Fire Potion"}],"is_trial":false,"path_per_floor":["M","M","?","?","M","E","R","E","T","R","E","?","R","$","R","B",null,"M","?","?","M","M","E","T","E","T","E","?","E","R","M","R","B",null,"M","$","T","?","M","R","E","R","T","E","R","M","$","E","R","B",null],"character_chosen":"THE_SILENT","items_purchased":["FearPotion","Escape Plan","Sundial","Footwork","Mummified Hand","MealTicket","Apotheosis"],"campfire_rested":2,"item_purchase_floors":[14,36,36,47,47,47,47],"current_hp_per_floor":[59,58,58,53,53,29,29,6,6,25,13,13,32,32,32,29,57,55,46,46,46,33,41,41,25,25,33,33,31,31,37,37,37,44,46,46,46,46,46,46,46,46,46,56,56,56,56,56,56,56],"gold":369,"neow_bonus":"UPGRADE_CARD","is_prod":false,"is_daily":false,"chose_seed":false,"campfire_upgraded":8,"win_rate":0,"timestamp":1570558234,"path_taken":["M","M","?","?","M","E","R","E","T","R","E","?","R","$","R","BOSS","M","?","?","M","M","E","?","E","T","E","?","E","R","M","R","BOSS","M","$","?","?","M","R","E","R","T","E","R","M","$","E","R","BOSS"],"build_version":"2019-07-17","purchased_purges":3,"victory":true,"max_hp_per_floor":[66,66,66,66,66,66,66,66,66,66,66,66,66,66,66,66,66,66,46,46,46,46,46,46,46,46,46,46,46,46,46,46,46,46,46,46,46,46,46,46,46,46,46,56,56,56,56,56,56,56],"card_choices":[{"not_picked":["Endless Agony","Outmaneuver"],"picked":"Flying Knee","floor":1},{"not_picked":["Flying Knee","Outmaneuver"],"picked":"Dagger Throw","floor":2},{"not_picked":["Dash","Reflex"],"picked":"PiercingWail","floor":5},{"not_picked":["Finisher","Poisoned Stab"],"picked":"Adrenaline","floor":6},{"not_picked":["Footwork","Flying Knee"],"picked":"After Image","floor":8},{"not_picked":["Slice","Grand Finale"],"picked":"Poisoned Stab","floor":11},{"not_picked":["Doppelganger","Night Terror"],"picked":"Storm of Steel","floor":16},{"not_picked":["Noxious Fumes","Slice+1"],"picked":"Well Laid Plans","floor":18},{"not_picked":["Outmaneuver","Endless Agony"],"picked":"Blade Dance+1","floor":21},{"not_picked":["Bane","Catalyst"],"picked":"Acrobatics","floor":22},{"not_picked":["Bane","Infinite Blades"],"picked":"Leg Sweep","floor":23},{"not_picked":["Acrobatics","Outmaneuver"],"picked":"Night Terror","floor":25},{"not_picked":["Riddle With Holes+1","Cloak And Dagger"],"picked":"Blur+1","floor":27},{"not_picked":["Quick Slash+1","Deflect"],"picked":"Blur","floor":29},{"not_picked":["Dagger Throw+1","Underhanded Strike+1"],"picked":"Sucker Punch+1","floor":31},{"not_picked":["Poisoned Stab+1"],"picked":"SKIP","floor":35},{"not_picked":["Deadly Poison"],"picked":"SKIP","floor":39},{"not_picked":[],"picked":"Heel Hook+1","floor":41},{"not_picked":[],"picked":"Terror+1","floor":44},{"not_picked":[],"picked":"Backflip","floor":46},{"not_picked":[],"picked":"After Image","floor":48}],"player_experience":1215983,"relics_obtained":[{"floor":6,"key":"Shuriken"},{"floor":8,"key":"Pen Nib"},{"floor":9,"key":"Blue Candle"},{"floor":11,"key":"Mercury Hourglass"},{"floor":23,"key":"Pantograph"},{"floor":23,"key":"Orichalcum"},{"floor":24,"key":"Molten Egg 2"},{"floor":25,"key":"Ornamental Fan"},{"floor":25,"key":"Art of War"},{"floor":26,"key":"Omamori"},{"floor":27,"key":"Incense Burner"},{"floor":27,"key":"Centennial Puzzle"},{"floor":29,"key":"Oddly Smooth Stone"},{"floor":29,"key":"MawBank"},{"floor":37,"key":"Whetstone"},{"floor":41,"key":"Dream Catcher"},{"floor":41,"key":"Blood Vial"},{"floor":43,"key":"Bag of Preparation"},{"floor":44,"key":"Pear"},{"floor":44,"key":"Paper Crane"},{"floor":48,"key":"PreservedInsect"},{"floor":48,"key":"Juzu Bracelet"}],"event_choices":[{"damage_healed":0,"gold_gain":0,"player_choice":"Ignored","damage_taken":0,"max_hp_gain":0,"max_hp_loss":0,"event_name":"Liars Game","floor":3,"gold_loss":0},{"damage_healed":0,"gold_gain":0,"player_choice":"Success","damage_taken":5,"relics_obtained":["Lantern"],"max_hp_gain":0,"max_hp_loss":0,"event_name":"Scrap Ooze","floor":4,"gold_loss":0},{"damage_healed":0,"gold_gain":0,"player_choice":"Ignored","damage_taken":0,"max_hp_gain":0,"max_hp_loss":0,"event_name":"Golden Idol","floor":12,"gold_loss":0},{"damage_healed":0,"gold_gain":0,"player_choice":"Became a vampire","damage_taken":0,"max_hp_gain":0,"max_hp_loss":20,"event_name":"Vampires","floor":19,"gold_loss":0,"cards_obtained":["Bite","Bite","Bite","Bite","Bite"]},{"damage_healed":0,"gold_gain":0,"player_choice":"Ignored","damage_taken":0,"max_hp_gain":0,"max_hp_loss":0,"event_name":"Ghosts","floor":20,"gold_loss":0},{"damage_healed":0,"gold_gain":0,"cards_transformed":["Defend_G"],"player_choice":"Transformed","damage_taken":0,"max_hp_gain":0,"max_hp_loss":0,"event_name":"Transmorgrifier","floor":28,"gold_loss":0,"cards_obtained":["Calculated Gamble"]},{"damage_healed":0,"gold_gain":999,"player_choice":"Gold","damage_taken":0,"max_hp_gain":0,"max_hp_loss":0,"event_name":"MindBloom","floor":38,"gold_loss":0,"cards_obtained":["Normality","Normality"]}],"is_beta":false,"boss_relics":[{"not_picked":["Philosopher\u0027s Stone","Pandora\u0027s Box"],"picked":"Black Star"},{"not_picked":["Ring of the Serpent","Runic Dome"],"picked":"Busted Crown"}],"items_purged_floors":[14,36,47],"is_endless":false,"potions_floor_spawned":[1,6,8,16,21,23,25,27,33,41,46],"ascension_level":16}