{"gold_per_floor":[118,134,209,134,152,182,29,29,78,78,89,102,102,122,122,193,193,205,205],"floor_reached":19,"playtime":536,"items_purged":["Strike_R"],"score":313,"play_id":"e716ffa7-d2c5-4d49-b62e-a24f050fac1b","local_time":"20190701075709","is_ascension_mode":true,"campfire_choices":[{"data":"Armaments","floor":8,"key":"SMITH"},{"data":"True Grit","floor":13,"key":"SMITH"},{"data":"Bash","floor":15,"key":"SMITH"}],"neow_cost":"NONE","seed_source_timestamp":1151212218542800,"circlet_count":0,"master_deck":["AscendersBane","Strike_R","Strike_R","Defend_R","Defend_R","Defend_R","Defend_R","Bash+1","Armaments+1","Body Slam","Whirlwind","Anger","Flame Barrier","True Grit+1","Anger","Dual Wield","Offering","Body Slam"],"relics":["Burning Blood","NeowsBlessing","Lantern","PreservedInsect","Black Star"],"potions_floor_usage":[6,16,18],"damage_taken":[{"damage":0,"enemies":"Cultist","floor":1,"turns":1},{"damage":0,"enemies":"2 Louse","floor":2,"turns":1},{"damage":0,"enemies":"Small Slimes","floor":5,"turns":1},{"damage":44,"enemies":"Gremlin Nob","floor":6,"turns":5},{"damage":2,"enemies":"Exordium Thugs","floor":11,"turns":5},{"damage":0,"enemies":"Exordium Wildlife","floor":12,"turns":2},{"damage":2,"enemies":"Red Slaver","floor":14,"turns":3},{"damage":44,"enemies":"Slime Boss","floor":16,"turns":9},{"damage":20,"enemies":"Spheric Guardian","floor":18,"turns":6},{"damage":48,"enemies":"Masked Bandits","floor":19,"turns":3}],"seed_played":"-3719033226930321963","potions_obtained":[{"floor":5,"key":"SkillPotion"},{"floor":6,"key":"SmokeBomb"},{"floor":12,"key":"Strength Potion"},{"floor":16,"key":"Dexterity Potion"}],"is_trial":false,"path_per_floor":["M","M","?","?","M","E","$","R","T","?","M","M","R","M","R","B",null,"M","?"],"character_chosen":"IRONCLAD","items_purchased":["Flame Barrier"],"campfire_rested":0,"item_purchase_floors":[7],"current_hp_per_floor":[74,75,64,64,70,32,32,32,32,32,36,42,42,46,46,8,58,44,0],"gold":205,"neow_bonus":"THREE_ENEMY_KILL","is_prod":false,"is_daily":false,"chose_seed":false,"campfire_upgraded":3,"win_rate":0,"timestamp":1561960629,"path_taken":["M","?","?","?","?","E","$","R","T","?","M","M","R","M","R","BOSS","M","?"],"build_version":"2019-01-23","purchased_purges":1,"victory":false,"max_hp_per_floor":[75,75,75,75,75,75,75,75,75,75,75,75,75,75,75,75,75,75,75],"card_choices":[{"not_picked":["Dropkick","Thunderclap"],"picked":"Armaments","floor":1},{"not_picked":["Armaments","Clothesline"],"picked":"Body Slam","floor":2},{"not_picked":["Blood for Blood","Searing Blow"],"picked":"Whirlwind","floor":5},{"not_picked":["Perfected Strike","Rampage"],"picked":"Anger","floor":6},{"not_picked":["Thunderclap","Havoc"],"picked":"True Grit","floor":11},{"not_picked":["Flex","Intimidate"],"picked":"Anger","floor":12},{"not_picked":["Intimidate","Second Wind"],"picked":"Dual Wield","floor":14},{"not_picked":["Bludgeon","Fiend Fire"],"picked":"Offering","floor":16},{"not_picked":["Dropkick","Twin Strike"],"picked":"Body Slam","floor":18}],"player_experience":1531450,"relics_obtained":[{"floor":6,"key":"Lantern"},{"floor":9,"key":"PreservedInsect"}],"event_choices":[{"damage_healed":0,"gold_gain":75,"player_choice":"Gather Gold","damage_taken":11,"max_hp_gain":0,"max_hp_loss":0,"event_name":"World of Goop","floor":3,"gold_loss":0},{"cards_removed":["Strike_R"],"damage_healed":0,"gold_gain":0,"player_choice":"Card Removal","damage_taken":0,"max_hp_gain":0,"max_hp_loss":0,"event_name":"The Cleric","floor":4,"gold_loss":75},{"cards_removed":["Strike_R"],"damage_healed":0,"gold_gain":0,"player_choice":"Purged","damage_taken":0,"max_hp_gain":0,"max_hp_loss":0,"event_name":"Purifier","floor":10,"gold_loss":0},{"damage_healed":0,"gold_gain":0,"player_choice":"Fought Bandits","damage_taken":0,"max_hp_gain":0,"max_hp_loss":0,"event_name":"Masked Bandits","floor":19,"gold_loss":0}],"is_beta":false,"boss_relics":[{"not_picked":["Velvet Choker","White Beast Statue"],"picked":"Black Star"}],"items_purged_floors":[7],"is_endless":false,"potions_floor_spawned":[5,6,12,16],"killed_by":"Masked Bandits","ascension_level":17}