{"gold_per_floor":[19,32,46,46,60,60,94,94,94,94,94,59,209,243,243,243],"floor_reached":16,"playtime":461,"items_purged":[],"score":211,"play_id":"fab12dd2-bfa4-4cfd-8234-40e3741dd8ce","local_time":"20190823092122","is_ascension_mode":true,"campfire_choices":[{"data":"Clothesline","floor":6,"key":"SMITH"},{"data":"Secret Weapon","floor":8,"key":"SMITH"},{"floor":11,"key":"REST"},{"floor":15,"key":"REST"}],"neow_cost":"NO_GOLD","seed_source_timestamp":793241329580700,"circlet_count":0,"master_deck":["AscendersBane","Strike_R","Strike_R","Strike_R","Strike_R","Strike_R","Defend_R","Defend_R","Defend_R","Defend_R","Bash","Secret Weapon+1","Panacea","Clothesline+1","Whirlwind+1","Shrug It Off","Body Slam","Immolate","Doubt","Pommel Strike"],"relics":["Burning Blood","Juzu Bracelet","Art of War","Ornamental Fan","Mercury Hourglass"],"potions_floor_usage":[7,16],"damage_taken":[{"damage":13,"enemies":"Cultist","floor":1,"turns":5},{"damage":12,"enemies":"2 Louse","floor":2,"turns":3},{"damage":5,"enemies":"Small Slimes","floor":3,"turns":3},{"damage":11,"enemies":"Looter","floor":5,"turns":3},{"damage":24,"enemies":"Gremlin Nob","floor":7,"turns":4},{"damage":54,"enemies":"Lagavulin","floor":14,"turns":7},{"damage":50,"enemies":"Hexaghost","floor":16,"turns":11}],"seed_played":"526379360831990414","potions_obtained":[{"floor":1,"key":"Poison Potion"},{"floor":14,"key":"BloodPotion"}],"is_trial":false,"path_per_floor":["M","M","M","?","M","R","E","R","T","?","R","?","?","E","R","B"],"character_chosen":"IRONCLAD","items_purchased":[],"campfire_rested":2,"item_purchase_floors":[],"current_hp_per_floor":[61,55,56,56,51,51,33,33,33,15,37,55,55,7,29,0],"gold":243,"neow_bonus":"RANDOM_COLORLESS_2","is_prod":false,"is_daily":false,"chose_seed":false,"campfire_upgraded":2,"win_rate":0,"timestamp":1566544882,"path_taken":["M","?","M","?","M","R","E","R","T","?","R","?","?","E","R","BOSS"],"build_version":"2019-07-17","purchased_purges":0,"victory":false,"max_hp_per_floor":[75,75,75,75,75,75,75,75,75,75,75,75,75,75,75,75],"card_choices":[{"not_picked":["Perfected Strike","Twin Strike"],"picked":"Clothesline","floor":1},{"not_picked":["Thunderclap","Ghostly Armor"],"picked":"Whirlwind","floor":2},{"not_picked":["Clothesline","Iron Wave"],"picked":"Shrug It Off","floor":3},{"not_picked":["Combust","Heavy Blade"],"picked":"Body Slam","floor":5},{"not_picked":["Disarm","Sword Boomerang"],"picked":"Immolate","floor":7},{"not_picked":["Cleave","Hemokinesis"],"picked":"Pommel Strike","floor":14}],"player_experience":1953357,"relics_obtained":[{"floor":7,"key":"Juzu Bracelet"},{"floor":9,"key":"Art of War"},{"floor":14,"key":"Mercury Hourglass"}],"event_choices":[{"damage_healed":0,"gold_gain":0,"player_choice":"Grow","damage_taken":0,"max_hp_gain":0,"max_hp_loss":0,"event_name":"Living Wall","floor":4,"gold_loss":0,"cards_upgraded":["Whirlwind"]},{"damage_healed":0,"gold_gain":0,"player_choice":"Success","damage_taken":18,"relics_obtained":["Ornamental Fan"],"max_hp_gain":0,"max_hp_loss":0,"event_name":"Scrap Ooze","floor":10,"gold_loss":0},{"damage_healed":18,"gold_gain":0,"player_choice":"Healed","damage_taken":0,"max_hp_gain":0,"max_hp_loss":0,"event_name":"The Cleric","floor":12,"gold_loss":35},{"damage_healed":0,"gold_gain":150,"player_choice":"AGREE","damage_taken":0,"max_hp_gain":0,"max_hp_loss":0,"event_name":"Liars Game","floor":13,"gold_loss":0,"cards_obtained":["Doubt"]}],"is_beta":false,"boss_relics":[],"items_purged_floors":[],"is_endless":false,"potions_floor_spawned":[1,14],"killed_by":"Hexaghost","ascension_level":19}