{"gold_per_floor":[109,119,44,119,419,419,103,120,171,171,199,210,228,248,248,348,348,366,366,18,34,34,34,52,52,102,118,118,134,134,206,206,308,308,318,93,108,122,132,132,132,132,132,132,166,180,180,180,180,180],"floor_reached":51,"playtime":3083,"items_purged":["Strike_B","Strike_B","Defend_B","Zap+1"],"score":827,"play_id":"18da20bb-77e9-4d00-8389-43c32ce381be","local_time":"20190325004935","is_ascension_mode":false,"campfire_choices":[{"data":"Dualcast","floor":6.0,"key":"SMITH"},{"data":"Defragment","floor":10.0,"key":"SMITH"},{"data":"Zap","floor":15.0,"key":"SMITH"},{"data":"Defragment","floor":23,"key":"SMITH"},{"data":"Capacitor","floor":28,"key":"SMITH"},{"data":"Defragment","floor":30,"key":"SMITH"},{"data":"Darkness","floor":32,"key":"SMITH"},{"data":"Echo Form","floor":40,"key":"SMITH"},{"data":"Defragment","floor":42,"key":"SMITH"},{"data":"Reboot","floor":47,"key":"SMITH"},{"floor":49,"key":"REST"}],"neow_cost":"TEN_PERCENT_HP_LOSS","seed_source_timestamp":0,"circlet_count":0,"master_deck":["Defend_B+1","Defend_B+1","Dualcast+1","Defragment+1","Skim","Core Surge","Reboot+1","Defragment+1","Seek","Glacier","Darkness+1","Chill","Defragment+1","Seek","Leap+1","Capacitor+1","Echo Form+1","Defragment+1","Steam","Hologram+1"],"special_seed":0,"relics":["Cracked Core","Old Coin","War Paint","Meat on the Bone","Orrery","Bag of Marbles","Vajra","Mercury Hourglass","Cursed Key","Shuriken"],"potions_floor_usage":[50,50],"damage_taken":[{"damage":0.0,"enemies":"Small Slimes","floor":1.0,"turns":2.0},{"damage":4.0,"enemies":"2 Louse","floor":2.0,"turns":2.0},{"damage":0.0,"enemies":"Cultist","floor":8.0,"turns":3.0},{"damage":23.0,"enemies":"3 Sentries","floor":11.0,"turns":10.0},{"damage":5.0,"enemies":"Lots of Slimes","floor":12.0,"turns":5.0},{"damage":3.0,"enemies":"3 Louse","floor":13.0,"turns":3.0},{"damage":0.0,"enemies":"Large Slime","floor":14.0,"turns":4.0},{"damage":15.0,"enemies":"Slime Boss","floor":16.0,"turns":10.0},{"damage":0.0,"enemies":"Spheric Guardian","floor":18.0,"turns":4.0},{"damage":0,"enemies":"Chosen","floor":21,"turns":4},{"damage":0,"enemies":"Snake Plant","floor":24,"turns":4},{"damage":2,"enemies":"Centurion and Healer","floor":27,"turns":6},{"damage":0,"enemies":"Cultist and Chosen","floor":29,"turns":6},{"damage":0,"enemies":"Automaton","floor":33,"turns":9},{"damage":1,"enemies":"3 Darklings","floor":35,"turns":5},{"damage":0,"enemies":"Orb Walker","floor":37,"turns":5},{"damage":8,"enemies":"4 Shapes","floor":38,"turns":7},{"damage":0,"enemies":"Maw","floor":39,"turns":6},{"damage":27,"enemies":"Reptomancer","floor":45,"turns":8},{"damage":1,"enemies":"Sphere and 2 Shapes","floor":46,"turns":10},{"damage":0,"enemies":"Donu and Deca","floor":50,"turns":9}],"seed_played":"8725677049062451768","potions_obtained":[{"floor":2.0,"key":"Energy Potion"},{"floor":8.0,"key":"PowerPotion"},{"floor":11.0,"key":"SpeedPotion"},{"floor":16.0,"key":"Block Potion"},{"floor":18.0,"key":"Dexterity Potion"}],"is_trial":false,"path_per_floor":["M","M","$","?","?","R","$","M","T","R","E","M","M","M","R","B",null,"M","?","$","M","?","R","M","?","T","M","R","M","R","T","R","B",null,"M","$","M","M","M","R","?","R","T","$","E","M","R","?","R","B",null],"character_chosen":"DEFECT","items_purchased":["Defragment","Skim","Core Surge","Defragment","Seek","Defragment"],"campfire_rested":1,"item_purchase_floors":[7,7,7,20,20,36],"current_hp_per_floor":[68,64,64,53,50,50,50,50,50,50,27,34,43,43,43,40,68,68,68,68,68,68,68,68,68,68,66,66,66,66,66,66,66,68,67,67,67,59,59,59,53,53,53,53,38,37,37,37,57,57],"gold":180,"neow_bonus":"REMOVE_TWO","is_prod":false,"is_daily":false,"chose_seed":false,"campfire_upgraded":10,"win_rate":0.0,"timestamp":1553500175,"path_taken":["M","M","$","?","?","R","$","M","T","R","E","M","M","M","R","BOSS","M","?","$","M","?","R","M","?","T","M","R","M","R","?","R","BOSS","M","$","M","M","M","R","?","R","T","$","E","?","R","?","R","BOSS"],"build_version":"2019-01-23","purchased_purges":4,"victory":true,"max_hp_per_floor":[68,68,68,68,68,68,68,68,68,68,68,68,68,68,68,68,68,68,68,68,68,68,68,68,68,68,68,68,68,68,68,68,68,68,68,68,68,68,68,68,68,68,68,68,68,68,68,68,68,68],"card_choices":[{"not_picked":["Redo","Consume","Reinforced Body"],"picked":"SKIP","floor":1.0},{"not_picked":["White Noise","Force Field","Go for the Eyes"],"picked":"SKIP","floor":2.0},{"not_picked":["Auto Shields","Stack","Ball Lightning"],"picked":"SKIP","floor":8.0},{"not_picked":["Self Repair","Leap"],"picked":"Reboot","floor":11.0},{"not_picked":["Beam Cell","Stack","Streamline"],"picked":"SKIP","floor":12.0},{"not_picked":["Sweeping Beam","Auto Shields"],"picked":"Defragment","floor":13.0},{"not_picked":["Redo","Barrage","Go for the Eyes"],"picked":"SKIP","floor":14.0},{"not_picked":["All For One","Multi-Cast"],"picked":"Seek","floor":16.0},{"not_picked":["Fusion","Cold Snap"],"picked":"Glacier","floor":17.0},{"not_picked":["Streamline","Rebound"],"picked":"Darkness","floor":17.0},{"not_picked":["Lockon","Steam Power"],"picked":"Chill","floor":17.0},{"not_picked":["Reinforced Body+1","Steam","Reprogram"],"picked":"SKIP","floor":18.0},{"not_picked":["Creative AI","Ball Lightning","Consume"],"picked":"SKIP","floor":21},{"not_picked":["Steam+1","Rebound"],"picked":"Leap+1","floor":24},{"not_picked":["Reinforced Body","Chaos"],"picked":"Capacitor","floor":27},{"not_picked":["Sunder+1","Doom and Gloom","Storm"],"picked":"SKIP","floor":29},{"not_picked":["Hyperbeam","All For One"],"picked":"Echo Form","floor":33},{"not_picked":["Streamline","Conserve Battery","Ball Lightning+1"],"picked":"SKIP","floor":35},{"not_picked":["Double Energy","Ball Lightning","Barrage"],"picked":"SKIP","floor":37},{"not_picked":["Recycle","Redo","Tempest"],"picked":"SKIP","floor":38},{"not_picked":["Storm","Beam Cell+1","Chaos+1"],"picked":"SKIP","floor":39},{"not_picked":["Sunder+1","Aggregate"],"picked":"Steam","floor":45},{"not_picked":["Creative AI","Rebound+1"],"picked":"Hologram+1","floor":46}],"player_experience":25529,"relics_obtained":[{"floor":9.0,"key":"War Paint"},{"floor":11.0,"key":"Meat on the Bone"},{"floor":26,"key":"Vajra"},{"floor":31,"key":"Mercury Hourglass"},{"floor":45,"key":"Shuriken"}],"event_choices":[{"damage_healed":0.0,"max_hp_gain":0.0,"max_hp_loss":0.0,"gold_gain":75.0,"event_name":"World of Goop","player_choice":"Gather Gold","floor":4.0,"gold_loss":0.0,"damage_taken":11.0},{"damage_healed":0.0,"max_hp_gain":0.0,"max_hp_loss":0.0,"gold_gain":0.0,"event_name":"Scrap Ooze","player_choice":"Success","floor":5.0,"gold_loss":0.0,"damage_taken":3.0,"relics_obtained":["Old Coin"]},{"damage_healed":0.0,"max_hp_gain":0.0,"max_hp_loss":0.0,"gold_gain":0.0,"event_name":"The Mausoleum","player_choice":"Opened","floor":19.0,"gold_loss":0.0,"damage_taken":0.0,"relics_obtained":["Bag of Marbles"]},{"cards_removed":["Defend_B"],"damage_healed":0,"gold_gain":0,"player_choice":"Elegance","damage_taken":0,"max_hp_gain":0,"max_hp_loss":0,"event_name":"Back to Basics","floor":22,"gold_loss":0},{"damage_healed":0,"gold_gain":0,"player_choice":"Ignored","damage_taken":0,"max_hp_gain":0,"max_hp_loss":0,"event_name":"Cursed Tome","floor":25,"gold_loss":0},{"damage_healed":0,"gold_gain":0,"player_choice":"Damaged","damage_taken":6,"max_hp_gain":0,"max_hp_loss":0,"event_name":"Wheel of Change","floor":41,"gold_loss":0},{"damage_healed":0,"gold_gain":0,"player_choice":"Ignored","damage_taken":0,"max_hp_gain":0,"max_hp_loss":0,"event_name":"Mysterious Sphere","floor":48,"gold_loss":0}],"is_beta":false,"boss_relics":[{"not_picked":["Snecko Eye","Runic Dome"],"picked":"Orrery"},{"not_picked":["Velvet Choker","Lizard Tail"],"picked":"Cursed Key"}],"items_purged_floors":[3,7,20,36],"is_endless":false,"potions_floor_spawned":[2,8,11,14,16,18,21,37,45],"ascension_level":0}