{"gold_per_floor":[112,112,127,127,143,143,153,180,205,205,225,239,239,270,270,270],"floor_reached":16,"playtime":662,"items_purged":[],"score":224,"play_id":"5b7768b6-1c7b-4af6-956d-c99b2fe9c463","local_time":"20190627222952","is_ascension_mode":true,"campfire_choices":[{"floor":6,"key":"REST"},{"floor":10,"key":"REST"},{"data":"Fission","floor":13,"key":"SMITH"},{"data":"Hologram","floor":15,"key":"SMITH"}],"neow_cost":"NONE","seed_source_timestamp":12992248873618,"circlet_count":0,"master_deck":["AscendersBane","Strike_B","Strike_B","Strike_B","Defend_B","Defend_B","Defend_B","Defend_B","Zap","Dualcast","Steam","Gash","Cold Snap","Streamline","Auto Shields","Machine Learning","Cold Snap","Conserve Battery","Fission+1","Hologram+1"],"relics":["Cracked Core","Dream Catcher","Ancient Tea Set","DataDisk","Girya"],"potions_floor_usage":[8,16],"damage_taken":[{"damage":9,"enemies":"Small Slimes","floor":1,"turns":3},{"damage":14,"enemies":"Jaw Worm","floor":3,"turns":4},{"damage":0,"enemies":"2 Louse","floor":5,"turns":3},{"damage":9,"enemies":"Looter","floor":7,"turns":3},{"damage":24,"enemies":"Gremlin Nob","floor":8,"turns":4},{"damage":0,"enemies":"Exordium Wildlife","floor":11,"turns":4},{"damage":2,"enemies":"2 Fungi Beasts","floor":12,"turns":4},{"damage":12,"enemies":"3 Sentries","floor":14,"turns":6},{"damage":17,"enemies":"Hexaghost","floor":16,"turns":11}],"seed_played":"-5067652325319800425","potions_obtained":[{"floor":3,"key":"FocusPotion"},{"floor":5,"key":"Poison Potion"},{"floor":11,"key":"Fire Potion"}],"is_trial":false,"path_per_floor":["M","?","M","?","M","R","M","E","T","R","M","M","R","E","R","B"],"character_chosen":"DEFECT","items_purchased":[],"campfire_rested":2,"item_purchase_floors":[],"current_hp_per_floor":[55,29,15,15,15,36,27,3,3,24,24,22,22,10,10,0],"gold":270,"neow_bonus":"REMOVE_CARD","is_prod":false,"is_daily":false,"chose_seed":false,"campfire_upgraded":2,"win_rate":0,"timestamp":1561670992,"path_taken":["M","?","M","?","M","R","M","E","T","R","M","M","R","E","R","BOSS"],"build_version":"2019-01-23","purchased_purges":0,"victory":false,"max_hp_per_floor":[71,71,71,71,71,71,71,71,71,71,71,71,71,71,71,71],"card_choices":[{"not_picked":["Barrage","Recycle"],"picked":"Steam","floor":1},{"not_picked":["Redo","Chaos"],"picked":"Gash","floor":3},{"not_picked":["Lockon","BootSequence"],"picked":"Cold Snap","floor":5},{"not_picked":["Stack","Aggregate"],"picked":"Streamline","floor":6},{"not_picked":["Force Field","Barrage"],"picked":"Auto Shields","floor":7},{"not_picked":["Reprogram","Force Field"],"picked":"Machine Learning","floor":8},{"not_picked":["Conserve Battery","Melter"],"picked":"Cold Snap","floor":10},{"not_picked":["Stack","BootSequence"],"picked":"Conserve Battery","floor":11},{"not_picked":["Hologram","Compile Driver"],"picked":"Fission","floor":12},{"not_picked":["Turbo","Skim"],"picked":"Hologram","floor":14}],"player_experience":1109919,"relics_obtained":[{"floor":8,"key":"Ancient Tea Set"},{"floor":9,"key":"DataDisk"},{"floor":14,"key":"Girya"}],"event_choices":[{"damage_healed":0,"gold_gain":0,"player_choice":"Success","damage_taken":26,"relics_obtained":["Dream Catcher"],"max_hp_gain":0,"max_hp_loss":0,"event_name":"Scrap Ooze","floor":2,"gold_loss":0},{"damage_healed":0,"gold_gain":0,"player_choice":"Ignored","damage_taken":0,"max_hp_gain":0,"max_hp_loss":0,"event_name":"Shining Light","floor":4,"gold_loss":0}],"is_beta":false,"boss_relics":[],"items_purged_floors":[],"is_endless":false,"potions_floor_spawned":[3,5,11,12],"killed_by":"Hexaghost","ascension_level":20}