{"gold_per_floor":[114,129,148,168,187,187,201,201,227,246,246,262,262,294,294,399,399,387,387,387,787,799,799,799,813,892,892,671,671],"floor_reached":29,"playtime":2681,"items_purged":["Rampage"],"score":227,"play_id":"5886c7cd-adc3-475d-bfb1-b958caed63fd","local_time":"20190526184238","is_ascension_mode":false,"campfire_choices":[{"data":"Flame Barrier","floor":6,"key":"SMITH"},{"data":"Armaments","floor":8,"key":"SMITH"},{"floor":13,"key":"REST"},{"floor":15,"key":"REST"},{"floor":23,"key":"REST"}],"neow_cost":"NONE","seed_source_timestamp":175969815422140,"circlet_count":0,"master_deck":["Strike_R","Strike_R","Strike_R+1","Strike_R","Strike_R","Defend_R","Defend_R","Defend_R","Defend_R","Bash+1","Dropkick","Whirlwind+1","Armaments+1","Flame Barrier+1","Bloodletting+1","Feel No Pain","Carnage","Body Slam","Berserk","Anger","Impervious+1","Infernal Blade+1","Armaments+1","Madness+1"],"relics":["Burning Blood","Dream Catcher","Whetstone","Velvet Choker","Ornamental Fan","Old Coin","Toxic Egg 2","Bottled Lightning","Question Card"],"potions_floor_usage":[12,16,29],"damage_taken":[{"damage":14,"enemies":"Jaw Worm","floor":1,"turns":4},{"damage":1,"enemies":"Cultist","floor":2,"turns":3},{"damage":5,"enemies":"Small Slimes","floor":3,"turns":3},{"damage":10,"enemies":"2 Fungi Beasts","floor":4,"turns":4},{"damage":23,"enemies":"Large Slime","floor":5,"turns":6},{"damage":14,"enemies":"Blue Slaver","floor":7,"turns":6},{"damage":8,"enemies":"Red Slaver","floor":10,"turns":3},{"damage":13,"enemies":"Large Slime","floor":12,"turns":5},{"damage":27,"enemies":"3 Sentries","floor":14,"turns":10},{"damage":27,"enemies":"Slime Boss","floor":16,"turns":15},{"damage":7,"enemies":"2 Thieves","floor":18,"turns":4},{"damage":25,"enemies":"Colosseum Slavers","floor":21,"turns":3},{"damage":19,"enemies":"Colosseum Nobs","floor":21,"turns":4},{"damage":14,"enemies":"Shell Parasite","floor":22,"turns":4},{"damage":12,"enemies":"Cultist and Chosen","floor":25,"turns":3},{"damage":64,"enemies":"Gremlin Leader","floor":29,"turns":5}],"seed_played":"-3996137499293879736","potions_obtained":[{"floor":2,"key":"Dexterity Potion"},{"floor":3,"key":"SkillPotion"},{"floor":12,"key":"SneckoOil"},{"floor":14,"key":"SkillPotion"}],"is_trial":false,"path_per_floor":["M","M","M","M","M","R","M","R","T","M","?","M","R","E","R","B",null,"M","T","?","?","M","R","?","M","T","T","$","E"],"character_chosen":"IRONCLAD","items_purchased":["Armaments+1","Madness+1"],"campfire_rested":3,"item_purchase_floors":[28,28],"current_hp_per_floor":[72,77,78,74,57,57,49,49,49,47,47,40,64,43,67,46,80,79,79,79,47,39,63,63,57,57,57,57,0],"gold":671,"neow_bonus":"UPGRADE_CARD","is_prod":false,"is_daily":false,"chose_seed":false,"campfire_upgraded":2,"win_rate":0.0,"timestamp":1558910558,"path_taken":["M","M","M","M","M","R","M","R","T","M","?","M","R","E","R","BOSS","M","?","?","?","M","R","?","M","T","?","$","E"],"build_version":"2019-01-23","purchased_purges":1,"victory":false,"max_hp_per_floor":[80,80,80,80,80,80,80,80,80,80,80,80,80,80,80,80,80,80,80,80,80,80,80,80,80,80,80,80,80],"card_choices":[{"not_picked":["Shrug It Off","Thunderclap"],"picked":"Rampage","floor":1},{"not_picked":["Cleave","Clothesline"],"picked":"Dropkick","floor":2},{"not_picked":["Cleave","Headbutt"],"picked":"Whirlwind","floor":3},{"not_picked":["Sword Boomerang","True Grit"],"picked":"Armaments","floor":4},{"not_picked":["Entrench","Anger"],"picked":"Flame Barrier","floor":5},{"not_picked":["Bludgeon","Twin Strike"],"picked":"Bloodletting","floor":7},{"not_picked":["Heavy Blade","Pummel","Sword Boomerang"],"picked":"SKIP","floor":10},{"not_picked":["Iron Wave","Pommel Strike","Disarm"],"picked":"SKIP","floor":12},{"not_picked":["Perfected Strike","Disarm"],"picked":"Feel No Pain","floor":13},{"not_picked":["Seeing Red","True Grit"],"picked":"Carnage","floor":14},{"not_picked":["Headbutt","Cleave"],"picked":"Body Slam","floor":15},{"not_picked":["Impervious","Reaper"],"picked":"Berserk","floor":16},{"not_picked":["Clash","Perfected Strike+1"],"picked":"Anger","floor":18},{"not_picked":["Sword Boomerang+1","Warcry+1"],"picked":"Impervious+1","floor":22},{"not_picked":["Perfected Strike+1","Feel No Pain"],"picked":"Infernal Blade+1","floor":23},{"not_picked":["Clash","Flex+1","Iron Wave"],"picked":"SKIP","floor":25}],"player_experience":4768,"relics_obtained":[{"floor":9,"key":"Dream Catcher"},{"floor":14,"key":"Whetstone"},{"floor":19,"key":"Ornamental Fan"},{"floor":21,"key":"Old Coin"},{"floor":21,"key":"Toxic Egg 2"},{"floor":26,"key":"Bottled Lightning"},{"floor":27,"key":"Question Card"}],"event_choices":[{"damage_healed":0,"gold_gain":0,"player_choice":"Upgraded","damage_taken":0,"max_hp_gain":0,"max_hp_loss":0,"event_name":"Upgrade Shrine","floor":11,"gold_loss":0,"cards_upgraded":["Bloodletting"]},{"damage_healed":0,"gold_gain":0,"player_choice":"Ignored","damage_taken":0,"max_hp_gain":0,"max_hp_loss":0,"event_name":"The Mausoleum","floor":20,"gold_loss":0},{"damage_healed":0,"gold_gain":0,"player_choice":"Fight","damage_taken":0,"max_hp_gain":0,"max_hp_loss":0,"event_name":"Colosseum","floor":21,"gold_loss":0},{"damage_healed":0,"gold_gain":0,"player_choice":"Fought Nobs","damage_taken":0,"max_hp_gain":0,"max_hp_loss":0,"event_name":"Colosseum","floor":21,"gold_loss":0},{"damage_healed":0,"gold_gain":0,"player_choice":"Ignored","damage_taken":0,"max_hp_gain":0,"max_hp_loss":0,"event_name":"Ghosts","floor":24,"gold_loss":0}],"is_beta":false,"boss_relics":[{"not_picked":["Sozu","Black Star"],"picked":"Velvet Choker"}],"items_purged_floors":[28],"is_endless":false,"potions_floor_spawned":[2,3,12,14,21],"killed_by":"Gremlin Leader","ascension_level":0}