{"gold_per_floor":[111,124,24,37,37,37,69,69,93,120,120,148,43,55,55,129,129,140,140,16,29,41,69,81,81,108,143,143],"floor_reached":28,"playtime":1295,"items_purged":["Strike_B","Defend_B"],"score":448,"play_id":"67e7cda1-0afc-4634-95ce-150ca29a80c3","local_time":"20190524191717","is_ascension_mode":true,"campfire_choices":[{"data":"Zap","floor":6,"key":"SMITH"},{"data":"Ball Lightning","floor":8,"key":"SMITH"},{"data":"Conserve Battery","floor":11,"key":"SMITH"},{"data":"Leap","floor":15,"key":"SMITH"},{"data":"Echo Form","floor":25,"key":"SMITH"}],"neow_cost":"NONE","seed_source_timestamp":935568377014800,"circlet_count":0,"master_deck":["AscendersBane","Defend_B","Defend_B","Defend_B","Zap+1","Dualcast","Gash","Cold Snap","Leap+1","Ball Lightning+1","Conserve Battery+1","Undo+1","White Noise+1","Gash","Stack+1","Hologram+1","Echo Form+1","Capacitor","Gash","Scrape","Coolheaded+1","BootSequence+1","Reinforced Body+1","FTL+1","Self Repair","Creative AI"],"relics":["Cracked Core","Potion Belt","Happy Flower","Toxic Egg 2","Strawberry","White Beast Statue","Darkstone Periapt","Dream Catcher","Red Mask"],"potions_floor_usage":[7,7,21,21,23,27,27,27,28],"damage_taken":[{"damage":3,"enemies":"2 Louse","floor":1,"turns":3},{"damage":0,"enemies":"Cultist","floor":2,"turns":3},{"damage":0,"enemies":"Jaw Worm","floor":4,"turns":4},{"damage":11,"enemies":"Lagavulin","floor":7,"turns":4},{"damage":22,"enemies":"3 Sentries","floor":10,"turns":7},{"damage":20,"enemies":"Gremlin Nob","floor":12,"turns":5},{"damage":1,"enemies":"Exordium Thugs","floor":14,"turns":4},{"damage":6,"enemies":"Hexaghost","floor":16,"turns":10},{"damage":11,"enemies":"Shell Parasite","floor":18,"turns":7},{"damage":13,"enemies":"2 Thieves","floor":21,"turns":4},{"damage":0,"enemies":"Centurion and Healer","floor":22,"turns":7},{"damage":21,"enemies":"Gremlin Leader","floor":23,"turns":8},{"damage":14,"enemies":"Chosen and Byrds","floor":24,"turns":6},{"damage":18,"enemies":"Masked Bandits","floor":27,"turns":5},{"damage":15,"enemies":"Snake Plant","floor":28,"turns":4}],"seed_played":"-4094271745948566817","potions_obtained":[{"floor":1,"key":"Poison Potion"},{"floor":4,"key":"Poison Potion"},{"floor":10,"key":"SpeedPotion"},{"floor":14,"key":"Explosive Potion"},{"floor":18,"key":"GamblersBrew"},{"floor":21,"key":"PowerPotion"},{"floor":22,"key":"Energy Potion"},{"floor":23,"key":"Fire Potion"},{"floor":24,"key":"Regen Potion"},{"floor":27,"key":"EssenceOfSteel"}],"is_trial":false,"path_per_floor":["M","M","$","M","?","R","E","R","T","E","R","E","$","M","R","B",null,"M","?","$","M","M","E","M","R","T","?","M"],"character_chosen":"DEFECT","items_purchased":["Leap","Gash","Stack+1","Coolheaded+1"],"campfire_rested":0,"item_purchase_floors":[3,13,13,20],"current_hp_per_floor":[68,68,68,68,68,68,57,57,57,35,35,22,22,21,21,15,68,57,57,57,44,44,23,9,9,9,12,0],"gold":143,"neow_bonus":"TEN_PERCENT_HP_BONUS","is_prod":false,"is_daily":false,"chose_seed":false,"campfire_upgraded":5,"win_rate":0,"timestamp":1558718237,"path_taken":["M","M","$","M","?","R","E","R","T","E","R","E","$","?","R","BOSS","M","?","$","M","M","E","M","R","T","?","M"],"build_version":"2019-01-23","purchased_purges":2,"victory":false,"max_hp_per_floor":[78,78,78,78,78,78,78,78,78,78,78,85,85,85,85,85,85,85,85,85,85,85,85,85,85,85,85,85],"card_choices":[{"not_picked":["Force Field","Undo"],"picked":"Gash","floor":1},{"not_picked":["Steam","Static Discharge"],"picked":"Cold Snap","floor":2},{"not_picked":["Turbo","Tempest"],"picked":"Ball Lightning","floor":4},{"not_picked":["Coolheaded","Lockon"],"picked":"Conserve Battery","floor":7},{"not_picked":["Steam","Darkness"],"picked":"Undo","floor":10},{"not_picked":["Leap+1","FTL"],"picked":"White Noise+1","floor":12},{"not_picked":["Steam+1","Stack+1"],"picked":"Hologram+1","floor":14},{"not_picked":["Seek+1","Core Surge"],"picked":"Echo Form","floor":16},{"not_picked":["Leap+1","Beam Cell"],"picked":"Capacitor","floor":18},{"not_picked":["Streamline","Capacitor"],"picked":"BootSequence+1","floor":21},{"not_picked":["Steam+1","Lockon"],"picked":"Reinforced Body+1","floor":22},{"not_picked":["Leap+1","Ball Lightning+1"],"picked":"FTL+1","floor":23},{"not_picked":["Cold Snap+1","Redo+1"],"picked":"Self Repair","floor":24},{"not_picked":["Sweeping Beam","Blizzard"],"picked":"Creative AI","floor":27}],"player_experience":1193030,"relics_obtained":[{"floor":7,"key":"Potion Belt"},{"floor":9,"key":"Happy Flower"},{"floor":10,"key":"Toxic Egg 2"},{"floor":12,"key":"Strawberry"},{"floor":23,"key":"Darkstone Periapt"},{"floor":26,"key":"Dream Catcher"},{"floor":27,"key":"Red Mask"}],"event_choices":[{"cards_removed":["Strike_B"],"damage_healed":0,"gold_gain":0,"player_choice":"Purged","damage_taken":0,"max_hp_gain":0,"max_hp_loss":0,"event_name":"Purifier","floor":5,"gold_loss":0},{"damage_healed":0,"gold_gain":0,"cards_transformed":["Strike_B","Strike_B"],"player_choice":"Became Test Subject","damage_taken":0,"max_hp_gain":0,"max_hp_loss":0,"event_name":"Drug Dealer","floor":19,"gold_loss":0,"cards_obtained":["Gash","Scrape"]},{"damage_healed":0,"gold_gain":0,"player_choice":"Fought Bandits","damage_taken":0,"max_hp_gain":0,"max_hp_loss":0,"event_name":"Masked Bandits","floor":27,"gold_loss":0}],"is_beta":false,"boss_relics":[{"not_picked":["Runic Dome","Philosopher\u0027s Stone"],"picked":"White Beast Statue"}],"items_purged_floors":[3,20],"is_endless":false,"potions_floor_spawned":[1,4,10,14,18,21,22,23,24,27],"killed_by":"Snake Plant","ascension_level":15}