{"gold_per_floor":[114,128,128,145,145,145,159,193,218,229,254,254,268,343,343,439,439,450,365,376,17,17,17,36,36,117,117,127,127,142,168,168,273,273,293,306,316,66,80,114,114,114,114,114,127,127,127,137,137,137],"floor_reached":51,"playtime":3418,"items_purged":["Strike_G","Blade Dance"],"score":1078,"play_id":"8103286b-7b54-416d-a448-948da21cd8a4","local_time":"20180804142920","is_ascension_mode":true,"campfire_choices":[{"floor":6,"key":"REST"},{"data":"Glass Knife","floor":12,"key":"SMITH"},{"floor":15,"key":"REST"},{"data":"Footwork","floor":23,"key":"SMITH"},{"data":"Footwork","floor":29,"key":"SMITH"},{"floor":32,"key":"REST"},{"data":"Phantasmal Killer","floor":42,"key":"SMITH"},{"data":"Footwork","floor":47,"key":"SMITH"},{"data":"Well Laid Plans","floor":49,"key":"SMITH"}],"neow_cost":"NONE","seed_source_timestamp":1140352741625571,"circlet_count":0,"master_deck":["Defend_G+1","Defend_G+1","Defend_G+1","Defend_G+1","Defend_G+1","Survivor+1","Neutralize+1","Acrobatics","Glass Knife+1","All Out Attack+1","Well Laid Plans+1","Footwork+1","Quick Slash","Escape Plan","Phantasmal Killer+1","Footwork+1","Bite","Bite","Bite","Bite","Bite","Quick Slash+1","Cloak And Dagger+1","Dagger Spray+1","Footwork+1","Leg Sweep+1"],"relics":["White Beast Statue","Whetstone","Bag of Preparation","Art of War","Busted Crown","Incense Burner","Lee\u0027s Waffle","Toxic Egg 2","Calipers","Velvet Choker","Oddly Smooth Stone","StoneCalendar","Blood Vial"],"potions_floor_usage":[7,8,8,8,8,11,11,16,20,20,24,28,31,33,33,33,39,40,50,50,50],"damage_taken":[{"damage":0,"enemies":"Cultist","floor":1,"turns":5},{"damage":0,"enemies":"2 Louse","floor":2,"turns":5},{"damage":1,"enemies":"Small Slimes","floor":4,"turns":3},{"damage":2,"enemies":"Exordium Thugs","floor":7,"turns":4},{"damage":10,"enemies":"Gremlin Nob","floor":8,"turns":3},{"damage":1,"enemies":"Looter","floor":10,"turns":3},{"damage":0,"enemies":"3 Sentries","floor":11,"turns":7},{"damage":0,"enemies":"2 Fungi Beasts","floor":13,"turns":2},{"damage":0,"enemies":"Slime Boss","floor":16,"turns":9},{"damage":4,"enemies":"3 Byrds","floor":18,"turns":4},{"damage":13,"enemies":"2 Thieves","floor":20,"turns":3},{"damage":34,"enemies":"Cultist and Chosen","floor":24,"turns":8},{"damage":9,"enemies":"Snake Plant","floor":28,"turns":6},{"damage":0,"enemies":"Sentry and Sphere","floor":30,"turns":5},{"damage":28,"enemies":"Book of Stabbing","floor":31,"turns":7},{"damage":13,"enemies":"Collector","floor":33,"turns":15},{"damage":7,"enemies":"3 Shapes","floor":35,"turns":5},{"damage":9,"enemies":"3 Darklings","floor":36,"turns":5},{"damage":40,"enemies":"Transient","floor":37,"turns":5},{"damage":17,"enemies":"Sphere and 2 Shapes","floor":39,"turns":9},{"damage":24,"enemies":"2 Orb Walkers","floor":40,"turns":7},{"damage":0,"enemies":"3 Darklings","floor":45,"turns":4},{"damage":15,"enemies":"Transient","floor":48,"turns":5},{"damage":62,"enemies":"Time Eater","floor":50,"turns":16}],"seed_played":"-3716365809014434580","potions_obtained":[{"floor":1,"key":"FearPotion"},{"floor":2,"key":"EntropicBrew"},{"floor":4,"key":"EssenceOfSteel"},{"floor":7,"key":"Strength Potion"},{"floor":8,"key":"EssenceOfSteel"},{"floor":10,"key":"EssenceOfSteel"},{"floor":11,"key":"SteroidPotion"},{"floor":13,"key":"SkillPotion"},{"floor":16,"key":"Poison Potion"},{"floor":20,"key":"GhostInAJar"},{"floor":24,"key":"Regen Potion"},{"floor":28,"key":"EssenceOfSteel"},{"floor":30,"key":"PowerPotion"},{"floor":31,"key":"SkillPotion"},{"floor":33,"key":"Strength Potion"},{"floor":35,"key":"LiquidBronze"},{"floor":36,"key":"Swift Potion"},{"floor":37,"key":"Poison Potion"},{"floor":39,"key":"SpeedPotion"},{"floor":40,"key":"SteroidPotion"},{"floor":45,"key":"Fire Potion"}],"is_trial":false,"path_per_floor":["M","M","?","M","?","R","M","E","T","M","E","R","M","?","R","B",null,"M","?","M","$","?","R","M","$","T","?","M","R","M","E","R","B",null,"M","M","M","$","M","E","?","R","T","?","M","$","R","M","R","B"],"character_chosen":"THE_SILENT","items_purchased":["Footwork","Lee\u0027s Waffle","Oddly Smooth Stone"],"campfire_rested":3,"item_purchase_floors":[21,21,38],"current_hp_per_floor":[63,63,63,62,48,69,67,57,57,56,56,56,56,45,66,66,69,65,65,52,77,53,53,31,31,31,31,49,49,53,25,40,53,53,48,48,22,22,19,3,53,53,53,53,53,53,53,42,42,10],"gold":137,"neow_bonus":"BOSS_RELIC","is_prod":false,"is_daily":false,"chose_seed":false,"campfire_upgraded":6,"win_rate":0,"timestamp":1533389360,"path_taken":["M","M","?","M","?","R","M","E","T","M","E","R","?","?","R","BOSS","M","?","M","$","?","R","M","$","T","?","M","R","M","E","R","BOSS","M","M","M","$","M","E","?","R","T","?","M","$","R","M","R","BOSS"],"build_version":"2018-08-02","purchased_purges":2,"victory":true,"max_hp_per_floor":[70,70,70,70,70,70,70,70,70,70,70,70,70,70,70,70,70,70,70,70,77,53,53,53,53,53,53,53,53,53,53,53,53,53,53,53,53,53,53,53,53,53,53,53,53,53,53,53,53,53],"card_choices":[{"not_picked":["Bane","Prepared"],"picked":"Blade Dance","floor":1},{"not_picked":["Blade Dance","Bane"],"picked":"Acrobatics","floor":2},{"not_picked":["Predator","PiercingWail"],"picked":"All Out Attack","floor":4},{"not_picked":["Poisoned Stab","Blur"],"picked":"Well Laid Plans","floor":7},{"not_picked":["Setup","Well Laid Plans"],"picked":"Footwork","floor":8},{"not_picked":["Sucker Punch","Poisoned Stab"],"picked":"Quick Slash","floor":10},{"not_picked":["Acrobatics","Doppelganger"],"picked":"Escape Plan","floor":11},{"not_picked":["Setup","Outmaneuver","Poisoned Stab"],"picked":"SKIP","floor":13},{"not_picked":["Die Die Die","Doppelganger"],"picked":"Phantasmal Killer","floor":16},{"not_picked":["Concentrate"],"picked":"SKIP","floor":18},{"not_picked":["Riddle With Holes"],"picked":"SKIP","floor":20},{"not_picked":["Prepared"],"picked":"SKIP","floor":24},{"not_picked":[],"picked":"Quick Slash+1","floor":28},{"not_picked":[],"picked":"Cloak And Dagger+1","floor":30},{"not_picked":["Bane+1"],"picked":"SKIP","floor":31},{"not_picked":[],"picked":"Dagger Spray+1","floor":35},{"not_picked":["Slice+1"],"picked":"SKIP","floor":36},{"not_picked":["Underhanded Strike+1"],"picked":"SKIP","floor":37},{"not_picked":["Cloak And Dagger+1"],"picked":"SKIP","floor":39},{"not_picked":["Poisoned Stab+1"],"picked":"SKIP","floor":40},{"not_picked":[],"picked":"Footwork","floor":45},{"not_picked":[],"picked":"Leg Sweep+1","floor":48}],"player_experience":530394,"relics_obtained":[{"floor":8,"key":"Whetstone"},{"floor":9,"key":"Bag of Preparation"},{"floor":11,"key":"Art of War"},{"floor":26,"key":"Toxic Egg 2"},{"floor":31,"key":"Calipers"},{"floor":40,"key":"StoneCalendar"},{"floor":43,"key":"Blood Vial"}],"event_choices":[{"event_name":"Match and Keep!","player_choice":"1 cards matched","floor":3,"damage_taken":0},{"event_name":"Shining Light","player_choice":"Entered Light","floor":5,"damage_taken":0},{"event_name":"World of Goop","player_choice":"Gather Gold","floor":14,"damage_taken":0},{"event_name":"Addict","player_choice":"Obtained Relic","floor":19,"damage_taken":0},{"event_name":"Vampires","player_choice":"Became a vampire","floor":22,"damage_taken":0},{"event_name":"Back to Basics","player_choice":"Simplicity","floor":27,"damage_taken":0},{"event_name":"MindBloom","player_choice":"Heal","floor":41,"damage_taken":0},{"event_name":"Fountain of Cleansing","player_choice":"Removed Curse","floor":44,"damage_taken":0}],"is_beta":false,"boss_relics":[{"not_picked":["Runic Dome","Coffee Dripper"],"picked":"Busted Crown"},{"not_picked":["Astrolabe","Sozu"],"picked":"Velvet Choker"}],"items_purged_floors":[21,38],"is_endless":false,"potions_floor_spawned":[1,2,4,7,8,10,11,13,16,18,20,24,28,30,31,33,35,36,37,39,40,45,48],"ascension_level":8}