{"gold_per_floor":[114,264,264,274,290,290,317,317,340,340],"floor_reached":10,"playtime":453,"items_purged":[],"score":119,"play_id":"c2b6b5e2-212f-4d5e-b6e8-aee6852d5509","local_time":"20190612233307","is_ascension_mode":true,"campfire_choices":[{"data":"Tools of the Trade","floor":6,"key":"SMITH"},{"data":"Caltrops","floor":8,"key":"SMITH"}],"neow_cost":"PERCENT_DAMAGE","seed_source_timestamp":83749160617800,"circlet_count":0,"master_deck":["AscendersBane","Defend_G","Defend_G","Defend_G","Defend_G","Strike_G","Strike_G","Strike_G","Strike_G","Survivor","Neutralize+1","Deflect","Doubt","Tools of the Trade+1","Escape Plan","Caltrops+1"],"relics":["Ring of the Snake","Regal Pillow","Blood Vial"],"potions_floor_usage":[7,7],"damage_taken":[{"damage":0,"enemies":"Small Slimes","floor":1,"turns":5},{"damage":1,"enemies":"Cultist","floor":4,"turns":6},{"damage":2,"enemies":"Jaw Worm","floor":5,"turns":7},{"damage":16,"enemies":"Lagavulin","floor":7,"turns":12},{"damage":31,"enemies":"3 Sentries","floor":10,"turns":6}],"seed_played":"2255981032483972672","potions_obtained":[{"floor":4,"key":"PowerPotion"},{"floor":5,"key":"Explosive Potion"}],"is_trial":false,"path_per_floor":["M","?","?","M","M","R","E","R","T","E"],"character_chosen":"THE_SILENT","items_purchased":[],"campfire_rested":0,"item_purchase_floors":[],"current_hp_per_floor":[44,44,44,43,41,41,25,25,25,0],"gold":340,"neow_bonus":"REMOVE_TWO","is_prod":false,"is_daily":false,"chose_seed":false,"campfire_upgraded":2,"win_rate":0,"timestamp":1560375187,"path_taken":["M","?","?","M","M","R","E","R","T","E"],"build_version":"2019-01-23","purchased_purges":0,"victory":false,"max_hp_per_floor":[66,66,66,66,66,66,66,66,66,66],"card_choices":[{"not_picked":["PiercingWail","Bane"],"picked":"Deflect","floor":1},{"not_picked":["Accuracy","Deflect"],"picked":"Tools of the Trade","floor":4},{"not_picked":["Acrobatics","Dodge and Roll"],"picked":"Escape Plan","floor":5},{"not_picked":["Flechettes","Riddle With Holes"],"picked":"Caltrops","floor":7}],"player_experience":1308888,"relics_obtained":[{"floor":7,"key":"Regal Pillow"},{"floor":9,"key":"Blood Vial"}],"event_choices":[{"damage_healed":0,"gold_gain":150,"player_choice":"AGREE","damage_taken":0,"max_hp_gain":0,"max_hp_loss":0,"event_name":"Liars Game","floor":2,"gold_loss":0,"cards_obtained":["Doubt"]},{"damage_healed":0,"gold_gain":0,"player_choice":"Forge","damage_taken":0,"max_hp_gain":0,"max_hp_loss":0,"event_name":"Accursed Blacksmith","floor":3,"gold_loss":0,"cards_upgraded":["Neutralize"]}],"is_beta":false,"boss_relics":[],"items_purged_floors":[],"is_endless":false,"potions_floor_spawned":[4,5],"killed_by":"3 Sentries","ascension_level":16}