{"gold_per_floor":[361,361,371,58,58,83,98,113,136,151,151,185,202,276,276,379,379,394,394,360,360,379,379,379],"floor_reached":24,"playtime":1096,"items_purged":["Strike_B"],"score":229,"play_id":"c9653f9c-a18f-4b5d-a46c-8da0c74f274b","local_time":"20190625190827","is_ascension_mode":true,"campfire_choices":[{"floor":11,"key":"REST"},{"floor":15,"key":"REST"},{"data":"Biased Cognition","floor":23,"key":"SMITH"}],"neow_cost":"PERCENT_DAMAGE","seed_source_timestamp":1134536044928019,"circlet_count":0,"master_deck":["Strike_B","Defend_B","Defend_B+1","Defend_B","Defend_B+1","Zap","Dualcast","Conserve Battery","Streamline","Melter","Master of Strategy","Streamline","BootSequence","Streamline","Leap","Glacier","Conserve Battery","Biased Cognition+1","Leap+1","Glacier","Conserve Battery"],"relics":["Cracked Core","DataDisk","Potion Belt","Empty Cage"],"potions_floor_usage":[8,16,16],"damage_taken":[{"damage":0,"enemies":"Jaw Worm","floor":1,"turns":3},{"damage":0,"enemies":"Cultist","floor":3,"turns":4},{"damage":21,"enemies":"3 Sentries","floor":6,"turns":7},{"damage":0,"enemies":"Small Slimes","floor":7,"turns":2},{"damage":0,"enemies":"Gremlin Gang","floor":8,"turns":2},{"damage":8,"enemies":"Lots of Slimes","floor":10,"turns":5},{"damage":23,"enemies":"Gremlin Nob","floor":12,"turns":4},{"damage":0,"enemies":"Large Slime","floor":13,"turns":4},{"damage":28,"enemies":"Slime Boss","floor":16,"turns":11},{"damage":10,"enemies":"Chosen","floor":18,"turns":7},{"damage":12,"enemies":"Colosseum Slavers","floor":19,"turns":6},{"damage":0,"enemies":"2 Thieves","floor":20,"turns":5},{"damage":3,"enemies":"Sentry and Sphere","floor":22,"turns":6},{"damage":34,"enemies":"Slavers","floor":24,"turns":4}],"seed_played":"-7388885270756191676","potions_obtained":[{"floor":6,"key":"AttackPotion"},{"floor":8,"key":"FocusPotion"},{"floor":12,"key":"Strength Potion"}],"is_trial":false,"path_per_floor":["M","?","M","$","?","E","M","M","T","M","R","E","M","?","R","B",null,"M","?","M","?","M","R","E"],"character_chosen":"DEFECT","items_purchased":["Melter","Master of Strategy"],"campfire_rested":2,"item_purchase_floors":[4,4],"current_hp_per_floor":[54,39,39,39,39,18,18,18,18,10,32,9,9,9,31,3,75,65,53,53,53,50,50,16],"gold":379,"neow_bonus":"TWO_FIFTY_GOLD","is_prod":false,"is_daily":false,"chose_seed":false,"campfire_upgraded":1,"win_rate":0,"timestamp":1561504107,"path_taken":["M","?","M","$","?","E","M","M","T","?","R","E","M","?","R","BOSS","M","?","M","?","M","R","E"],"build_version":"2019-01-23","purchased_purges":1,"victory":false,"max_hp_per_floor":[75,75,75,75,75,75,75,75,75,75,75,75,75,75,75,75,75,75,75,75,75,75,75,75],"card_choices":[{"not_picked":["Barrage","Beam Cell"],"picked":"Conserve Battery","floor":1},{"not_picked":["Force Field","Static Discharge"],"picked":"Streamline","floor":3},{"not_picked":["Gash","Redo"],"picked":"Streamline","floor":6},{"not_picked":["Barrage","Double Energy"],"picked":"BootSequence","floor":7},{"not_picked":["Ball Lightning","Skim"],"picked":"Streamline","floor":8},{"not_picked":["Gash","Ball Lightning"],"picked":"Leap","floor":10},{"not_picked":["Chill","Steam"],"picked":"Glacier","floor":12},{"not_picked":["Recycle","Hologram"],"picked":"Conserve Battery","floor":13},{"not_picked":["Thunder Strike","Multi-Cast"],"picked":"Biased Cognition","floor":16},{"not_picked":["Rip and Tear","Rebound","Recycle"],"picked":"SKIP","floor":18},{"not_picked":["Reprogram","Ball Lightning"],"picked":"Leap+1","floor":20},{"not_picked":["Beam Cell","Gash"],"picked":"Conserve Battery","floor":22}],"player_experience":244721,"relics_obtained":[{"floor":6,"key":"DataDisk"},{"floor":12,"key":"Potion Belt"}],"event_choices":[{"damage_healed":0,"gold_gain":0,"player_choice":"Entered Light","damage_taken":15,"max_hp_gain":0,"max_hp_loss":0,"event_name":"Shining Light","floor":2,"gold_loss":0,"cards_upgraded":["Defend_B","Defend_B"]},{"damage_healed":0,"gold_gain":0,"player_choice":"Leave","damage_taken":0,"max_hp_gain":0,"max_hp_loss":0,"event_name":"FaceTrader","floor":5,"gold_loss":0},{"damage_healed":0,"gold_gain":74,"player_choice":"Gained Gold","damage_taken":0,"max_hp_gain":0,"max_hp_loss":0,"event_name":"Golden Wing","floor":14,"gold_loss":0},{"damage_healed":0,"gold_gain":0,"player_choice":"Fight","damage_taken":0,"max_hp_gain":0,"max_hp_loss":0,"event_name":"Colosseum","floor":19,"gold_loss":0},{"damage_healed":0,"gold_gain":0,"player_choice":"Fled From Nobs","damage_taken":0,"max_hp_gain":0,"max_hp_loss":0,"event_name":"Colosseum","floor":19,"gold_loss":0},{"damage_healed":0,"gold_gain":0,"player_choice":"1 cards matched","damage_taken":0,"max_hp_gain":0,"max_hp_loss":0,"event_name":"Match and Keep!","floor":21,"gold_loss":0,"cards_obtained":["Glacier"]}],"is_beta":false,"boss_relics":[{"not_picked":["Runic Dome","Tiny House"],"picked":"Empty Cage"}],"items_purged_floors":[4],"is_endless":false,"potions_floor_spawned":[6,8,12,19],"killed_by":"Slavers","ascension_level":2}