{"path_per_floor":["M","M","?","M","$","R","M","M","T","R","E","M","$","?","R","B",null,"M","$","M","M","?","R","M","R","T","R","M","E","$","?","R","B",null,"M","?","T","M","$","R","M","R","T","R","E","T","R","?","R","B"],"character_chosen":"IRONCLAD","items_purchased":["Inflame","Secret Weapon","Kunai"],"gold_per_floor":[111,130,80,100,22,22,34,50,74,74,106,117,42,217,217,318,318,330,230,242,254,254,254,271,271,271,271,289,315,132,132,132,229,229,245,291,291,311,57,57,73,73,124,124,158,158,158,158,158,158],"floor_reached":51,"campfire_rested":0,"playtime":3034,"current_hp_per_floor":[80,80,80,80,80,80,80,80,80,80,80,80,80,80,80,47,80,80,80,80,80,80,80,80,80,80,80,80,67,67,67,67,69,80,80,80,80,80,80,80,80,80,80,80,80,80,80,80,80,17],"items_purged":["Defend_R","Doubt"],"gold":158,"score":668,"play_id":"d7f56b21-7768-479b-ae9b-748b978f3938","local_time":"20180521155257","is_prod":false,"is_daily":false,"chose_seed":false,"is_ascension_mode":false,"campfire_upgraded":10,"timestamp":1526914377,"campfire_choices":[{"data":"Pommel Strike","floor":6,"key":"SMITH"},{"data":"Seeing Red","floor":10,"key":"SMITH"},{"data":"Pommel Strike","floor":15,"key":"SMITH"},{"data":"Inflame","floor":23,"key":"SMITH"},{"data":"Anger","floor":25,"key":"SMITH"},{"data":"Shrug It Off","floor":27,"key":"SMITH"},{"data":"Secret Weapon","floor":32,"key":"SMITH"},{"data":"Spot Weakness","floor":40,"key":"SMITH"},{"data":"Shrug It Off","floor":42,"key":"SMITH"},{"data":"Headbutt","floor":44,"key":"SMITH"},{"floor":47,"key":"DIG"},{"floor":49,"key":"DIG"}],"path_taken":["M","M","?","M","?","R","M","M","T","R","E","M","$","?","R","BOSS","M","$","M","M","?","R","M","R","T","R","?","E","$","?","R","BOSS","M","?","?","M","?","R","M","R","T","R","E","?","R","?","R","BOSS"],"build_version":"2018-05-17","seed_source_timestamp":334032360978431,"purchased_purges":3,"victory":true,"master_deck":["Strike_R","Strike_R+1","Defend_R","Bash+1","Seeing Red+1","Pommel Strike+1","Inflame+1","Headbutt+1","Shrug It Off+1","Pommel Strike+1","Shrug It Off+1","Impervious","Impervious+1","Warcry+1","Twin Strike+1","Shrug It Off+1","Anger+1","Thunderclap+1","Spot Weakness+1","Secret Weapon+1","Offering","Inflame+1","Writhe"],"max_hp_per_floor":[80,80,80,80,80,80,80,80,80,80,80,80,80,80,80,80,80,80,80,80,80,80,80,80,80,80,80,80,80,80,80,80,80,80,80,80,80,80,80,80,80,80,80,80,80,80,80,80,80,80],"relics":["Burning Blood","Pen Nib","Whetstone","Vajra","Astrolabe","Shuriken","Omamori","Cursed Key","Bird Faced Urn","Champion Belt","Kunai","Bag of Marbles","Bottled Tornado","Shovel","The Courier","Frozen Egg 2"],"card_choices":[{"not_picked":["Wild Strike","Clash","Iron Wave"],"picked":"SKIP","floor":1},{"not_picked":["Armaments","Dual Wield"],"picked":"Seeing Red","floor":2},{"not_picked":["Clothesline","Fire Breathing"],"picked":"Pommel Strike","floor":4},{"not_picked":["Infernal Blade","Wild Strike"],"picked":"Headbutt","floor":7},{"not_picked":["Seeing Red","Clothesline"],"picked":"Shrug It Off","floor":8},{"not_picked":["Headbutt","Clash"],"picked":"Pommel Strike","floor":11},{"not_picked":["Perfected Strike","Demon Form"],"picked":"Shrug It Off","floor":12},{"not_picked":["Double Tap","Demon Form"],"picked":"Impervious","floor":16},{"not_picked":["Flex","Sentinel"],"picked":"Shrug It Off+1","floor":18},{"not_picked":["Warcry","Havoc+1","Pommel Strike"],"picked":"SKIP","floor":20},{"not_picked":["Sever Soul","Second Wind"],"picked":"Anger","floor":21},{"not_picked":["Anger+1","Shrug It Off"],"picked":"Thunderclap+1","floor":24},{"not_picked":["Sword Boomerang","Feel No Pain"],"picked":"Spot Weakness","floor":28},{"not_picked":["Second Wind","Impervious","Feel No Pain"],"picked":"SKIP","floor":29},{"not_picked":["Barricade","Feed"],"picked":"Offering","floor":33},{"not_picked":["Havoc+1","Cleave"],"picked":"Inflame+1","floor":35},{"not_picked":["Shrug It Off","Body Slam","Heavy Blade"],"picked":"SKIP","floor":38},{"not_picked":["Anger","Flex+1","Heavy Blade+1"],"picked":"SKIP","floor":41},{"not_picked":["Reckless Charge","Heavy Blade","Flex"],"picked":"SKIP","floor":45}],"player_experience":375755,"potions_floor_usage":[16,33,33,50,50,50],"damage_taken":[{"damage":5,"enemies":"Cultist","floor":1,"turns":4},{"damage":6,"enemies":"Jaw Worm","floor":2,"turns":3},{"damage":2,"enemies":"2 Louse","floor":4,"turns":3},{"damage":3,"enemies":"2 Fungi Beasts","floor":7,"turns":3},{"damage":6,"enemies":"Blue Slaver","floor":8,"turns":4},{"damage":6,"enemies":"Gremlin Nob","floor":11,"turns":3},{"damage":4,"enemies":"Exordium Wildlife","floor":12,"turns":2},{"damage":39,"enemies":"The Guardian","floor":16,"turns":12},{"damage":6,"enemies":"Shell Parasite","floor":18,"turns":7},{"damage":0,"enemies":"3 Byrds","floor":20,"turns":6},{"damage":0,"enemies":"Snake Plant","floor":21,"turns":3},{"damage":0,"enemies":"Cultist and Chosen","floor":24,"turns":4},{"damage":5,"enemies":"Centurion and Healer","floor":28,"turns":4},{"damage":19,"enemies":"Book of Stabbing","floor":29,"turns":4},{"damage":18,"enemies":"Automaton","floor":33,"turns":7},{"damage":0,"enemies":"3 Shapes","floor":35,"turns":3},{"damage":4,"enemies":"Mysterious Sphere","floor":36,"turns":3},{"damage":4,"enemies":"3 Darklings","floor":38,"turns":3},{"damage":4,"enemies":"Sphere and 2 Shapes","floor":41,"turns":3},{"damage":8,"enemies":"Giant Head","floor":45,"turns":3},{"damage":81,"enemies":"Donu and Deca","floor":50,"turns":7}],"relics_obtained":[{"floor":9,"key":"Whetstone"},{"floor":11,"key":"Vajra"},{"floor":26,"key":"Shuriken"},{"floor":29,"key":"Omamori"},{"floor":36,"key":"Bird Faced Urn"},{"floor":37,"key":"Champion Belt"},{"floor":43,"key":"Bag of Marbles"},{"floor":45,"key":"Bottled Tornado"},{"floor":46,"key":"Shovel"},{"floor":47,"key":"The Courier"},{"floor":49,"key":"Frozen Egg 2"}],"event_choices":[{"event_name":"The Cleric","player_choice":"Card Removal","floor":3,"damage_taken":0},{"event_name":"Liars Game","player_choice":"agreed","floor":14,"damage_taken":0},{"event_name":"Back to Basics","player_choice":"Elegance","floor":22,"damage_taken":0},{"event_name":"Vampires","player_choice":"Ignored","floor":31,"damage_taken":0},{"event_name":"Mysterious Sphere","player_choice":"Fight","floor":36,"damage_taken":0},{"event_name":"The Lab","player_choice":"Got Potions","floor":48,"damage_taken":0}],"boss_relics":[{"not_picked":["Runic Dome","Runic Pyramid"],"picked":"Astrolabe"},{"not_picked":["Black Star","Orrery"],"picked":"Cursed Key"}],"potions_floor_spawned":[11,12,16,20,24,36,38,41],"seed_played":"-8984527885458010009","ascension_level":0,"potions_obtained":[{"floor":11,"key":"FearPotion"},{"floor":12,"key":"Poison Potion"},{"floor":16,"key":"FearPotion"},{"floor":20,"key":"PowerPotion"},{"floor":24,"key":"Regen Potion"},{"floor":36,"key":"Regen Potion"},{"floor":38,"key":"Dexterity Potion"}],"is_trial":false}