{"gold_per_floor":[109,109,123,142,157,157,6,40,40,55,385,324,342,362,362,362],"floor_reached":16,"playtime":852,"items_purged":["Strike_B"],"score":236,"play_id":"218e6252-1400-4e52-8d39-07eaf8dc6f9c","local_time":"20190424012412","is_ascension_mode":true,"campfire_choices":[{"data":"Conserve Battery","floor":6,"key":"SMITH"},{"data":"Defragment","floor":15,"key":"SMITH"}],"neow_cost":"NONE","seed_source_timestamp":97370291902500,"circlet_count":0,"master_deck":["AscendersBane","Strike_B","Strike_B","Strike_B","Defend_B","Defend_B","Defend_B","Defend_B","Zap+1","Dualcast","Conserve Battery+1","Leap","Conserve Battery","Hologram","Defragment+1","BootSequence","Glacier","Chaos","Reinforced Body"],"relics":["Sozu","Incense Burner","Torii","Old Coin","Tiny Chest"],"potions_floor_usage":[],"damage_taken":[{"damage":3,"enemies":"Jaw Worm","floor":1,"turns":4},{"damage":5,"enemies":"Cultist","floor":3,"turns":4},{"damage":0,"enemies":"2 Louse","floor":4,"turns":4},{"damage":12,"enemies":"Lots of Slimes","floor":5,"turns":6},{"damage":21,"enemies":"3 Sentries","floor":8,"turns":9},{"damage":0,"enemies":"Looter","floor":10,"turns":4},{"damage":0,"enemies":"Lagavulin","floor":11,"turns":13},{"damage":0,"enemies":"Blue Slaver","floor":13,"turns":6},{"damage":0,"enemies":"Exordium Wildlife","floor":14,"turns":9},{"damage":29,"enemies":"Hexaghost","floor":16,"turns":21}],"seed_played":"4237927127868432533","potions_obtained":[],"is_trial":false,"path_per_floor":["M","?","M","M","M","R","$","E","T","M","E","?","M","M","R","B"],"character_chosen":"DEFECT","items_purchased":["Defragment"],"campfire_rested":0,"item_purchase_floors":[7],"current_hp_per_floor":[61,61,56,56,44,44,44,23,23,23,23,23,23,23,23,0],"gold":362,"neow_bonus":"BOSS_RELIC","is_prod":false,"is_daily":false,"chose_seed":false,"campfire_upgraded":2,"win_rate":0,"timestamp":1556061852,"path_taken":["M","?","M","?","M","R","$","E","T","M","E","?","M","M","R","BOSS"],"build_version":"2019-01-23","purchased_purges":1,"victory":false,"max_hp_per_floor":[71,71,71,71,71,71,71,71,71,71,71,71,71,71,71,71],"card_choices":[{"not_picked":["Coolheaded","Go for the Eyes"],"picked":"Conserve Battery","floor":1},{"not_picked":["Capacitor","Barrage"],"picked":"Leap","floor":3},{"not_picked":["Leap","Cold Snap"],"picked":"Conserve Battery","floor":4},{"not_picked":["Gash","Biased Cognition"],"picked":"Hologram","floor":5},{"not_picked":["Rebound","Stack"],"picked":"BootSequence","floor":8},{"not_picked":["Streamline","Skim"],"picked":"Glacier","floor":10},{"not_picked":["Turbo","Leap","Rebound"],"picked":"SKIP","floor":11},{"not_picked":["Conserve Battery","Stack"],"picked":"Chaos","floor":13},{"not_picked":["Static Discharge","Loop"],"picked":"Reinforced Body","floor":14}],"player_experience":1061081,"relics_obtained":[{"floor":8,"key":"Incense Burner"},{"floor":9,"key":"Torii"},{"floor":11,"key":"Old Coin"}],"event_choices":[{"damage_healed":0,"gold_gain":0,"player_choice":"Upgraded","damage_taken":0,"max_hp_gain":0,"max_hp_loss":0,"event_name":"Upgrade Shrine","floor":2,"gold_loss":0,"cards_upgraded":["Zap"]},{"damage_healed":0,"gold_gain":0,"player_choice":"Paid Gold","damage_taken":0,"relics_obtained":["Tiny Chest"],"max_hp_gain":0,"max_hp_loss":0,"event_name":"WeMeetAgain","floor":12,"gold_loss":91}],"is_beta":false,"boss_relics":[],"items_purged_floors":[7],"is_endless":false,"potions_floor_spawned":[4,8,11,14],"killed_by":"Hexaghost","ascension_level":14}