{"gold_per_floor":[117,128,145,156,166,166,166,11,11,34,34,34],"floor_reached":12,"playtime":401,"items_purged":["Strike_B"],"score":123,"play_id":"3b1a2c13-a41e-46cc-9c04-fddc9cfff7ed","local_time":"20190520044020","is_ascension_mode":true,"campfire_choices":[{"data":"Echo Form","floor":6,"key":"SMITH"},{"data":"Sunder","floor":11,"key":"SMITH"}],"neow_cost":"NONE","seed_source_timestamp":538235750528999,"circlet_count":0,"master_deck":["AscendersBane","Strike_B","Defend_B","Defend_B","Defend_B","Defend_B","Zap","Dualcast","Capacitor","Ball Lightning","Compile Driver","Darkness","Echo Form+1","Redo","Sunder+1","Leap"],"relics":["Cracked Core","Pocketwatch","Odd Mushroom"],"potions_floor_usage":[2,2,4,10,12],"damage_taken":[{"damage":2,"enemies":"Jaw Worm","floor":1,"turns":3},{"damage":0,"enemies":"Small Slimes","floor":2,"turns":2},{"damage":0,"enemies":"2 Louse","floor":3,"turns":3},{"damage":34,"enemies":"Exordium Thugs","floor":4,"turns":4},{"damage":12,"enemies":"3 Louse","floor":5,"turns":4},{"damage":25,"enemies":"The Mushroom Lair","floor":10,"turns":4},{"damage":16,"enemies":"3 Sentries","floor":12,"turns":3}],"seed_played":"987067798428367653","potions_obtained":[{"floor":1,"key":"EntropicBrew"},{"floor":4,"key":"Regen Potion"},{"floor":10,"key":"Explosive Potion"}],"is_trial":false,"path_per_floor":["M","M","M","M","M","R","?","$","T","?","R","E"],"character_chosen":"DEFECT","items_purchased":["Sunder"],"campfire_rested":0,"item_purchase_floors":[8],"current_hp_per_floor":[62,62,62,40,28,28,28,28,28,15,15,0],"gold":34,"neow_bonus":"REMOVE_CARD","is_prod":false,"is_daily":false,"chose_seed":false,"campfire_upgraded":2,"win_rate":0,"timestamp":1558320020,"path_taken":["M","M","M","M","M","R","?","$","T","?","R","E"],"build_version":"2019-01-23","purchased_purges":1,"victory":false,"max_hp_per_floor":[71,71,71,71,71,71,71,71,71,71,71,71],"card_choices":[{"not_picked":["Sweeping Beam","Steam"],"picked":"Capacitor","floor":1},{"not_picked":["Aggregate","Steam Power"],"picked":"Ball Lightning","floor":2},{"not_picked":["Turbo","Streamline"],"picked":"Compile Driver","floor":3},{"not_picked":["Rebound","Stack"],"picked":"Darkness","floor":4},{"not_picked":["Aggregate","Streamline"],"picked":"Echo Form","floor":5},{"not_picked":["Compile Driver","Stack"],"picked":"Leap","floor":10}],"player_experience":1172542,"relics_obtained":[{"floor":9,"key":"Pocketwatch"},{"floor":10,"key":"Odd Mushroom"}],"event_choices":[{"damage_healed":0,"gold_gain":0,"cards_transformed":["Strike_B"],"player_choice":"Change","damage_taken":0,"max_hp_gain":0,"max_hp_loss":0,"event_name":"Living Wall","floor":7,"gold_loss":0,"cards_obtained":["Redo"]},{"damage_healed":0,"gold_gain":0,"player_choice":"Fought Mushrooms","damage_taken":0,"max_hp_gain":0,"max_hp_loss":0,"event_name":"Mushrooms","floor":10,"gold_loss":0}],"is_beta":false,"boss_relics":[],"items_purged_floors":[8],"is_endless":false,"potions_floor_spawned":[1,4,10],"killed_by":"3 Sentries","ascension_level":15}