{"gold_per_floor":[13,33,33,43,43,73,73,73,96,96,112,112],"floor_reached":12,"playtime":273,"items_purged":[],"score":148,"play_id":"4b689bba-cecb-4597-8fef-1c59a2fdbdac","local_time":"20190814183119","is_ascension_mode":true,"campfire_choices":[{"data":"Juggernaut","floor":8,"key":"SMITH"},{"data":"Flex","floor":10,"key":"SMITH"}],"neow_cost":"NO_GOLD","seed_source_timestamp":48804707337400,"circlet_count":0,"master_deck":["AscendersBane","Strike_R","Strike_R","Strike_R","Strike_R","Defend_R","Defend_R","Defend_R","Defend_R","Bash","Juggernaut+1","Pommel Strike","Body Slam+1","Shrug It Off","Flex+1","Iron Wave"],"relics":["Burning Blood","Ancient Tea Set","Bottled Tornado","Vajra"],"potions_floor_usage":[6],"damage_taken":[{"damage":18,"enemies":"Jaw Worm","floor":1,"turns":5},{"damage":4,"enemies":"Small Slimes","floor":2,"turns":4},{"damage":6,"enemies":"Cultist","floor":4,"turns":3},{"damage":30,"enemies":"Lagavulin","floor":6,"turns":8},{"damage":1,"enemies":"2 Fungi Beasts","floor":11,"turns":3},{"damage":34,"enemies":"Gremlin Nob","floor":12,"turns":3}],"seed_played":"-1125167981061523342","potions_obtained":[{"floor":1,"key":"Dexterity Potion"},{"floor":11,"key":"Poison Potion"}],"is_trial":false,"path_per_floor":["M","M","?","M","?","E","?","R","T","R","M","E"],"character_chosen":"IRONCLAD","items_purchased":[],"campfire_rested":0,"item_purchase_floors":[],"current_hp_per_floor":[56,58,58,58,53,29,22,22,22,22,27,0],"gold":112,"neow_bonus":"THREE_RARE_CARDS","is_prod":false,"is_daily":false,"chose_seed":false,"campfire_upgraded":2,"win_rate":0,"timestamp":1565800279,"path_taken":["M","M","?","M","?","E","?","R","T","R","?","E"],"build_version":"2019-07-17","purchased_purges":0,"victory":false,"max_hp_per_floor":[75,75,75,75,75,75,75,75,75,75,75,75],"card_choices":[{"not_picked":["Exhume","Reaper"],"picked":"Juggernaut","floor":0},{"not_picked":["Intimidate","Sever Soul"],"picked":"Pommel Strike","floor":1},{"not_picked":["True Grit","Heavy Blade"],"picked":"Body Slam","floor":2},{"not_picked":["Pommel Strike","Body Slam"],"picked":"Shrug It Off","floor":4},{"not_picked":["Offering","Clash"],"picked":"Flex","floor":6},{"not_picked":["Clothesline","Wild Strike"],"picked":"Iron Wave","floor":11}],"player_experience":1888657,"relics_obtained":[{"floor":6,"key":"Bottled Tornado"},{"floor":9,"key":"Vajra"}],"event_choices":[{"damage_healed":0,"gold_gain":0,"player_choice":"Grow","damage_taken":0,"max_hp_gain":0,"max_hp_loss":0,"event_name":"Living Wall","floor":3,"gold_loss":0,"cards_upgraded":["Body Slam"]},{"damage_healed":0,"gold_gain":0,"player_choice":"Success","damage_taken":5,"relics_obtained":["Ancient Tea Set"],"max_hp_gain":0,"max_hp_loss":0,"event_name":"Scrap Ooze","floor":5,"gold_loss":0},{"cards_removed":["Strike_R"],"damage_healed":0,"gold_gain":0,"player_choice":"Card Removal","damage_taken":7,"max_hp_gain":0,"max_hp_loss":0,"event_name":"Golden Wing","floor":7,"gold_loss":0}],"is_beta":false,"boss_relics":[],"items_purged_floors":[],"is_endless":false,"potions_floor_spawned":[1,11],"killed_by":"Gremlin Nob","ascension_level":18}