{"gold_per_floor":[110,58,133,149,168,168,168,168,168,168,168,209,222,222,222,347,347,365,211,232,59,59,59],"floor_reached":23,"playtime":1288,"items_purged":["Strike_G"],"score":271,"play_id":"e5d5e144-61a8-42b4-a3ec-a05ea8951cab","local_time":"20190928174450","is_ascension_mode":true,"campfire_choices":[{"data":"Neutralize","floor":6.0,"key":"SMITH"},{"data":"Sucker Punch","floor":8.0,"key":"SMITH"},{"data":"Dagger Spray","floor":10.0,"key":"SMITH"},{"data":"Quick Slash","floor":15.0,"key":"SMITH"}],"neow_cost":"TEN_PERCENT_HP_LOSS","seed_source_timestamp":802252544119459,"circlet_count":0,"master_deck":["Strike_G","Strike_G","Strike_G","Defend_G","Defend_G","Defend_G","Defend_G","Defend_G","Survivor","Neutralize+1","Quick Slash+1","Dagger Spray+1","Sucker Punch+1","Catalyst","Adrenaline","Well Laid Plans+1","Apotheosis"],"special_seed":0,"relics":["Ring of the Snake","Ice Cream","Frozen Egg 2","Bloody Idol","FossilizedHelix","Eternal Feather"],"potions_floor_usage":[23,23],"damage_taken":[{"damage":1.0,"enemies":"Small Slimes","floor":1.0,"turns":4.0},{"damage":0.0,"enemies":"2 Louse","floor":4.0,"turns":2.0},{"damage":0.0,"enemies":"Jaw Worm","floor":5.0,"turns":3.0},{"damage":17.0,"enemies":"Gremlin Nob","floor":12.0,"turns":5.0},{"damage":0.0,"enemies":"2 Fungi Beasts","floor":13.0,"turns":3.0},{"damage":38.0,"enemies":"Slime Boss","floor":16.0,"turns":14.0},{"damage":13.0,"enemies":"Shell Parasite","floor":18.0,"turns":12.0},{"damage":17.0,"enemies":"2 Thieves","floor":20.0,"turns":5.0},{"damage":20,"enemies":"Slavers","floor":23,"turns":3}],"seed_played":"-2288784784392276287","potions_obtained":[{"floor":4.0,"key":"Ancient Potion"},{"floor":5.0,"key":"Regen Potion"},{"floor":12.0,"key":"Swift Potion"},{"floor":18.0,"key":"SneckoOil"},{"floor":20.0,"key":"PowerPotion"}],"is_trial":false,"path_per_floor":["M","$","?","M","M","R","?","R","T","R","?","E","M","?","R","B",null,"M","$","M","$","?","E"],"character_chosen":"THE_SILENT","items_purchased":["Dagger Spray","Well Laid Plans+1","Apotheosis"],"campfire_rested":0,"item_purchase_floors":[2,19,21],"current_hp_per_floor":[62,62,51,51,51,51,51,51,51,51,51,34,34,27,27,4,45,32,32,15,15,15,0],"gold":59,"neow_bonus":"ONE_RARE_RELIC","is_prod":false,"is_daily":false,"chose_seed":false,"campfire_upgraded":4,"win_rate":0,"timestamp":1569717890,"path_taken":["M","$","?","M","M","R","?","R","T","R","?","E","?","?","R","BOSS","M","$","M","$","?","E"],"build_version":"2019-07-17","purchased_purges":1,"victory":false,"max_hp_per_floor":[63,63,63,63,63,63,63,63,63,63,58,58,58,58,58,58,58,58,58,58,58,58,58],"card_choices":[{"not_picked":["Dodge and Roll","Acrobatics"],"picked":"Quick Slash","floor":1.0},{"not_picked":["Slice","Underhanded Strike","Poisoned Stab"],"picked":"SKIP","floor":4.0},{"not_picked":["Die Die Die","Poisoned Stab"],"picked":"Sucker Punch","floor":5.0},{"not_picked":["Dagger Spray","Dagger Throw"],"picked":"Catalyst","floor":12.0},{"not_picked":["Cloak And Dagger","All Out Attack","Concentrate"],"picked":"SKIP","floor":13.0},{"not_picked":["A Thousand Cuts+1","Bullet Time"],"picked":"Adrenaline","floor":16.0},{"not_picked":["Reflex+1","Blade Dance","Poisoned Stab"],"picked":"SKIP","floor":18.0},{"not_picked":["Cloak And Dagger+1","Slice","Blade Dance"],"picked":"SKIP","floor":20.0}],"player_experience":263798,"relics_obtained":[{"floor":9.0,"key":"Frozen Egg 2"},{"floor":12.0,"key":"FossilizedHelix"}],"event_choices":[{"damage_healed":0.0,"max_hp_gain":0.0,"max_hp_loss":0.0,"gold_gain":75.0,"event_name":"World of Goop","player_choice":"Gather Gold","floor":3.0,"gold_loss":0.0,"damage_taken":11.0},{"damage_healed":0.0,"max_hp_gain":0.0,"max_hp_loss":0.0,"gold_gain":0.0,"event_name":"Liars Game","player_choice":"Ignored","floor":7.0,"gold_loss":0.0,"damage_taken":0.0},{"damage_healed":0.0,"max_hp_gain":0.0,"max_hp_loss":5.0,"gold_gain":0.0,"event_name":"Golden Idol","player_choice":"Lose Max HP","floor":11.0,"gold_loss":0.0,"damage_taken":0.0,"relics_obtained":["Golden Idol"]},{"cards_removed":["Strike_G"],"damage_healed":0.0,"max_hp_gain":0.0,"max_hp_loss":0.0,"gold_gain":0.0,"event_name":"Golden Wing","player_choice":"Card Removal","floor":14.0,"gold_loss":0.0,"damage_taken":7.0},{"damage_healed":0.0,"max_hp_gain":0.0,"max_hp_loss":0.0,"gold_gain":0.0,"event_name":"Forgotten Altar","player_choice":"Gave Idol","floor":22.0,"relics_lost":["Golden Idol"],"gold_loss":0.0,"damage_taken":0.0,"relics_obtained":["Bloody Idol"]}],"is_beta":false,"boss_relics":[{"not_picked":["White Beast Statue","Fusion Hammer"],"picked":"Eternal Feather"}],"items_purged_floors":[19],"is_endless":false,"potions_floor_spawned":[4,5,12,18,20],"killed_by":"Slavers","ascension_level":9}