{"gold_per_floor":[114,114,127,87,87,131,131,149,149,164,45,88,88,88],"floor_reached":14,"playtime":462,"items_purged":[],"score":98,"play_id":"3a95f35d-ff36-4437-b158-b43947e75c49","local_time":"20190707234405","is_ascension_mode":false,"campfire_choices":[{"data":"Battle Trance","floor":7,"key":"SMITH"}],"neow_cost":"NONE","seed_source_timestamp":959065791246759,"circlet_count":0,"master_deck":["Strike_R","Strike_R","Strike_R","Defend_R","Defend_R","Defend_R","Defend_R","Bash","Impervious","Pommel Strike","Battle Trance+1","Spot Weakness","Whirlwind"],"relics":["Burning Blood","Golden Idol","Self Forming Clay","Juzu Bracelet","Tiny Chest","Frozen Egg 2"],"potions_floor_usage":[6,6,14],"damage_taken":[{"damage":11,"enemies":"Jaw Worm","floor":1,"turns":6},{"damage":0,"enemies":"Small Slimes","floor":3,"turns":3},{"damage":14,"enemies":"Gremlin Nob","floor":6,"turns":3},{"damage":0,"enemies":"2 Louse","floor":8,"turns":4},{"damage":11,"enemies":"Exordium Wildlife","floor":10,"turns":5},{"damage":33,"enemies":"Lagavulin","floor":12,"turns":7},{"damage":35,"enemies":"Gremlin Nob","floor":14,"turns":4}],"seed_played":"-5923721692359980574","potions_obtained":[{"floor":1,"key":"Strength Potion"},{"floor":3,"key":"AttackPotion"},{"floor":10,"key":"Dexterity Potion"},{"floor":12,"key":"Swift Potion"}],"is_trial":false,"path_per_floor":["M","?","M","?","?","E","R","M","T","M","$","E","?","E"],"character_chosen":"IRONCLAD","items_purchased":["Tiny Chest"],"campfire_rested":0,"item_purchase_floors":[11],"current_hp_per_floor":[75,75,80,80,60,52,52,58,58,53,53,26,19,0],"gold":88,"neow_bonus":"ONE_RANDOM_RARE_CARD","is_prod":false,"is_daily":false,"chose_seed":false,"campfire_upgraded":1,"win_rate":0,"timestamp":1562557445,"path_taken":["M","?","M","?","?","E","R","?","T","M","$","E","?","E"],"build_version":"2019-07-05","purchased_purges":0,"victory":false,"max_hp_per_floor":[80,80,80,80,80,80,80,80,80,80,80,80,80,80],"card_choices":[{"not_picked":["Rupture","Wild Strike","Hemokinesis"],"picked":"SKIP","floor":1},{"not_picked":["Hemokinesis","Perfected Strike"],"picked":"Pommel Strike","floor":3},{"not_picked":["Flame Barrier","Shrug It Off"],"picked":"Battle Trance","floor":6},{"not_picked":["Pommel Strike","Evolve"],"picked":"Spot Weakness","floor":8},{"not_picked":["Spot Weakness","Entrench"],"picked":"Whirlwind","floor":10},{"not_picked":["Iron Wave","Wild Strike","Blood for Blood"],"picked":"SKIP","floor":12}],"player_experience":270237,"relics_obtained":[{"floor":6,"key":"Self Forming Clay"},{"floor":9,"key":"Juzu Bracelet"},{"floor":12,"key":"Frozen Egg 2"}],"event_choices":[{"cards_removed":["Strike_R"],"damage_healed":0,"gold_gain":0,"player_choice":"Forget","damage_taken":0,"max_hp_gain":0,"max_hp_loss":0,"event_name":"Living Wall","floor":2,"gold_loss":0},{"damage_healed":0,"gold_gain":0,"player_choice":"Left Gold","damage_taken":0,"max_hp_gain":0,"max_hp_loss":0,"event_name":"World of Goop","floor":4,"gold_loss":40},{"damage_healed":0,"gold_gain":0,"player_choice":"Take Damage","damage_taken":20,"relics_obtained":["Golden Idol"],"max_hp_gain":0,"max_hp_loss":0,"event_name":"Golden Idol","floor":5,"gold_loss":0},{"cards_removed":["Strike_R"],"damage_healed":0,"gold_gain":0,"player_choice":"Card Removal","damage_taken":7,"max_hp_gain":0,"max_hp_loss":0,"event_name":"Golden Wing","floor":13,"gold_loss":0}],"is_beta":false,"boss_relics":[],"items_purged_floors":[],"is_endless":false,"potions_floor_spawned":[1,3,10,12],"killed_by":"Gremlin Nob","ascension_level":0}