{"gold_per_floor":[118,135,60,60,81,6,6,6,6,6,39,60,60,80,80,174,174,197,197,112,12,12,12,32,51,51,51,84,118,118,134,134,225,225,250,266,19,42,42,42,78,203,203,37,37,58,58,83,83,83],"floor_reached":50,"playtime":2721,"items_purged":["Injury","Strike_G","Defend_G","Defend_G"],"score":968,"play_id":"741f7561-d305-488d-a99d-4ec0ff61f21b","local_time":"20190613001847","is_ascension_mode":true,"campfire_choices":[{"data":"Noxious Fumes","floor":7,"key":"SMITH"},{"data":"Deflect","floor":10,"key":"SMITH"},{"data":"Backflip","floor":13,"key":"SMITH"},{"data":"Well Laid Plans","floor":15,"key":"SMITH"},{"data":"Doppelganger","floor":23,"key":"SMITH"},{"data":"Crippling Poison","floor":27,"key":"SMITH"},{"floor":32,"key":"REST"},{"data":"A Thousand Cuts","floor":40,"key":"SMITH"},{"data":"Bullet Time","floor":47,"key":"SMITH"},{"data":"Catalyst","floor":49,"key":"SMITH"}],"neow_cost":"NONE","seed_source_timestamp":84220815995700,"circlet_count":0,"master_deck":["AscendersBane","Defend_G","Defend_G","Neutralize+1","Deflect+1","Noxious Fumes+1","Well Laid Plans+1","Backflip+1","Flechettes+1","Doppelganger+1","Dagger Throw+1","Footwork+1","Distraction+1","Dash+1","Necronomicurse","Crippling Poison+1","Dodge and Roll+1","Endless Agony+1","Blur+1","Choke+1","Bullet Time+1","Dagger Spray+1","Escape Plan","Footwork","Masterful Stab+1","A Thousand Cuts+1","Predator+1","Catalyst+1","Acrobatics","Parasite","Blade Dance+1"],"relics":["Ring of the Snake","Golden Idol","Paper Crane","Molten Egg 2","Astrolabe","Necronomicon","Question Card","Whetstone","Red Mask","Centennial Puzzle","WristBlade","Bottled Tornado","Tough Bandages","The Courier"],"potions_floor_usage":[12,18,25,29,35,46,50],"damage_taken":[{"damage":1,"enemies":"Cultist","floor":1,"turns":5},{"damage":1,"enemies":"2 Louse","floor":2,"turns":4},{"damage":10,"enemies":"Small Slimes","floor":5,"turns":5},{"damage":4,"enemies":"Lagavulin","floor":11,"turns":10},{"damage":0,"enemies":"Blue Slaver","floor":12,"turns":6},{"damage":0,"enemies":"Large Slime","floor":14,"turns":6},{"damage":32,"enemies":"Slime Boss","floor":16,"turns":13},{"damage":5,"enemies":"2 Thieves","floor":18,"turns":5},{"damage":2,"enemies":"Shell Parasite","floor":24,"turns":5},{"damage":0,"enemies":"Snecko","floor":25,"turns":5},{"damage":16,"enemies":"Masked Bandits","floor":28,"turns":7},{"damage":12,"enemies":"Book of Stabbing","floor":29,"turns":7},{"damage":0,"enemies":"3 Cultists","floor":31,"turns":6},{"damage":0,"enemies":"Champ","floor":33,"turns":14},{"damage":3,"enemies":"3 Darklings","floor":35,"turns":6},{"damage":0,"enemies":"3 Shapes","floor":36,"turns":3},{"damage":8,"enemies":"Sphere and 2 Shapes","floor":38,"turns":5},{"damage":4,"enemies":"Giant Head","floor":41,"turns":10},{"damage":0,"enemies":"Mind Bloom Boss Battle","floor":42,"turns":3},{"damage":2,"enemies":"Transient","floor":46,"turns":5},{"damage":1,"enemies":"Writhing Mass","floor":48,"turns":6},{"damage":52,"enemies":"Awakened One","floor":50,"turns":8}],"seed_played":"-1553457421502865237","potions_obtained":[{"floor":2,"key":"Ancient Potion"},{"floor":11,"key":"Regen Potion"},{"floor":16,"key":"EssenceOfSteel"},{"floor":29,"key":"Fruit Juice"},{"floor":33,"key":"SpeedPotion"},{"floor":36,"key":"Block Potion"},{"floor":42,"key":"SteroidPotion"}],"is_trial":false,"path_per_floor":["M","M","?","?","M","$","R","?","T","R","E","M","R","M","R","B",null,"M","?","?","$","?","R","M","M","T","R","?","E","?","M","R","B",null,"M","M","$","M","?","R","E","?","T","$","?","M","R","M","R","B"],"character_chosen":"THE_SILENT","items_purchased":["Footwork","Masterful Stab+1","PowerPotion"],"campfire_rested":1,"item_purchase_floors":[37,37,44],"current_hp_per_floor":[64,63,63,63,53,53,53,53,53,53,49,64,64,64,64,32,62,57,36,36,36,50,50,48,48,48,48,32,25,25,25,48,48,70,67,67,67,59,59,59,55,55,55,55,55,53,53,52,52,0],"gold":83,"neow_bonus":"TEN_PERCENT_HP_BONUS","is_prod":false,"is_daily":false,"chose_seed":false,"campfire_upgraded":9,"win_rate":0,"timestamp":1560377927,"path_taken":["M","M","?","?","M","$","R","?","T","R","E","M","R","?","R","BOSS","M","?","?","$","?","R","M","M","T","R","?","E","?","?","R","BOSS","M","M","$","M","?","R","E","?","T","?","?","M","R","M","R","BOSS"],"build_version":"2019-01-23","purchased_purges":4,"victory":false,"max_hp_per_floor":[72,72,72,72,72,72,72,72,72,72,72,72,72,72,72,72,72,72,72,72,72,72,72,72,72,72,72,72,77,77,77,77,77,77,77,77,77,77,77,77,77,77,77,77,77,77,77,77,77,77],"card_choices":[{"not_picked":["Bane","Blade Dance"],"picked":"Deflect","floor":1},{"not_picked":["Prepared","Concentrate"],"picked":"Noxious Fumes","floor":2},{"not_picked":["Dodge and Roll","Underhanded Strike"],"picked":"Well Laid Plans","floor":5},{"not_picked":["PiercingWail","Cloak And Dagger"],"picked":"Backflip","floor":11},{"not_picked":["Outmaneuver","PiercingWail"],"picked":"Flechettes+1","floor":12},{"not_picked":["Outmaneuver","Expertise","Riddle With Holes+1"],"picked":"SKIP","floor":14},{"not_picked":["Grand Finale+1","Phantasmal Killer"],"picked":"Doppelganger","floor":16},{"not_picked":["Caltrops","Poisoned Stab+1"],"picked":"Dash+1","floor":18},{"not_picked":["Backflip","Dodge and Roll","Quick Slash+1"],"picked":"Crippling Poison","floor":24},{"not_picked":["Concentrate+1","Bane+1","All Out Attack+1"],"picked":"Dodge and Roll+1","floor":25},{"not_picked":["Prepared","Burst","Underhanded Strike+1"],"picked":"Endless Agony+1","floor":28},{"not_picked":["Footwork","Flying Knee+1","Blade Dance"],"picked":"Blur+1","floor":29},{"not_picked":["Cloak And Dagger","Well Laid Plans","Dodge and Roll"],"picked":"Choke+1","floor":31},{"not_picked":["Grand Finale+1","Doppelganger","Night Terror"],"picked":"Bullet Time","floor":33},{"not_picked":["Underhanded Strike+1","Outmaneuver","Quick Slash+1"],"picked":"Dagger Spray+1","floor":35},{"not_picked":["Slice+1","Dodge and Roll","Underhanded Strike+1"],"picked":"Escape Plan","floor":36},{"not_picked":["Prepared","Deflect","PiercingWail+1"],"picked":"A Thousand Cuts","floor":38},{"not_picked":["Slice+1","PiercingWail","Outmaneuver"],"picked":"Predator+1","floor":41},{"not_picked":["Expertise","Quick Slash+1","Accuracy"],"picked":"Catalyst","floor":42},{"not_picked":["Phantasmal Killer","Dodge and Roll","Underhanded Strike+1"],"picked":"Acrobatics","floor":46},{"not_picked":["Terror","Deadly Poison","Crippling Poison"],"picked":"Blade Dance+1","floor":48}],"player_experience":1309341,"relics_obtained":[{"floor":9,"key":"Paper Crane"},{"floor":11,"key":"Molten Egg 2"},{"floor":19,"key":"Necronomicon"},{"floor":26,"key":"Whetstone"},{"floor":28,"key":"Red Mask"},{"floor":29,"key":"Centennial Puzzle"},{"floor":41,"key":"Bottled Tornado"},{"floor":42,"key":"Tough Bandages"},{"floor":43,"key":"The Courier"}],"event_choices":[{"cards_removed":["Strike_G"],"damage_healed":0,"gold_gain":0,"player_choice":"Card Removal","damage_taken":0,"max_hp_gain":0,"max_hp_loss":0,"event_name":"The Cleric","floor":3,"gold_loss":75},{"damage_healed":0,"gold_gain":0,"player_choice":"Take Wound","damage_taken":0,"relics_obtained":["Golden Idol"],"max_hp_gain":0,"max_hp_loss":0,"event_name":"Golden Idol","floor":4,"gold_loss":0,"cards_obtained":["Injury"]},{"damage_healed":0,"gold_gain":0,"player_choice":"Upgraded","damage_taken":0,"max_hp_gain":0,"max_hp_loss":0,"event_name":"Upgrade Shrine","floor":8,"gold_loss":0,"cards_upgraded":["Neutralize"]},{"damage_healed":0,"gold_gain":0,"player_choice":"Obtained Book","damage_taken":21,"max_hp_gain":0,"max_hp_loss":0,"event_name":"Cursed Tome","floor":19,"gold_loss":0},{"damage_healed":0,"gold_gain":0,"player_choice":"Obtained Relic","damage_taken":0,"relics_obtained":["Question Card"],"max_hp_gain":0,"max_hp_loss":0,"event_name":"Addict","floor":20,"gold_loss":85},{"damage_healed":14,"gold_gain":0,"player_choice":"Heal","damage_taken":0,"max_hp_gain":0,"max_hp_loss":0,"event_name":"The Library","floor":22,"gold_loss":0},{"damage_healed":0,"gold_gain":0,"player_choice":"Fought Bandits","damage_taken":0,"max_hp_gain":0,"max_hp_loss":0,"event_name":"Masked Bandits","floor":28,"gold_loss":0},{"cards_removed":["Defend_G"],"damage_healed":0,"gold_gain":0,"player_choice":"Offered Basic","damage_taken":0,"max_hp_gain":0,"max_hp_loss":0,"event_name":"Bonfire Elementals","floor":30,"gold_loss":0},{"cards_removed":["Survivor"],"damage_healed":0,"gold_gain":0,"player_choice":"Removed Skill","damage_taken":0,"max_hp_gain":0,"max_hp_loss":0,"event_name":"Falling","floor":39,"gold_loss":0},{"damage_healed":0,"gold_gain":0,"player_choice":"Fight","damage_taken":0,"max_hp_gain":0,"max_hp_loss":0,"event_name":"MindBloom","floor":42,"gold_loss":0},{"damage_healed":0,"gold_gain":0,"player_choice":"Ignored","damage_taken":0,"max_hp_gain":0,"max_hp_loss":0,"event_name":"The Moai Head","floor":45,"gold_loss":0}],"is_beta":false,"boss_relics":[{"not_picked":["Orrery","Eternal Feather"],"picked":"Astrolabe"},{"not_picked":["Snecko Eye","Tiny House"],"picked":"WristBlade"}],"items_purged_floors":[6,21,37,44],"is_endless":false,"potions_floor_spawned":[2,11,16,29,33,36,42],"killed_by":"Awakened One","ascension_level":16}