{"gold_per_floor":[116,41,41,51,71,103,116,116,170,185,185,19,19,0,0,100,100,117,117,127,127,127],"floor_reached":22,"playtime":1571,"items_purged":["Strike_R"],"score":184,"play_id":"f8cc2e8f-3deb-4b32-ba23-f1c7bb38bd93","local_time":"20190527222844","is_ascension_mode":false,"campfire_choices":[{"data":"Seeing Red","floor":8,"key":"SMITH"},{"data":"Armaments","floor":11,"key":"SMITH"},{"data":"Apotheosis","floor":13,"key":"SMITH"},{"data":"Pommel Strike","floor":15,"key":"SMITH"}],"neow_cost":"NONE","seed_source_timestamp":277055437353527,"circlet_count":0,"master_deck":["Strike_R","Strike_R","Strike_R","Strike_R","Defend_R","Defend_R","Defend_R","Defend_R","Bash","Pommel Strike+1","Carnage","Shockwave","Seeing Red+1","Metallicize","Armaments+1","Apotheosis+1","Demon Form","Pommel Strike+1","Shrug It Off"],"relics":["Burning Blood","Bag of Preparation","Centennial Puzzle","Bronze Scales","Tiny Chest","Runic Pyramid"],"potions_floor_usage":[18,20,21],"damage_taken":[{"damage":4,"enemies":"Small Slimes","floor":1,"turns":5},{"damage":6,"enemies":"2 Louse","floor":4,"turns":2},{"damage":6,"enemies":"Cultist","floor":5,"turns":3},{"damage":16,"enemies":"Lagavulin","floor":6,"turns":6},{"damage":4,"enemies":"3 Louse","floor":7,"turns":4},{"damage":3,"enemies":"Large Slime","floor":10,"turns":9},{"damage":38,"enemies":"Slime Boss","floor":16,"turns":12},{"damage":31,"enemies":"2 Thieves","floor":18,"turns":4},{"damage":30,"enemies":"Spheric Guardian","floor":20,"turns":8},{"damage":18,"enemies":"Colosseum Slavers","floor":21,"turns":7},{"damage":0,"enemies":"Snecko","floor":22,"turns":1}],"seed_played":"-8649862425839867989","potions_obtained":[{"floor":1,"key":"Swift Potion"},{"floor":6,"key":"SpeedPotion"},{"floor":10,"key":"Regen Potion"},{"floor":16,"key":"Energy Potion"},{"floor":20,"key":"Regen Potion"}],"is_trial":false,"path_per_floor":["M","$","?","M","M","E","M","R","T","M","R","$","R","?","R","B",null,"M","?","M","?","M"],"character_chosen":"IRONCLAD","items_purchased":["Apotheosis"],"campfire_rested":0,"item_purchase_floors":[12],"current_hp_per_floor":[80,80,73,73,73,63,65,65,65,68,68,68,68,68,68,36,80,55,55,46,49,49],"gold":127,"neow_bonus":"RANDOM_COMMON_RELIC","is_prod":false,"is_daily":false,"chose_seed":false,"campfire_upgraded":4,"win_rate":0,"timestamp":1559010524,"path_taken":["M","$","?","M","M","E","M","R","T","M","R","$","R","?","R","BOSS","M","?","?","?","M"],"build_version":"2019-01-23","purchased_purges":1,"victory":false,"max_hp_per_floor":[80,80,80,80,80,80,80,80,80,80,80,80,80,80,80,80,80,80,80,80,80,80],"card_choices":[{"not_picked":["Burning Pact","Warcry"],"picked":"Pommel Strike","floor":1},{"not_picked":["Cleave","Body Slam"],"picked":"Carnage","floor":4},{"not_picked":["Disarm","Evolve"],"picked":"Shockwave","floor":5},{"not_picked":["Feed","Intimidate"],"picked":"Seeing Red","floor":6},{"not_picked":["Sword Boomerang","Wild Strike"],"picked":"Metallicize","floor":7},{"not_picked":["Searing Blow","Clash"],"picked":"Armaments","floor":10},{"not_picked":["Berserk","Immolate"],"picked":"Demon Form","floor":16},{"not_picked":["Seeing Red","Uppercut"],"picked":"Pommel Strike+1","floor":18},{"not_picked":["Cleave+1","Armaments"],"picked":"Shrug It Off","floor":20}],"player_experience":38669,"relics_obtained":[{"floor":6,"key":"Bronze Scales"},{"floor":9,"key":"Tiny Chest"}],"event_choices":[{"damage_healed":0,"gold_gain":0,"player_choice":"Success","damage_taken":7,"relics_obtained":["Centennial Puzzle"],"max_hp_gain":0,"max_hp_loss":0,"event_name":"Scrap Ooze","floor":3,"gold_loss":0},{"damage_healed":0,"gold_gain":0,"player_choice":"Left Gold","damage_taken":0,"max_hp_gain":0,"max_hp_loss":0,"event_name":"World of Goop","floor":14,"gold_loss":19},{"damage_healed":0,"gold_gain":0,"player_choice":"0 cards matched","damage_taken":0,"max_hp_gain":0,"max_hp_loss":0,"event_name":"Match and Keep!","floor":19,"gold_loss":0,"cards_obtained":[]},{"damage_healed":0,"gold_gain":0,"player_choice":"Fight","damage_taken":0,"max_hp_gain":0,"max_hp_loss":0,"event_name":"Colosseum","floor":21,"gold_loss":0},{"damage_healed":0,"gold_gain":0,"player_choice":"Fled From Nobs","damage_taken":0,"max_hp_gain":0,"max_hp_loss":0,"event_name":"Colosseum","floor":21,"gold_loss":0}],"is_beta":false,"boss_relics":[{"not_picked":["Empty Cage","Black Star"],"picked":"Runic Pyramid"}],"items_purged_floors":[2],"is_endless":false,"potions_floor_spawned":[1,6,10,16,20,21],"killed_by":"Snecko","ascension_level":0}