{"gold_per_floor":[114,114,126,126,5,37,37,53,53,64,81,116,129,144,144,218,218,234,134,149,165,182,182,199,199,225,241,13,13,13],"floor_reached":30,"playtime":1145,"items_purged":["Strike_R","Strike_R"],"score":474,"play_id":"c988fc2b-d2bc-4907-b5d7-73d1f753d8f9","local_time":"20190515205423","is_ascension_mode":true,"campfire_choices":[{"data":"Whirlwind","floor":7,"key":"SMITH"},{"data":"Armaments","floor":15,"key":"SMITH"},{"data":"Rupture","floor":23,"key":"SMITH"},{"data":"Offering","floor":25,"key":"SMITH"}],"neow_cost":"NONE","seed_source_timestamp":163922126442600,"circlet_count":0,"master_deck":["AscendersBane","Strike_R","Strike_R","Strike_R","Defend_R","Defend_R","Defend_R","Defend_R","Bash","Clothesline","Flame Barrier","Anger","Whirlwind+1","Intimidate","Burning Pact","Iron Wave","Offering+1","Rupture+1","Armaments+1","Bludgeon","Anger","Feel No Pain","True Grit","Headbutt","Thunderclap+1","Dual Wield+1","Double Tap","Inflame","Bloodletting"],"relics":["Burning Blood","NeowsBlessing","Pocketwatch","Ginger","FossilizedHelix","White Beast Statue","Blood Vial"],"potions_floor_usage":[12,16,16,22,24,30],"damage_taken":[{"damage":0,"enemies":"Small Slimes","floor":1,"turns":1},{"damage":0,"enemies":"Cultist","floor":3,"turns":1},{"damage":0,"enemies":"Gremlin Nob","floor":6,"turns":1},{"damage":0,"enemies":"2 Louse","floor":8,"turns":1},{"damage":3,"enemies":"Blue Slaver","floor":10,"turns":2},{"damage":1,"enemies":"Looter","floor":11,"turns":3},{"damage":21,"enemies":"Lagavulin","floor":12,"turns":6},{"damage":0,"enemies":"Large Slime","floor":13,"turns":4},{"damage":0,"enemies":"Exordium Wildlife","floor":14,"turns":3},{"damage":28,"enemies":"Slime Boss","floor":16,"turns":8},{"damage":5,"enemies":"3 Byrds","floor":18,"turns":3},{"damage":0,"enemies":"Chosen","floor":20,"turns":4},{"damage":0,"enemies":"Snecko","floor":21,"turns":5},{"damage":23,"enemies":"Snake Plant","floor":22,"turns":5},{"damage":18,"enemies":"Sentry and Sphere","floor":24,"turns":6},{"damage":0,"enemies":"Cultist and Chosen","floor":27,"turns":6},{"damage":65,"enemies":"Book of Stabbing","floor":30,"turns":5}],"seed_played":"8303212817560554347","potions_obtained":[{"floor":3,"key":"SteroidPotion"},{"floor":8,"key":"Swift Potion"},{"floor":12,"key":"Swift Potion"},{"floor":13,"key":"GamblersBrew"},{"floor":18,"key":"Poison Potion"},{"floor":20,"key":"EssenceOfSteel"},{"floor":21,"key":"Fire Potion"},{"floor":22,"key":"Energy Potion"},{"floor":24,"key":"Weak Potion"},{"floor":27,"key":"GamblersBrew"}],"is_trial":false,"path_per_floor":["M","?","M","?","$","E","R","M","T","M","M","E","M","M","R","B",null,"M","$","M","M","M","R","M","R","T","M","$","?","E"],"character_chosen":"IRONCLAD","items_purchased":["Anger","Double Tap","Inflame","Bloodletting"],"campfire_rested":0,"item_purchase_floors":[5,28,28,28],"current_hp_per_floor":[74,70,75,80,80,80,80,80,80,80,80,65,71,77,77,55,74,75,75,80,80,63,63,51,51,51,59,59,59,0],"gold":13,"neow_bonus":"THREE_ENEMY_KILL","is_prod":false,"is_daily":false,"chose_seed":false,"campfire_upgraded":4,"win_rate":0,"timestamp":1557946463,"path_taken":["M","?","?","?","$","E","R","M","T","M","M","E","M","M","R","BOSS","M","$","M","M","M","R","M","R","T","M","$","?","E"],"build_version":"2019-01-23","purchased_purges":2,"victory":false,"max_hp_per_floor":[75,75,75,80,80,80,80,80,80,80,80,80,80,80,80,80,80,80,80,80,80,80,80,80,80,80,80,80,80,80],"card_choices":[{"not_picked":["Clash","Carnage"],"picked":"Clothesline","floor":1},{"not_picked":["Anger","Blood for Blood"],"picked":"Flame Barrier","floor":3},{"not_picked":["Twin Strike","Armaments"],"picked":"Whirlwind","floor":6},{"not_picked":["Whirlwind","Cleave"],"picked":"Intimidate","floor":8},{"not_picked":["Havoc","Flame Barrier"],"picked":"Burning Pact","floor":10},{"not_picked":["Sever Soul","Dark Embrace"],"picked":"Iron Wave","floor":11},{"not_picked":["Shrug It Off","Warcry"],"picked":"Offering","floor":12},{"not_picked":["Ghostly Armor","Iron Wave"],"picked":"Rupture","floor":13},{"not_picked":["Headbutt","Clash"],"picked":"Armaments","floor":14},{"not_picked":["Reaper","Fiend Fire"],"picked":"Bludgeon","floor":16},{"not_picked":["Armaments","Clothesline"],"picked":"Anger","floor":18},{"not_picked":["Havoc","Iron Wave+1"],"picked":"Feel No Pain","floor":20},{"not_picked":["Iron Wave","Intimidate+1"],"picked":"True Grit","floor":21},{"not_picked":["Perfected Strike","Twin Strike"],"picked":"Headbutt","floor":22},{"not_picked":["Twin Strike","Uppercut"],"picked":"Thunderclap+1","floor":24},{"not_picked":["Ghostly Armor","Sever Soul"],"picked":"Dual Wield+1","floor":27}],"player_experience":1099939,"relics_obtained":[{"floor":6,"key":"Pocketwatch"},{"floor":9,"key":"Ginger"},{"floor":12,"key":"FossilizedHelix"},{"floor":26,"key":"Blood Vial"}],"event_choices":[{"damage_healed":0,"gold_gain":0,"player_choice":"Bought 0 Potions","damage_taken":0,"max_hp_gain":0,"max_hp_loss":0,"event_name":"The Woman in Blue","floor":2,"gold_loss":0},{"damage_healed":0,"gold_gain":0,"player_choice":"Donut","damage_taken":0,"max_hp_gain":5,"max_hp_loss":0,"event_name":"Big Fish","floor":4,"gold_loss":0},{"damage_healed":0,"gold_gain":0,"player_choice":"Ignored","damage_taken":0,"max_hp_gain":0,"max_hp_loss":0,"event_name":"Beggar","floor":29,"gold_loss":0}],"is_beta":false,"boss_relics":[{"not_picked":["Velvet Choker","Fusion Hammer"],"picked":"White Beast Statue"}],"items_purged_floors":[5,19],"is_endless":false,"potions_floor_spawned":[3,8,10,12,13,18,20,21,22,24,27],"killed_by":"Book of Stabbing","ascension_level":15}