{"gold_per_floor":[115,125,138,151,170,170,199,199,224,238,261,261,261,276,276,371,371,389,389,439,452,137,137,153,153,230,230,43,60,78,94,94,94],"floor_reached":33,"playtime":1478,"items_purged":["Strike_B","Strike_B"],"score":506,"play_id":"03e4ebe6-2ec2-4bad-8a6a-89452b48b3c6","local_time":"20190116224312","is_ascension_mode":true,"campfire_choices":[{"floor":6.0,"key":"REST"},{"floor":12.0,"key":"REST"},{"floor":15.0,"key":"REST"},{"floor":23.0,"key":"REST"},{"floor":25.0,"key":"REST"},{"floor":27.0,"key":"RECALL"},{"floor":32.0,"key":"REST"}],"neow_cost":"NONE","seed_source_timestamp":618308931420927,"circlet_count":0,"master_deck":["AscendersBane","Strike_B","Strike_B","Defend_B","Defend_B","Defend_B","Defend_B","Zap+1","Dualcast","Sunder+1","Turbo","Scrape","Conserve Battery","Fusion","BootSequence","Conserve Battery","Sunder","Hyperbeam","Hello World+1","Chill","Leap","Loop+1","Sweeping Beam","Gash","Hologram"],"special_seed":0,"relics":["Cracked Core","Frozen Egg 2","Bloody Idol","Bag of Preparation","Fusion Hammer","Oddly Smooth Stone","Tiny Chest"],"potions_floor_usage":[33],"damage_taken":[{"damage":1.0,"enemies":"Cultist","floor":1.0,"turns":3.0},{"damage":4.0,"enemies":"2 Louse","floor":2.0,"turns":2.0},{"damage":7.0,"enemies":"Jaw Worm","floor":3.0,"turns":3.0},{"damage":21.0,"enemies":"Gremlin Gang","floor":4.0,"turns":4.0},{"damage":1.0,"enemies":"Blue Slaver","floor":5.0,"turns":2.0},{"damage":46.0,"enemies":"Gremlin Nob","floor":7.0,"turns":4.0},{"damage":0.0,"enemies":"Large Slime","floor":10.0,"turns":7.0},{"damage":0.0,"enemies":"Looter","floor":11.0,"turns":2.0},{"damage":4.0,"enemies":"Gremlin Gang","floor":14.0,"turns":4.0},{"damage":38.0,"enemies":"Slime Boss","floor":16.0,"turns":11.0},{"damage":25.0,"enemies":"Spheric Guardian","floor":18.0,"turns":4.0},{"damage":12.0,"enemies":"Shell Parasite","floor":21.0,"turns":4.0},{"damage":21.0,"enemies":"Snake Plant","floor":24.0,"turns":4.0},{"damage":10.0,"enemies":"Chosen and Byrds","floor":29.0,"turns":5.0},{"damage":13.0,"enemies":"Snecko","floor":30.0,"turns":5.0},{"damage":24.0,"enemies":"Centurion and Healer","floor":31.0,"turns":5.0},{"damage":57,"enemies":"Collector","floor":33,"turns":5}],"seed_played":"-9016776205377414086","potions_obtained":[{"floor":1.0,"key":"GamblersBrew"},{"floor":2.0,"key":"FearPotion"},{"floor":4.0,"key":"PowerPotion"},{"floor":10.0,"key":"Dexterity Potion"},{"floor":14.0,"key":"Block Potion"},{"floor":18.0,"key":"Weak Potion"},{"floor":29.0,"key":"Strength Potion"}],"is_trial":false,"path_per_floor":["M","M","M","M","M","R","E","?","T","M","M","R","?","M","R","B",null,"M","?","?","M","$","R","M","R","T","R","$","M","M","M","R","B"],"character_chosen":"DEFECT","items_purchased":["Oddly Smooth Stone","Regen Potion","Loop+1"],"campfire_rested":6,"item_purchase_floors":[22,22,28],"current_hp_per_floor":[63,59,52,31,30,51,5,5,5,5,5,24,24,20,39,1,48,23,23,28,21,21,40,36,55,64,64,64,59,51,32,51,0],"gold":94,"neow_bonus":"UPGRADE_CARD","is_prod":false,"is_daily":false,"chose_seed":false,"campfire_upgraded":0,"win_rate":0,"timestamp":1547674992,"path_taken":["M","M","M","M","M","R","E","?","T","M","M","R","?","?","R","BOSS","M","?","?","M","$","R","M","R","T","R","$","M","M","M","R","BOSS"],"build_version":"2019-01-10","purchased_purges":2,"victory":false,"max_hp_per_floor":[71,71,71,71,71,71,71,64,64,64,64,64,64,64,64,64,64,64,64,64,64,64,64,64,64,64,64,64,64,64,64,64,64],"card_choices":[{"not_picked":["Cold Snap","Hologram"],"picked":"Sunder","floor":1.0},{"not_picked":["Barrage","FTL"],"picked":"Turbo","floor":2.0},{"not_picked":["Redo","Blizzard"],"picked":"Scrape","floor":3.0},{"not_picked":["Sweeping Beam","Rebound"],"picked":"Conserve Battery","floor":4.0},{"not_picked":["Loop","Redo"],"picked":"Fusion","floor":5.0},{"not_picked":["Sweeping Beam","Reprogram"],"picked":"BootSequence","floor":7.0},{"not_picked":["Barrage","Turbo"],"picked":"Conserve Battery","floor":10.0},{"not_picked":["Doom and Gloom","Steam"],"picked":"Sunder","floor":11.0},{"not_picked":["Rip and Tear","Turbo","Fusion"],"picked":"SKIP","floor":14.0},{"not_picked":["Multi-Cast","Buffer+1"],"picked":"Hyperbeam","floor":16.0},{"not_picked":["Cold Snap","Stack"],"picked":"Hello World+1","floor":18.0},{"not_picked":["Gash","Sunder"],"picked":"Chill","floor":21.0},{"not_picked":["Coolheaded+1","Static Discharge+1"],"picked":"Leap","floor":24.0},{"not_picked":["Lockon","Compile Driver"],"picked":"Sweeping Beam","floor":29.0},{"not_picked":["Sunder","Fusion"],"picked":"Gash","floor":30.0},{"not_picked":["Recycle","Steam"],"picked":"Hologram","floor":31.0}],"player_experience":602853,"relics_obtained":[{"floor":7.0,"key":"Frozen Egg 2"},{"floor":9.0,"key":"Bag of Preparation"},{"floor":26.0,"key":"Tiny Chest"}],"event_choices":[{"damage_healed":0.0,"max_hp_gain":0.0,"max_hp_loss":7.0,"gold_gain":0.0,"event_name":"Golden Idol","player_choice":"Lose Max HP","floor":8.0,"gold_loss":0.0,"damage_taken":0.0,"relics_obtained":["Golden Idol"]},{"damage_healed":0.0,"max_hp_gain":0.0,"max_hp_loss":0.0,"gold_gain":0.0,"event_name":"Upgrade Shrine","player_choice":"Upgraded","floor":13.0,"gold_loss":0.0,"damage_taken":0.0,"cards_upgraded":["Sunder"]},{"damage_healed":0.0,"max_hp_gain":0.0,"max_hp_loss":0.0,"gold_gain":0.0,"event_name":"Forgotten Altar","player_choice":"Gave Idol","floor":19.0,"relics_lost":["Golden Idol"],"gold_loss":0.0,"damage_taken":0.0,"relics_obtained":["Bloody Idol"]},{"damage_healed":0.0,"max_hp_gain":0.0,"max_hp_loss":0.0,"gold_gain":100.0,"event_name":"The Joust","player_choice":"Bet on Murderer","floor":20.0,"gold_loss":50.0,"damage_taken":0.0}],"is_beta":false,"boss_relics":[{"not_picked":["Tiny House","Black Star"],"picked":"Fusion Hammer"}],"items_purged_floors":[22,28],"is_endless":false,"potions_floor_spawned":[1,2,4,10,14,18,29],"killed_by":"Collector","ascension_level":20}