{"gold_per_floor":[111,122,122,122,197,227,227,152,206,206,234,245,89,107,107,185,185,200,200],"floor_reached":19,"playtime":692,"items_purged":["Strike_B"],"score":324,"play_id":"3ee4ecbc-bcbb-42df-806e-39cf1b1daafc","local_time":"20190706140004","is_ascension_mode":true,"campfire_choices":[{"data":"Conserve Battery","floor":7,"key":"SMITH"},{"floor":10,"key":"REST"},{"floor":15,"key":"REST"}],"neow_cost":"NONE","seed_source_timestamp":16147250589200,"circlet_count":0,"master_deck":["AscendersBane","Zap+1","Dualcast","Auto Shields","Compile Driver","Conserve Battery+1","Rip and Tear","Genetic Algorithm","Redo","Self Repair","Reinforced Body","Buffer","Double Energy","BootSequence","Loop","Consume","Conserve Battery","Amplify","Fusion"],"relics":["Cracked Core","Juzu Bracelet","Dream Catcher","Vajra","Mercury Hourglass","Pandora\u0027s Box"],"potions_floor_usage":[6],"damage_taken":[{"damage":4,"enemies":"Jaw Worm","floor":1,"turns":5},{"damage":0,"enemies":"Cultist","floor":2,"turns":4},{"damage":36,"enemies":"Lagavulin","floor":6,"turns":7},{"damage":13,"enemies":"Gremlin Nob","floor":11,"turns":4},{"damage":0,"enemies":"Small Slimes","floor":12,"turns":3},{"damage":5,"enemies":"Blue Slaver","floor":14,"turns":3},{"damage":14,"enemies":"The Guardian","floor":16,"turns":13},{"damage":16,"enemies":"Spheric Guardian","floor":18,"turns":6},{"damage":61,"enemies":"Masked Bandits","floor":19,"turns":3}],"seed_played":"6641915441231046760","potions_obtained":[{"floor":1,"key":"Dexterity Potion"},{"floor":6,"key":"SmokeBomb"}],"is_trial":false,"path_per_floor":["M","M","?","$","?","E","R","?","T","R","E","M","$","M","R","B",null,"M","?"],"character_chosen":"DEFECT","items_purchased":["Self Repair"],"campfire_rested":2,"item_purchase_floors":[13],"current_hp_per_floor":[60,60,60,60,49,13,13,13,13,34,21,21,21,23,44,37,63,61,0],"gold":200,"neow_bonus":"RANDOM_COMMON_RELIC","is_prod":false,"is_daily":false,"chose_seed":false,"campfire_upgraded":1,"win_rate":0,"timestamp":1562414404,"path_taken":["M","M","?","$","?","E","R","?","T","R","E","M","$","M","R","BOSS","M","?"],"build_version":"2019-07-05","purchased_purges":1,"victory":false,"max_hp_per_floor":[71,71,71,71,71,71,71,71,71,71,71,71,71,71,71,71,71,71,71],"card_choices":[{"not_picked":["Skim","Rip and Tear"],"picked":"Auto Shields","floor":1},{"not_picked":["Streamline","Barrage"],"picked":"Compile Driver","floor":2},{"not_picked":["Cold Snap","Coolheaded"],"picked":"Conserve Battery","floor":6},{"not_picked":["Reprogram","Stack"],"picked":"Rip and Tear","floor":10},{"not_picked":["Glacier","Loop"],"picked":"Genetic Algorithm","floor":11},{"not_picked":["Auto Shields","Reprogram"],"picked":"Redo","floor":12},{"not_picked":["Recycle","Barrage","Scrape"],"picked":"SKIP","floor":14},{"not_picked":["Reboot","Redo"],"picked":"Reinforced Body","floor":15},{"not_picked":["Hyperbeam","Meteor Strike"],"picked":"Buffer","floor":16},{"not_picked":["Coolheaded","Beam Cell"],"picked":"Fusion","floor":18}],"player_experience":1616474,"relics_obtained":[{"floor":6,"key":"Dream Catcher"},{"floor":9,"key":"Vajra"},{"floor":11,"key":"Mercury Hourglass"}],"event_choices":[{"damage_healed":0,"gold_gain":0,"player_choice":"Upgraded","damage_taken":0,"max_hp_gain":0,"max_hp_loss":0,"event_name":"Upgrade Shrine","floor":3,"gold_loss":0,"cards_upgraded":["Zap"]},{"damage_healed":0,"gold_gain":75,"player_choice":"Gather Gold","damage_taken":11,"max_hp_gain":0,"max_hp_loss":0,"event_name":"World of Goop","floor":5,"gold_loss":0},{"cards_removed":["Strike_B"],"damage_healed":0,"gold_gain":0,"player_choice":"Card Removal","damage_taken":0,"max_hp_gain":0,"max_hp_loss":0,"event_name":"The Cleric","floor":8,"gold_loss":75},{"damage_healed":0,"gold_gain":0,"player_choice":"Fought Bandits","damage_taken":0,"max_hp_gain":0,"max_hp_loss":0,"event_name":"Masked Bandits","floor":19,"gold_loss":0}],"is_beta":false,"boss_relics":[{"not_picked":["Coffee Dripper","Lizard Tail"],"picked":"Pandora\u0027s Box"}],"items_purged_floors":[13],"is_endless":false,"potions_floor_spawned":[1,6],"killed_by":"Masked Bandits","ascension_level":17}