{"gold_per_floor":[112,126,126,126,201,240,240,340,364,57,57,23,23,48,48,178,178,191,116,136,136,150,150,11,11,35,35,235,235,57,75,75,75],"floor_reached":33,"playtime":964,"items_purged":["Strike_G","Strike_G","Strike_G"],"score":370,"play_id":"1af6daea-f239-48af-8750-beb251a03869","local_time":"20190930172110","is_ascension_mode":true,"campfire_choices":[{"data":"Neutralize","floor":7.0,"key":"SMITH"},{"data":"Dagger Spray","floor":11.0,"key":"SMITH"},{"data":"Sucker Punch","floor":15.0,"key":"SMITH"},{"data":"Eviscerate","floor":23.0,"key":"SMITH"},{"data":"Footwork","floor":25.0,"key":"SMITH"},{"data":"Bouncing Flask","floor":27.0,"key":"SMITH"},{"data":"Malaise","floor":29.0,"key":"SMITH"},{"floor":32.0,"key":"REST"}],"neow_cost":"NONE","seed_source_timestamp":0,"circlet_count":0,"master_deck":["AscendersBane","Strike_G","Defend_G","Defend_G","Defend_G","Defend_G","Defend_G","Survivor","Neutralize+1","Flying Knee","Terror","Expertise","Dagger Spray+1","Well Laid Plans","Bouncing Flask+1","Catalyst","Catalyst","Sucker Punch+1","Malaise+1","Eviscerate+1","Footwork+1","Dodge and Roll"],"special_seed":0,"relics":["Ring of the Snake","Lantern","Golden Idol","Juzu Bracelet","Art of War","Snecko Eye","Bag of Marbles"],"potions_floor_usage":[33],"damage_taken":[{"damage":2.0,"enemies":"Cultist","floor":1.0,"turns":5.0},{"damage":0.0,"enemies":"Small Slimes","floor":2.0,"turns":4.0},{"damage":22.0,"enemies":"Lagavulin","floor":6.0,"turns":5.0},{"damage":0.0,"enemies":"2 Louse","floor":14.0,"turns":2.0},{"damage":10.0,"enemies":"Hexaghost","floor":16.0,"turns":7.0},{"damage":2.0,"enemies":"Chosen","floor":18.0,"turns":4.0},{"damage":10.0,"enemies":"Shell Parasite","floor":20.0,"turns":5.0},{"damage":34.0,"enemies":"Sentry and Sphere","floor":22.0,"turns":6.0},{"damage":10.0,"enemies":"Centurion and Healer","floor":31.0,"turns":5.0},{"damage":28,"enemies":"Automaton","floor":33,"turns":4}],"seed_played":"2620691797234248145","potions_obtained":[{"floor":1.0,"key":"Swift Potion"},{"floor":2.0,"key":"SpeedPotion"},{"floor":14.0,"key":"Poison Potion"},{"floor":20.0,"key":"Ancient Potion"}],"is_trial":false,"path_per_floor":["M","M","?","?","?","E","R","?","T","$","R","$","?","M","R","B",null,"M","?","M","?","M","R","$","R","T","R","?","R","$","M","R","B"],"character_chosen":"THE_SILENT","items_purchased":["Dagger Spray","Well Laid Plans","Bouncing Flask","Catalyst","Catalyst","Footwork","Dodge and Roll"],"campfire_rested":1,"item_purchase_floors":[10,10,10,10,12,24,30],"current_hp_per_floor":[61,61,61,61,50,28,28,28,28,28,28,28,49,49,49,39,59,57,57,47,47,13,13,13,13,13,13,13,13,13,3,22,0],"gold":75,"neow_bonus":"RANDOM_COMMON_RELIC","is_prod":false,"is_daily":false,"chose_seed":false,"campfire_upgraded":7,"win_rate":0,"timestamp":1569889270,"path_taken":["M","?","?","?","?","E","R","?","T","$","R","?","?","M","R","BOSS","M","?","M","?","M","R","$","R","T","R","?","R","$","M","R","BOSS"],"build_version":"2019-07-17","purchased_purges":3,"victory":false,"max_hp_per_floor":[70,70,70,65,65,65,65,65,65,65,65,65,65,65,65,65,65,65,65,65,65,65,65,65,65,65,65,65,65,65,65,65,65],"card_choices":[{"not_picked":["Expertise","Escape Plan"],"picked":"Flying Knee","floor":1.0},{"not_picked":["Blade Dance","Catalyst"],"picked":"Terror","floor":2.0},{"not_picked":["Blade Dance","Outmaneuver"],"picked":"Expertise","floor":6.0},{"not_picked":["Cloak And Dagger","Masterful Stab"],"picked":"Sucker Punch","floor":14.0},{"not_picked":["Venomology","Phantasmal Killer"],"picked":"Malaise","floor":16.0},{"not_picked":["Dagger Spray+1","Bane","Predator"],"picked":"SKIP","floor":18.0},{"not_picked":["Deadly Poison","Choke+1","Predator"],"picked":"SKIP","floor":20.0},{"not_picked":["Deadly Poison+1","Masterful Stab+1","Infinite Blades+1"],"picked":"SKIP","floor":22.0},{"not_picked":["Reflex","Cloak And Dagger","Setup"],"picked":"SKIP","floor":31.0}],"player_experience":276283,"relics_obtained":[{"floor":6.0,"key":"Juzu Bracelet"},{"floor":9.0,"key":"Art of War"},{"floor":26.0,"key":"Bag of Marbles"}],"event_choices":[{"damage_healed":0.0,"max_hp_gain":0.0,"max_hp_loss":0.0,"gold_gain":0.0,"event_name":"Scrap Ooze","player_choice":"Fled","floor":3.0,"gold_loss":0.0,"damage_taken":0.0},{"damage_healed":0.0,"max_hp_gain":0.0,"max_hp_loss":5.0,"gold_gain":0.0,"event_name":"Golden Idol","player_choice":"Lose Max HP","floor":4.0,"gold_loss":0.0,"damage_taken":0.0,"relics_obtained":["Golden Idol"]},{"damage_healed":0.0,"max_hp_gain":0.0,"max_hp_loss":0.0,"gold_gain":75.0,"event_name":"World of Goop","player_choice":"Gather Gold","floor":5.0,"gold_loss":0.0,"damage_taken":11.0},{"damage_healed":0.0,"max_hp_gain":0.0,"max_hp_loss":0.0,"gold_gain":100.0,"event_name":"Golden Shrine","player_choice":"Pray","floor":8.0,"gold_loss":0.0,"damage_taken":0.0},{"damage_healed":21.0,"max_hp_gain":0.0,"max_hp_loss":0.0,"gold_gain":0.0,"event_name":"Big Fish","player_choice":"Banana","floor":13.0,"gold_loss":0.0,"damage_taken":0.0},{"cards_removed":["Strike_G"],"damage_healed":0.0,"max_hp_gain":0.0,"max_hp_loss":0.0,"gold_gain":0.0,"event_name":"Beggar","player_choice":"Gave Gold","floor":19.0,"gold_loss":75.0,"damage_taken":0.0},{"damage_healed":0.0,"max_hp_gain":0.0,"max_hp_loss":0.0,"gold_gain":0.0,"event_name":"The Library","player_choice":"Read","floor":21.0,"gold_loss":0.0,"damage_taken":0.0,"cards_obtained":["Eviscerate"]},{"damage_healed":0.0,"max_hp_gain":0.0,"max_hp_loss":0.0,"gold_gain":200.0,"event_name":"Wheel of Change","player_choice":"Gold","floor":28.0,"gold_loss":0.0,"damage_taken":0.0}],"is_beta":false,"boss_relics":[{"not_picked":["Empty Cage","Black Star"],"picked":"Snecko Eye"}],"items_purged_floors":[10,24,30],"is_endless":false,"potions_floor_spawned":[1,2,14,20,22],"killed_by":"Automaton","ascension_level":11}