{"gold_per_floor":[114,114,39,39,39,39,67,80,80,109,129,404,404,404,404,404],"floor_reached":16,"playtime":341,"items_purged":[],"score":239,"play_id":"b439109d-4f5f-4336-b071-295ba6469c15","local_time":"20190703022154","is_ascension_mode":true,"campfire_choices":[{"data":"Bash","floor":6,"key":"SMITH"},{"data":"Body Slam","floor":13,"key":"SMITH"},{"data":"Shrug It Off","floor":15,"key":"SMITH"}],"neow_cost":"NONE","seed_source_timestamp":1304099027748700,"circlet_count":0,"master_deck":["AscendersBane","Strike_R","Strike_R","Strike_R","Defend_R","Defend_R","Defend_R","Defend_R","Bash+1","Iron Wave","Shrug It Off+1","Body Slam+1","Power Through","Wild Strike"],"relics":["Burning Blood","NeowsBlessing","Boot","Gremlin Horn","Juzu Bracelet","Odd Mushroom"],"potions_floor_usage":[10,10,16,16],"damage_taken":[{"damage":0,"enemies":"Jaw Worm","floor":1,"turns":1},{"damage":0,"enemies":"Gremlin Nob","floor":7,"turns":1},{"damage":0,"enemies":"Small Slimes","floor":8,"turns":1},{"damage":36,"enemies":"Lagavulin","floor":10,"turns":7},{"damage":18,"enemies":"The Mushroom Lair","floor":11,"turns":5},{"damage":28,"enemies":"Hexaghost","floor":16,"turns":9}],"seed_played":"-3815714207126009925","potions_obtained":[{"floor":8,"key":"EntropicBrew"},{"floor":10,"key":"SteroidPotion"}],"is_trial":false,"path_per_floor":["M","$","?","?","$","R","E","M","T","E","?","?","R","?","R","B"],"character_chosen":"IRONCLAD","items_purchased":[],"campfire_rested":0,"item_purchase_floors":[],"current_hp_per_floor":[74,74,74,74,74,74,75,75,75,45,33,33,33,26,26,0],"gold":404,"neow_bonus":"THREE_ENEMY_KILL","is_prod":false,"is_daily":false,"chose_seed":false,"campfire_upgraded":3,"win_rate":0,"timestamp":1562113314,"path_taken":["M","$","?","?","$","R","E","?","T","E","?","?","R","?","R","BOSS"],"build_version":"2019-07-01","purchased_purges":0,"victory":false,"max_hp_per_floor":[75,75,75,75,75,75,75,75,75,75,75,75,75,75,75,75],"card_choices":[{"not_picked":["Reckless Charge","Heavy Blade"],"picked":"Iron Wave","floor":1},{"not_picked":["Thunderclap","Headbutt"],"picked":"Shrug It Off","floor":7},{"not_picked":["Carnage","Clothesline"],"picked":"Body Slam","floor":8},{"not_picked":["Cleave","Twin Strike"],"picked":"Power Through","floor":10},{"not_picked":["Sever Soul","Carnage"],"picked":"Wild Strike","floor":11}],"player_experience":1562059,"relics_obtained":[{"floor":7,"key":"Boot"},{"floor":9,"key":"Gremlin Horn"},{"floor":10,"key":"Juzu Bracelet"},{"floor":11,"key":"Odd Mushroom"}],"event_choices":[{"cards_removed":["Strike_R"],"damage_healed":0,"gold_gain":0,"player_choice":"Card Removal","damage_taken":0,"max_hp_gain":0,"max_hp_loss":0,"event_name":"The Cleric","floor":3,"gold_loss":75},{"cards_removed":["Strike_R"],"damage_healed":0,"gold_gain":0,"player_choice":"Purged","damage_taken":0,"max_hp_gain":0,"max_hp_loss":0,"event_name":"Purifier","floor":4,"gold_loss":0},{"damage_healed":0,"gold_gain":0,"player_choice":"Fought Mushrooms","damage_taken":0,"max_hp_gain":0,"max_hp_loss":0,"event_name":"Mushrooms","floor":11,"gold_loss":0},{"damage_healed":0,"gold_gain":275,"player_choice":"Desecrate","damage_taken":0,"max_hp_gain":0,"max_hp_loss":0,"event_name":"Golden Shrine","floor":12,"gold_loss":0,"cards_obtained":["Regret"]},{"cards_removed":["Regret"],"damage_healed":0,"gold_gain":0,"player_choice":"Card Removal","damage_taken":7,"max_hp_gain":0,"max_hp_loss":0,"event_name":"Golden Wing","floor":14,"gold_loss":0}],"is_beta":false,"boss_relics":[],"items_purged_floors":[],"is_endless":false,"potions_floor_spawned":[8,10],"killed_by":"Hexaghost","ascension_level":17}