{"gold_per_floor":[210,135,285,74,84,84,100,100,100,128,128,128,143,218,218,295,295,311,330,330,344,360,360,360,380,405,405,424,424,324,342,342,342],"floor_reached":33,"playtime":1236,"items_purged":["Doubt","Strike_R"],"score":445,"play_id":"71ee5c45-8619-4469-98ce-f9713433aa94","local_time":"20180922185243","is_ascension_mode":true,"campfire_choices":[{"data":"Disarm","floor":6,"key":"SMITH"},{"data":"Clothesline","floor":8,"key":"SMITH"},{"data":"1","floor":12,"key":"LIFT"},{"data":"2","floor":15,"key":"LIFT"},{"data":"3","floor":23,"key":"LIFT"},{"data":"Infernal Blade","floor":29,"key":"SMITH"},{"data":"Spot Weakness","floor":32,"key":"SMITH"}],"neow_cost":"NONE","seed_source_timestamp":80888652315596,"circlet_count":0,"master_deck":["Strike_R","Strike_R","Strike_R","Defend_R","Defend_R","Defend_R","Defend_R","Bash","AscendersBane","Anger","Disarm+1","Spot Weakness+1","Clothesline+1","True Grit+1","Whirlwind+1","Impervious","Flame Barrier","Infernal Blade+1","Headbutt","Battle Trance","Seeing Red"],"relics":["Burning Blood","Girya","Centennial Puzzle","Busted Crown","Regal Pillow"],"potions_floor_usage":[10,21,22,33],"damage_taken":[{"damage":2,"enemies":"Small Slimes","floor":1,"turns":5},{"damage":2,"enemies":"2 Louse","floor":5,"turns":3},{"damage":1,"enemies":"Cultist","floor":7,"turns":3},{"damage":15,"enemies":"Gremlin Nob","floor":10,"turns":4},{"damage":0,"enemies":"2 Fungi Beasts","floor":13,"turns":4},{"damage":18,"enemies":"Hexaghost","floor":16,"turns":9},{"damage":13,"enemies":"2 Thieves","floor":18,"turns":2},{"damage":19,"enemies":"Spheric Guardian","floor":19,"turns":5},{"damage":2,"enemies":"Chosen and Byrds","floor":21,"turns":5},{"damage":15,"enemies":"Snake Plant","floor":22,"turns":4},{"damage":2,"enemies":"3 Cultists","floor":25,"turns":5},{"damage":6,"enemies":"Cultist and Chosen","floor":28,"turns":5},{"damage":19,"enemies":"Snake Plant","floor":31,"turns":2},{"damage":62,"enemies":"Champ","floor":33,"turns":13}],"seed_played":"-6822217394186269817","potions_obtained":[{"floor":1,"key":"SneckoOil"},{"floor":5,"key":"Poison Potion"},{"floor":21,"key":"LiquidBronze"},{"floor":22,"key":"Explosive Potion"},{"floor":25,"key":"EssenceOfSteel"},{"floor":31,"key":"PowerPotion"}],"is_trial":false,"path_per_floor":["M","?","?","$","M","R","M","R","T","E","?","R","M","?","R","B",null,"M","M","?","M","M","R","?","M","T","?","M","R","$","M","R"],"character_chosen":"IRONCLAD","items_purchased":["Disarm","Fire Potion"],"campfire_rested":0,"item_purchase_floors":[4,4],"current_hp_per_floor":[72,72,72,72,75,75,75,75,75,66,66,66,72,61,61,49,69,62,49,49,53,44,44,59,63,63,63,66,66,66,53,53,0],"gold":342,"neow_bonus":"HUNDRED_GOLD","is_prod":false,"is_daily":false,"chose_seed":false,"campfire_upgraded":4,"win_rate":0,"timestamp":1537638763,"path_taken":["M","?","?","$","M","R","M","R","T","E","?","R","?","?","R","BOSS","M","M","?","M","M","R","?","M","T","?","?","R","$","M","R","BOSS"],"build_version":"2018-09-20","purchased_purges":2,"victory":false,"max_hp_per_floor":[75,75,75,75,75,75,75,75,75,75,75,75,75,75,75,75,75,75,75,75,75,75,75,75,75,75,75,78,78,78,78,78,78],"card_choices":[{"not_picked":["Dual Wield","Perfected Strike"],"picked":"Anger","floor":1},{"not_picked":["Clash","Whirlwind"],"picked":"Spot Weakness","floor":5},{"not_picked":["Shrug It Off","Combust"],"picked":"Clothesline","floor":7},{"not_picked":["Carnage","Inflame"],"picked":"True Grit","floor":10},{"not_picked":["Anger","Bloodletting"],"picked":"Whirlwind","floor":13},{"not_picked":["Juggernaut","Double Tap"],"picked":"Impervious","floor":16},{"not_picked":["Combust"],"picked":"SKIP","floor":18},{"not_picked":["Metallicize"],"picked":"SKIP","floor":19},{"not_picked":[],"picked":"Flame Barrier","floor":21},{"not_picked":[],"picked":"Infernal Blade","floor":22},{"not_picked":[],"picked":"Headbutt","floor":25},{"not_picked":[],"picked":"Battle Trance","floor":28},{"not_picked":[],"picked":"Seeing Red","floor":31}],"player_experience":763508,"relics_obtained":[{"floor":9,"key":"Girya"},{"floor":10,"key":"Centennial Puzzle"},{"floor":26,"key":"Regal Pillow"}],"event_choices":[{"event_name":"The Cleric","player_choice":"Card Removal","floor":2,"damage_taken":0},{"event_name":"Liars Game","player_choice":"agreed","floor":3,"damage_taken":0},{"event_name":"Living Wall","player_choice":"Grow","floor":11,"damage_taken":0},{"event_name":"World of Goop","player_choice":"Gather Gold","floor":14,"damage_taken":0},{"event_name":"Ghosts","player_choice":"Ignored","floor":20,"damage_taken":0},{"event_name":"The Library","player_choice":"Heal","floor":24,"damage_taken":0},{"event_name":"Upgrade Shrine","player_choice":"Upgraded","floor":27,"damage_taken":0}],"is_beta":false,"boss_relics":[{"not_picked":["Snecko Eye","Orrery"],"picked":"Busted Crown"}],"items_purged_floors":[4,30],"is_endless":false,"potions_floor_spawned":[1,5,21,22,25,31],"killed_by":"Champ","ascension_level":16}