{"gold_per_floor":[111,36,186,1,18,18,43,43,94,151,182,194,281,293,305,412,424,450,462,495,507,519,531,391,416,443,368,368,368],"floor_reached":29,"playtime":746,"items_purged":["Doubt","Strike_B"],"score":380,"play_id":"ab060efb-7004-45ba-9f32-d61994e6876d","local_time":"20190522183944","is_ascension_mode":true,"campfire_choices":[{"data":"Zap","floor":6,"key":"SMITH"},{"data":"Loop","floor":8,"key":"SMITH"},{"data":"Defragment","floor":12,"key":"SMITH"},{"data":"Ball Lightning","floor":15,"key":"SMITH"},{"data":"Capacitor","floor":23,"key":"SMITH"},{"data":"Coolheaded","floor":28,"key":"SMITH"}],"neow_cost":"NONE","seed_source_timestamp":761056219811700,"circlet_count":0,"master_deck":["AscendersBane","Strike_B","Strike_B","Defend_B+1","Defend_B","Defend_B","Defend_B+1","Zap+1","Dualcast","Loop+1","Defragment+1","FTL","Ball Lightning+1","Electrodynamics","Chill","Core Surge","Tempest","Capacitor+1","Compile Driver+1","Barrage","Coolheaded+1"],"relics":["FrozenCore","Juzu Bracelet","Gambling Chip","MawBank","War Paint","Golden Idol","Meat on the Bone","Ancient Tea Set"],"potions_floor_usage":[5,18,25,25],"damage_taken":[{"damage":0,"enemies":"Cultist","floor":1,"turns":4},{"damage":3,"enemies":"Jaw Worm","floor":5,"turns":4},{"damage":25,"enemies":"3 Sentries","floor":7,"turns":6},{"damage":0,"enemies":"2 Louse","floor":11,"turns":1},{"damage":9,"enemies":"The Guardian","floor":16,"turns":7},{"damage":5,"enemies":"Chosen","floor":18,"turns":5},{"damage":12,"enemies":"3 Byrds","floor":20,"turns":3},{"damage":19,"enemies":"Centurion and Healer","floor":25,"turns":6},{"damage":48,"enemies":"Gremlin Leader","floor":29,"turns":4}],"seed_played":"-127829205551034631","potions_obtained":[{"floor":1,"key":"Regen Potion"},{"floor":11,"key":"SteroidPotion"},{"floor":16,"key":"Weak Potion"},{"floor":18,"key":"Strength Potion"},{"floor":22,"key":"Swift Potion"},{"floor":22,"key":"SkillPotion"},{"floor":25,"key":"LiquidBronze"}],"is_trial":false,"path_per_floor":["M","?","?","$","M","R","E","R","T","T","M","R","?","?","R","B",null,"M","?","M","?","?","R","$","M","T","?","R","E"],"character_chosen":"DEFECT","items_purchased":["Defragment","FTL","Barrage"],"campfire_rested":0,"item_purchase_floors":[4,4,24],"current_hp_per_floor":[64,64,64,64,70,70,45,45,45,45,45,45,34,34,34,25,60,55,55,43,43,43,43,43,36,36,36,36,0],"gold":368,"neow_bonus":"RANDOM_COMMON_RELIC","is_prod":false,"is_daily":false,"chose_seed":false,"campfire_upgraded":6,"win_rate":0,"timestamp":1558543184,"path_taken":["M","?","?","$","M","R","E","R","T","?","M","R","?","?","R","BOSS","M","?","M","?","?","R","$","M","T","?","R","E"],"build_version":"2019-01-23","purchased_purges":2,"victory":false,"max_hp_per_floor":[71,71,71,71,71,71,71,71,71,71,71,71,71,71,71,71,71,71,71,71,71,71,71,71,71,71,71,71,71],"card_choices":[{"not_picked":["Aggregate","Beam Cell"],"picked":"Loop","floor":1},{"not_picked":["Steam","Barrage"],"picked":"Ball Lightning","floor":5},{"not_picked":["Heatsinks","Double Energy"],"picked":"Electrodynamics","floor":7},{"not_picked":["Rebound","Steam"],"picked":"Chill","floor":11},{"not_picked":["All For One","Multi-Cast"],"picked":"Core Surge","floor":16},{"not_picked":["Darkness","Turbo"],"picked":"Tempest","floor":18},{"not_picked":["Sweeping Beam","Hologram"],"picked":"Compile Driver+1","floor":20},{"not_picked":["Sweeping Beam","Doom and Gloom"],"picked":"Coolheaded","floor":25}],"player_experience":1187293,"relics_obtained":[{"floor":7,"key":"Gambling Chip"},{"floor":9,"key":"MawBank"},{"floor":10,"key":"War Paint"},{"floor":26,"key":"Ancient Tea Set"}],"event_choices":[{"cards_removed":["Strike_B"],"damage_healed":0,"gold_gain":0,"player_choice":"Card Removal","damage_taken":0,"max_hp_gain":0,"max_hp_loss":0,"event_name":"The Cleric","floor":2,"gold_loss":75},{"damage_healed":0,"gold_gain":150,"player_choice":"AGREE","damage_taken":0,"max_hp_gain":0,"max_hp_loss":0,"event_name":"Liars Game","floor":3,"gold_loss":0,"cards_obtained":["Doubt"]},{"damage_healed":0,"gold_gain":75,"player_choice":"Gather Gold","damage_taken":11,"max_hp_gain":0,"max_hp_loss":0,"event_name":"World of Goop","floor":13,"gold_loss":0},{"damage_healed":0,"gold_gain":0,"player_choice":"Take Wound","damage_taken":0,"relics_obtained":["Golden Idol"],"max_hp_gain":0,"max_hp_loss":0,"event_name":"Golden Idol","floor":14,"gold_loss":0,"cards_obtained":["Injury"]},{"damage_healed":0,"gold_gain":0,"player_choice":"Read","damage_taken":0,"max_hp_gain":0,"max_hp_loss":0,"event_name":"The Library","floor":19,"gold_loss":0,"cards_obtained":["Capacitor"]},{"damage_healed":0,"gold_gain":0,"player_choice":"Gave Potion","damage_taken":0,"relics_obtained":["Meat on the Bone"],"max_hp_gain":0,"max_hp_loss":0,"event_name":"WeMeetAgain","floor":21,"gold_loss":0},{"damage_healed":0,"gold_gain":0,"player_choice":"Got Potions","damage_taken":0,"max_hp_gain":0,"max_hp_loss":0,"event_name":"Lab","floor":22,"gold_loss":0},{"cards_removed":["Injury"],"damage_healed":0,"gold_gain":0,"player_choice":"Gave Gold","damage_taken":0,"max_hp_gain":0,"max_hp_loss":0,"event_name":"Beggar","floor":27,"gold_loss":75}],"is_beta":false,"boss_relics":[{"not_picked":["Lizard Tail","Empty Cage"],"picked":"FrozenCore"}],"items_purged_floors":[4,24],"is_endless":false,"potions_floor_spawned":[1,11,16,18,25],"killed_by":"Gremlin Leader","ascension_level":15}