{"gold_per_floor":[11,30,30,30,40,75,75,101,101,101,101,101,112,128,128,230,230,247,23,23,40,56,86,98,130,169,181,237,274,300,330,342,456,468,497,523,535,562,598,641,653,678,690,125,155,155,181,193,193,193],"floor_reached":51,"playtime":6753,"items_purged":["Strike_R","Strike_R"],"score":1156,"play_id":"a8e97f91-1b67-4353-ae73-a8fedd0d6423","local_time":"20191014011444","is_ascension_mode":true,"campfire_choices":[{"data":"Carnage","floor":7.0,"key":"SMITH"},{"data":"Havoc","floor":10.0,"key":"SMITH"},{"data":"Second Wind","floor":12.0,"key":"SMITH"},{"data":"Bash","floor":15.0,"key":"SMITH"},{"data":"Burning Pact","floor":24.0,"key":"SMITH"},{"data":"Fiend Fire","floor":27.0,"key":"SMITH"},{"data":"Impervious","floor":32.0,"key":"SMITH"},{"data":"Flash of Steel","floor":41.0,"key":"SMITH"},{"data":"Shrug It Off","floor":46,"key":"SMITH"},{"data":"Flash of Steel","floor":49,"key":"SMITH"}],"neow_cost":"NO_GOLD","seed_source_timestamp":0,"circlet_count":0,"master_deck":["Strike_R","Strike_R","Defend_R","Defend_R","Defend_R","Defend_R","Bash+1","Flash of Steel+1","Carnage+1","Havoc+1","Flash of Steel+1","Second Wind+1","Fiend Fire+1","Burning Pact+1","Impervious+1","Shrug It Off+1","Inflame","Inflame","Inflame"],"special_seed":0,"relics":["Burning Blood","Turnip","Matryoshka","Letter Opener","Pear","Runic Pyramid","Anchor","MawBank","Regal Pillow","Ancient Tea Set","Red Mask","Bag of Preparation","Philosopher\u0027s Stone","Ice Cream","Molten Egg 2","Art of War","Mummified Hand","PreservedInsect","Pen Nib"],"potions_floor_usage":[50],"damage_taken":[{"damage":7.0,"enemies":"Jaw Worm","floor":1.0,"turns":3.0},{"damage":0.0,"enemies":"Small Slimes","floor":2.0,"turns":5.0},{"damage":1.0,"enemies":"Cultist","floor":5.0,"turns":3.0},{"damage":31.0,"enemies":"Gremlin Nob","floor":6.0,"turns":5.0},{"damage":23.0,"enemies":"Lagavulin","floor":8.0,"turns":5.0},{"damage":5.0,"enemies":"Gremlin Gang","floor":13.0,"turns":3.0},{"damage":1.0,"enemies":"Exordium Wildlife","floor":14.0,"turns":3.0},{"damage":43.0,"enemies":"Slime Boss","floor":16.0,"turns":11.0},{"damage":21.0,"enemies":"Shell Parasite","floor":18.0,"turns":4.0},{"damage":2.0,"enemies":"3 Byrds","floor":21.0,"turns":3.0},{"damage":13.0,"enemies":"Snecko","floor":22.0,"turns":3.0},{"damage":0.0,"enemies":"Book of Stabbing","floor":23.0,"turns":3.0},{"damage":0.0,"enemies":"Shelled Parasite and Fungi","floor":25.0,"turns":2.0},{"damage":2.0,"enemies":"Masked Bandits","floor":28.0,"turns":3.0},{"damage":11.0,"enemies":"Gremlin Leader","floor":29.0,"turns":4.0},{"damage":0.0,"enemies":"Cultist and Chosen","floor":30.0,"turns":2.0},{"damage":0.0,"enemies":"Snake Plant","floor":31.0,"turns":2.0},{"damage":0.0,"enemies":"Collector","floor":33.0,"turns":2.0},{"damage":0.0,"enemies":"3 Shapes","floor":35.0,"turns":3.0},{"damage":0.0,"enemies":"Orb Walker","floor":36.0,"turns":2.0},{"damage":0.0,"enemies":"Transient","floor":38.0,"turns":5.0},{"damage":0.0,"enemies":"Writhing Mass","floor":39.0,"turns":8.0},{"damage":0.0,"enemies":"Giant Head","floor":40.0,"turns":3.0},{"damage":0.0,"enemies":"4 Shapes","floor":42.0,"turns":4.0},{"damage":0,"enemies":"Reptomancer","floor":45,"turns":3},{"damage":1,"enemies":"Nemesis","floor":47,"turns":5},{"damage":5,"enemies":"Jaw Worm Horde","floor":48,"turns":3},{"damage":6,"enemies":"Time Eater","floor":50,"turns":5}],"seed_played":"7720496295119409772","potions_obtained":[{"floor":2.0,"key":"SkillPotion"},{"floor":6.0,"key":"LiquidBronze"},{"floor":8.0,"key":"Ancient Potion"},{"floor":11.0,"key":"BloodPotion"},{"floor":11.0,"key":"Energy Potion"},{"floor":11.0,"key":"Fire Potion"},{"floor":14.0,"key":"Regen Potion"},{"floor":21.0,"key":"SpeedPotion"},{"floor":25.0,"key":"Ancient Potion"},{"floor":31.0,"key":"SpeedPotion"},{"floor":33.0,"key":"AttackPotion"},{"floor":35.0,"key":"GamblersBrew"}],"is_trial":false,"path_per_floor":["M","M","$","?","M","E","R","E","T","R","?","R","M","M","R","B",null,"M","$","?","M","M","E","R","M","T","R","?","E","M","M","R","B",null,"M","M","?","M","M","E","R","M","T","$","E","R","E","M","R","B",null],"character_chosen":"IRONCLAD","items_purchased":["Anchor","Inflame","Art of War","Mummified Hand"],"campfire_rested":0,"item_purchase_floors":[19,44,44,44],"current_hp_per_floor":[71,77,77,77,80,55,55,38,48,48,48,48,49,54,54,39,77,62,62,62,66,68,74,74,80,80,80,84,79,85,90,90,90,90,90,90,90,90,90,90,90,90,90,90,90,90,90,90,90,90],"gold":193,"neow_bonus":"RANDOM_COLORLESS_2","is_prod":false,"is_daily":false,"chose_seed":false,"campfire_upgraded":10,"win_rate":0,"timestamp":1571030084,"path_taken":["M","M","$","?","M","E","R","E","T","R","?","R","M","M","R","BOSS","M","$","?","?","M","E","R","M","T","R","?","E","M","M","R","BOSS","M","M","?","M","?","E","R","M","T","$","E","R","E","M","R","BOSS"],"build_version":"2019-07-17","purchased_purges":2,"victory":true,"max_hp_per_floor":[80,80,80,80,80,80,80,80,90,90,90,90,90,90,90,90,90,90,90,90,90,90,90,90,90,90,90,90,90,90,90,90,90,90,90,90,90,90,90,90,90,90,90,90,90,90,90,90,90,90],"card_choices":[{"not_picked":["Headbutt","Iron Wave"],"picked":"Carnage","floor":1.0},{"not_picked":["Cleave","Blood for Blood"],"picked":"Havoc","floor":2.0},{"not_picked":["Cleave","Warcry"],"picked":"Second Wind","floor":5.0},{"not_picked":["Twin Strike","Flex","Uppercut"],"picked":"SKIP","floor":6.0},{"not_picked":["Flex","Battle Trance","Headbutt"],"picked":"SKIP","floor":8.0},{"not_picked":["Thunderclap","Warcry","Perfected Strike"],"picked":"SKIP","floor":13.0},{"not_picked":["Intimidate","Flex","Wild Strike"],"picked":"SKIP","floor":14.0},{"not_picked":["Exhume","Dark Embrace"],"picked":"Fiend Fire","floor":16.0},{"not_picked":["Headbutt","Whirlwind","Clothesline"],"picked":"SKIP","floor":18.0},{"not_picked":["Perfected Strike","Uppercut","Evolve"],"picked":"SKIP","floor":21.0},{"not_picked":["Clash+1","Combust+1"],"picked":"Burning Pact","floor":22.0},{"not_picked":["Perfected Strike","Shrug It Off","Iron Wave"],"picked":"SKIP","floor":23.0},{"not_picked":["Wild Strike+1","Bludgeon","Power Through"],"picked":"SKIP","floor":25.0},{"not_picked":["Thunderclap","Searing Blow+1","Double Tap"],"picked":"SKIP","floor":29.0},{"not_picked":["Heavy Blade","Clothesline","Corruption"],"picked":"SKIP","floor":30.0},{"not_picked":["Inflame+1","Sword Boomerang+1"],"picked":"Impervious","floor":31.0},{"not_picked":["Metallicize+1","Clothesline","Armaments"],"picked":"SKIP","floor":35.0},{"not_picked":["Corruption+1","Perfected Strike","Headbutt+1"],"picked":"SKIP","floor":36.0},{"not_picked":["Perfected Strike","Headbutt+1"],"picked":"Shrug It Off","floor":38.0},{"not_picked":["Flex","Feel No Pain+1","Evolve"],"picked":"SKIP","floor":39.0},{"not_picked":["Wild Strike+1","Anger+1"],"picked":"Inflame","floor":40.0},{"not_picked":["Anger+1","Body Slam+1","Uppercut"],"picked":"SKIP","floor":42.0},{"not_picked":["Rampage+1","Headbutt+1"],"picked":"Inflame","floor":45},{"not_picked":["Blood for Blood+1","Sword Boomerang+1","Bloodletting"],"picked":"SKIP","floor":47},{"not_picked":["Metallicize+1","Perfected Strike+1","Warcry"],"picked":"SKIP","floor":48}],"player_experience":779014,"relics_obtained":[{"floor":6.0,"key":"Turnip"},{"floor":8.0,"key":"Matryoshka"},{"floor":9.0,"key":"Letter Opener"},{"floor":9.0,"key":"Pear"},{"floor":23.0,"key":"MawBank"},{"floor":26.0,"key":"Regal Pillow"},{"floor":26.0,"key":"Ancient Tea Set"},{"floor":28.0,"key":"Red Mask"},{"floor":29.0,"key":"Bag of Preparation"},{"floor":40.0,"key":"Ice Cream"},{"floor":43.0,"key":"Molten Egg 2"},{"floor":45,"key":"PreservedInsect"},{"floor":47,"key":"Pen Nib"}],"event_choices":[{"damage_healed":0.0,"max_hp_gain":0.0,"max_hp_loss":0.0,"gold_gain":0.0,"cards_transformed":["Secret Technique"],"event_name":"Living Wall","player_choice":"Change","floor":4.0,"gold_loss":0.0,"damage_taken":0.0,"cards_obtained":["Flash of Steel"]},{"damage_healed":0.0,"max_hp_gain":0.0,"max_hp_loss":0.0,"gold_gain":0.0,"event_name":"Lab","player_choice":"Got Potions","floor":11.0,"gold_loss":0.0,"damage_taken":0.0},{"cards_removed":["Strike_R"],"damage_healed":0.0,"max_hp_gain":0.0,"max_hp_loss":0.0,"gold_gain":0.0,"event_name":"Wheel of Change","player_choice":"Card Removal","floor":20.0,"gold_loss":0.0,"damage_taken":0.0},{"damage_healed":0.0,"max_hp_gain":0.0,"max_hp_loss":0.0,"gold_gain":0.0,"event_name":"Masked Bandits","player_choice":"Fought Bandits","floor":28.0,"gold_loss":0.0,"damage_taken":0.0},{"damage_healed":0.0,"max_hp_gain":0.0,"max_hp_loss":0.0,"gold_gain":0.0,"event_name":"SecretPortal","player_choice":"Ignored","floor":37.0,"gold_loss":0.0,"damage_taken":0.0}],"is_beta":false,"boss_relics":[{"not_picked":["Cursed Key","White Beast Statue"],"picked":"Runic Pyramid"},{"not_picked":["Black Star","Runic Dome"],"picked":"Philosopher\u0027s Stone"}],"items_purged_floors":[19,44],"is_endless":false,"potions_floor_spawned":[2,6,8,14,21,25,31,33,35,36,42,47],"ascension_level":6}