{"gold_per_floor":[116,132,152,152,171,171,203,203,203,353,383,395,395],"floor_reached":13,"playtime":248,"items_purged":[],"score":190,"play_id":"64e7a2ec-9621-4c75-ae26-b6ecc931aedd","local_time":"20190602085126","is_ascension_mode":true,"campfire_choices":[{"data":"Streamline","floor":6,"key":"SMITH"},{"data":"Zap","floor":8,"key":"SMITH"}],"neow_cost":"NONE","seed_source_timestamp":1344511422014613,"circlet_count":0,"master_deck":["AscendersBane","Strike_B","Strike_B","Strike_B","Strike_B","Defend_B","Defend_B","Defend_B","Defend_B","Zap+1","Dualcast","Streamline+1","Skim","Doom and Gloom","Cold Snap","Doubt","Echo Form","Undo"],"relics":["Cracked Core","NeowsBlessing","Symbiotic Virus","Sundial","Shuriken","Letter Opener"],"potions_floor_usage":[13],"damage_taken":[{"damage":0,"enemies":"Cultist","floor":1,"turns":1},{"damage":0,"enemies":"Small Slimes","floor":2,"turns":1},{"damage":0,"enemies":"2 Louse","floor":3,"turns":1},{"damage":11,"enemies":"Blue Slaver","floor":5,"turns":3},{"damage":8,"enemies":"Gremlin Nob","floor":7,"turns":3},{"damage":26,"enemies":"Lagavulin","floor":11,"turns":5},{"damage":13,"enemies":"Lots of Slimes","floor":12,"turns":3},{"damage":10,"enemies":"Exordium Thugs","floor":13,"turns":2}],"seed_played":"-8028084572008915961","potions_obtained":[{"floor":5,"key":"EssenceOfSteel"},{"floor":11,"key":"FearPotion"}],"is_trial":false,"path_per_floor":["M","M","M","?","M","R","E","R","T","?","E","M","M"],"character_chosen":"DEFECT","items_purchased":[],"campfire_rested":0,"item_purchase_floors":[],"current_hp_per_floor":[64,64,64,64,53,53,45,45,45,45,19,6,0],"gold":395,"neow_bonus":"THREE_ENEMY_KILL","is_prod":false,"is_daily":false,"chose_seed":false,"campfire_upgraded":2,"win_rate":0,"timestamp":1559458286,"path_taken":["M","?","?","?","?","R","E","R","T","?","E","M","M"],"build_version":"2019-01-23","purchased_purges":0,"victory":false,"max_hp_per_floor":[71,71,71,71,71,71,71,71,71,71,71,71,71],"card_choices":[{"not_picked":["Leap","Go for the Eyes"],"picked":"Streamline","floor":1},{"not_picked":["Turbo","Hologram"],"picked":"Conserve Battery","floor":2},{"not_picked":["Force Field","Reprogram"],"picked":"Skim","floor":3},{"not_picked":["White Noise","Beam Cell"],"picked":"Doom and Gloom","floor":5},{"not_picked":["Ball Lightning","Seek"],"picked":"Cold Snap","floor":7},{"not_picked":["White Noise","Coolheaded"],"picked":"Echo Form","floor":11},{"not_picked":["Rebound","Beam Cell"],"picked":"Undo","floor":12}],"player_experience":817474,"relics_obtained":[{"floor":7,"key":"Sundial"},{"floor":9,"key":"Shuriken"},{"floor":11,"key":"Letter Opener"}],"event_choices":[{"cards_removed":["Conserve Battery"],"damage_healed":0,"gold_gain":0,"player_choice":"Gave Card","damage_taken":0,"relics_obtained":["Symbiotic Virus"],"max_hp_gain":0,"max_hp_loss":0,"event_name":"WeMeetAgain","floor":4,"gold_loss":0},{"damage_healed":0,"gold_gain":150,"player_choice":"AGREE","damage_taken":0,"max_hp_gain":0,"max_hp_loss":0,"event_name":"Liars Game","floor":10,"gold_loss":0,"cards_obtained":["Doubt"]}],"is_beta":false,"boss_relics":[],"items_purged_floors":[],"is_endless":false,"potions_floor_spawned":[5,11],"killed_by":"Exordium Thugs","ascension_level":20}