{"gold_per_floor":[114,114,114,39,39,68,68,97,97,97,126,143,143],"floor_reached":13,"playtime":255,"items_purged":[],"score":283,"play_id":"279c805d-472f-47b7-9e9e-a1815d874f61","local_time":"20190719212347","is_ascension_mode":true,"campfire_choices":[{"data":"Endless Agony","floor":7,"key":"SMITH"}],"neow_cost":"NONE","seed_source_timestamp":607605296680400,"circlet_count":0,"master_deck":["AscendersBane","Strike_G","Strike_G","Strike_G","Defend_G","Defend_G","Defend_G","Defend_G","Defend_G","Survivor","Neutralize+1","Endless Agony+1","Deflect+1","Deflect","Venomology","Backflip"],"relics":["Ring of the Snake","NeowsBlessing","Centennial Puzzle","Bag of Marbles","Paper Crane","Kunai"],"potions_floor_usage":[11,11,13],"damage_taken":[{"damage":0,"enemies":"2 Louse","floor":1,"turns":1},{"damage":0,"enemies":"Lagavulin","floor":6,"turns":1},{"damage":0,"enemies":"3 Sentries","floor":8,"turns":1},{"damage":1,"enemies":"Gremlin Nob","floor":11,"turns":3},{"damage":0,"enemies":"Jaw Worm","floor":12,"turns":4},{"damage":4,"enemies":"Lagavulin","floor":13,"turns":10}],"seed_played":"6688368949610016139","potions_obtained":[{"floor":1,"key":"GamblersBrew"},{"floor":6,"key":"Strength Potion"},{"floor":12,"key":"Dexterity Potion"}],"is_trial":false,"path_per_floor":["M","?","?","?","$","E","R","E","T","?","E","M","E"],"character_chosen":"THE_SILENT","items_purchased":[],"campfire_rested":0,"item_purchase_floors":[],"current_hp_per_floor":[59,52,52,52,52,52,52,52,52,52,51,51,47],"gold":143,"neow_bonus":"THREE_ENEMY_KILL","is_prod":false,"is_daily":false,"chose_seed":false,"campfire_upgraded":1,"win_rate":0,"timestamp":1563564227,"path_taken":["M","?","?","?","?","E","R","E","T","?","E","M","E"],"build_version":"2019-07-17","purchased_purges":0,"victory":false,"max_hp_per_floor":[66,66,66,66,66,66,66,66,66,66,66,66,66],"card_choices":[{"not_picked":["Expertise","Blade Dance"],"picked":"Endless Agony","floor":1},{"not_picked":["Riddle With Holes","All Out Attack"],"picked":"Deflect","floor":6},{"not_picked":["PiercingWail","All Out Attack"],"picked":"Deflect","floor":8},{"not_picked":["Backflip","Heel Hook"],"picked":"Venomology","floor":11},{"not_picked":["Deadly Poison","Dagger Throw"],"picked":"Backflip","floor":12}],"player_experience":1688935,"relics_obtained":[{"floor":6,"key":"Centennial Puzzle"},{"floor":8,"key":"Bag of Marbles"},{"floor":9,"key":"Paper Crane"},{"floor":11,"key":"Kunai"}],"event_choices":[{"cards_removed":["Strike_G"],"damage_healed":0,"gold_gain":0,"player_choice":"Card Removal","damage_taken":7,"max_hp_gain":0,"max_hp_loss":0,"event_name":"Golden Wing","floor":2,"gold_loss":0},{"damage_healed":0,"gold_gain":0,"player_choice":"Grow","damage_taken":0,"max_hp_gain":0,"max_hp_loss":0,"event_name":"Living Wall","floor":3,"gold_loss":0,"cards_upgraded":["Neutralize"]},{"cards_removed":["Strike_G"],"damage_healed":0,"gold_gain":0,"player_choice":"Card Removal","damage_taken":0,"max_hp_gain":0,"max_hp_loss":0,"event_name":"The Cleric","floor":4,"gold_loss":75},{"damage_healed":0,"gold_gain":0,"player_choice":"Upgraded","damage_taken":0,"max_hp_gain":0,"max_hp_loss":0,"event_name":"Upgrade Shrine","floor":10,"gold_loss":0,"cards_upgraded":["Deflect"]}],"is_beta":false,"boss_relics":[],"items_purged_floors":[],"is_endless":false,"potions_floor_spawned":[1,6,12],"killed_by":"Lagavulin","ascension_level":18}