{"gold_per_floor":[116,116,116,116,130,130,171,185,232,15,15,35,79,104,104,104],"floor_reached":16,"playtime":683,"items_purged":["Decay"],"score":198,"play_id":"57a2040b-1437-4cbb-ac7a-14330baa3f62","local_time":"20190622070322","is_ascension_mode":true,"campfire_choices":[{"data":"Neutralize","floor":6,"key":"SMITH"},{"floor":11,"key":"REST"},{"floor":15,"key":"REST"}],"neow_cost":"CURSE","seed_source_timestamp":370219457110500,"circlet_count":0,"master_deck":["AscendersBane","Defend_G","Defend_G","Defend_G","Defend_G","Defend_G","Strike_G","Strike_G","Strike_G","Strike_G","Survivor+1","Neutralize+1","Catalyst+1","Injury","Footwork","Caltrops","Deflect","Well Laid Plans","Terror","Bouncing Flask","Crippling Poison"],"relics":["Ring of the Snake","Thread and Needle","Golden Idol","Bag of Marbles","Snake Skull","Darkstone Periapt"],"potions_floor_usage":[7,12,13],"damage_taken":[{"damage":2,"enemies":"Cultist","floor":1,"turns":6},{"damage":5,"enemies":"2 Louse","floor":5,"turns":4},{"damage":28,"enemies":"3 Sentries","floor":7,"turns":17},{"damage":0,"enemies":"Small Slimes","floor":8,"turns":4},{"damage":4,"enemies":"Gremlin Gang","floor":12,"turns":8},{"damage":2,"enemies":"Lagavulin","floor":13,"turns":8},{"damage":4,"enemies":"Large Slime","floor":14,"turns":4},{"damage":43,"enemies":"Slime Boss","floor":16,"turns":6}],"seed_played":"-1498492170347773830","potions_obtained":[{"floor":5,"key":"Strength Potion"},{"floor":8,"key":"PowerPotion"}],"is_trial":false,"path_per_floor":["M","?","?","?","M","R","E","M","T","$","R","M","E","M","R","B"],"character_chosen":"THE_SILENT","items_purchased":["Well Laid Plans","Strength Potion"],"campfire_rested":2,"item_purchase_floors":[10,10],"current_hp_per_floor":[57,37,37,37,32,32,4,4,4,4,23,19,17,13,32,0],"gold":104,"neow_bonus":"ONE_RARE_RELIC","is_prod":false,"is_daily":false,"chose_seed":false,"campfire_upgraded":1,"win_rate":0,"timestamp":1561179802,"path_taken":["M","?","?","?","M","R","E","M","T","$","R","M","E","?","R","BOSS"],"build_version":"2019-01-23","purchased_purges":1,"victory":false,"max_hp_per_floor":[66,66,66,66,66,66,66,66,66,66,66,66,66,66,66,66],"card_choices":[{"not_picked":["Setup","Tactician"],"picked":"Catalyst","floor":1},{"not_picked":["Sucker Punch","Finisher"],"picked":"Footwork","floor":5},{"not_picked":["Terror","Well Laid Plans"],"picked":"Caltrops","floor":7},{"not_picked":["Slice","Bane"],"picked":"Deflect","floor":8},{"not_picked":["Quick Slash","Eviscerate"],"picked":"Terror","floor":12},{"not_picked":["Acrobatics","Adrenaline"],"picked":"Bouncing Flask","floor":13},{"not_picked":["Deadly Poison","Expertise"],"picked":"Crippling Poison","floor":14}],"player_experience":1429284,"relics_obtained":[{"floor":7,"key":"Bag of Marbles"},{"floor":9,"key":"Snake Skull"},{"floor":13,"key":"Darkstone Periapt"}],"event_choices":[{"damage_healed":0,"gold_gain":0,"player_choice":"Entered Light","damage_taken":20,"max_hp_gain":0,"max_hp_loss":0,"event_name":"Shining Light","floor":2,"gold_loss":0,"cards_upgraded":["Catalyst","Survivor"]},{"damage_healed":0,"gold_gain":0,"player_choice":"Take Wound","damage_taken":0,"relics_obtained":["Golden Idol"],"max_hp_gain":0,"max_hp_loss":0,"event_name":"Golden Idol","floor":3,"gold_loss":0,"cards_obtained":["Injury"]},{"cards_removed":["Strike_G"],"damage_healed":0,"gold_gain":0,"player_choice":"Offered Basic","damage_taken":0,"max_hp_gain":0,"max_hp_loss":0,"event_name":"Bonfire Elementals","floor":4,"gold_loss":0}],"is_beta":false,"boss_relics":[],"items_purged_floors":[10],"is_endless":false,"potions_floor_spawned":[5,8],"killed_by":"Slime Boss","ascension_level":16}