{"gold_per_floor":[112,37,57,67,67,67,94,94,118,118,136,147,161,61,61,166,166,184,99,114,114,127,127,127,127,127,127,145,145,20,72,72,175,175,192,243,93,93,93,93,93,93,146,165,176,176,211,226,226,226],"floor_reached":51,"playtime":3160,"items_purged":["Strike_R","Strike_R","Defend_R","Body Slam+1"],"score":732,"play_id":"1609aadb-2a99-403b-bfde-0efc732dc146","local_time":"20190528222300","is_ascension_mode":true,"campfire_choices":[{"data":"Bash","floor":6,"key":"SMITH"},{"data":"Body Slam","floor":8,"key":"SMITH"},{"data":"Strike_R","floor":15,"key":"PURGE"},{"data":"Strike_R","floor":23,"key":"PURGE"},{"data":"Defend_R","floor":25,"key":"PURGE"},{"data":"Defend_R","floor":27,"key":"PURGE"},{"data":"Defend_R","floor":29,"key":"PURGE"},{"data":"Anger+1","floor":32,"key":"PURGE"},{"data":"Flame Barrier","floor":40,"key":"PURGE"},{"data":"Double Tap","floor":46,"key":"SMITH"},{"data":"Immolate","floor":49,"key":"PURGE"}],"neow_cost":"NONE","seed_source_timestamp":361507274166788,"circlet_count":0,"master_deck":["Bash+1","Dropkick","Shrug It Off","Double Tap+1","Double Tap","Dual Wield"],"relics":["Burning Blood","Oddly Smooth Stone","Peace Pipe","PreservedInsect","Runic Dome","Thread and Needle","Kunai","Potion Belt","Sozu","Pocketwatch","Lantern","Pantograph"],"potions_floor_usage":[7,11,16,16,44,48],"damage_taken":[{"damage":8,"enemies":"Jaw Worm","floor":1,"turns":5},{"damage":7,"enemies":"2 Louse","floor":3,"turns":3},{"damage":6,"enemies":"Cultist","floor":4,"turns":3},{"damage":19,"enemies":"Lagavulin","floor":7,"turns":7},{"damage":17,"enemies":"Exordium Thugs","floor":11,"turns":5},{"damage":7,"enemies":"Red Slaver","floor":12,"turns":3},{"damage":0,"enemies":"Large Slime","floor":13,"turns":6},{"damage":7,"enemies":"Hexaghost","floor":16,"turns":9},{"damage":10,"enemies":"Chosen","floor":18,"turns":2},{"damage":8,"enemies":"Shell Parasite","floor":20,"turns":4},{"damage":11,"enemies":"Snake Plant","floor":22,"turns":2},{"damage":0,"enemies":"Snecko","floor":28,"turns":3},{"damage":14,"enemies":"Collector","floor":33,"turns":6},{"damage":0,"enemies":"3 Darklings","floor":35,"turns":1},{"damage":12,"enemies":"2 Orb Walkers","floor":36,"turns":2},{"damage":0,"enemies":"Orb Walker","floor":44,"turns":1},{"damage":0,"enemies":"Transient","floor":45,"turns":5},{"damage":0,"enemies":"Giant Head","floor":47,"turns":3},{"damage":0,"enemies":"3 Darklings","floor":48,"turns":1},{"damage":19,"enemies":"Donu and Deca","floor":50,"turns":3}],"seed_played":"-3643670588489126332","potions_obtained":[{"floor":1,"key":"SpeedPotion"},{"floor":3,"key":"LiquidBronze"},{"floor":7,"key":"Regen Potion"},{"floor":11,"key":"LiquidBronze"},{"floor":18,"key":"Explosive Potion"},{"floor":33,"key":"Explosive Potion"}],"is_trial":false,"path_per_floor":["M","$","M","M","?","R","E","R","T","?","M","M","M","$","R","B",null,"M","?","M","$","M","R","?","R","T","R","M","R","$","T","R","B",null,"M","?","$","?","?","R","$","?","T","M","M","R","E","M","R","B",null],"character_chosen":"IRONCLAD","items_purchased":[],"campfire_rested":0,"item_purchase_floors":[],"current_hp_per_floor":[78,78,77,77,59,59,46,46,46,46,49,48,54,54,54,53,80,76,76,74,74,69,69,69,69,69,69,75,75,75,75,75,67,80,80,74,74,74,74,74,74,67,67,73,76,76,76,76,76,63],"gold":226,"neow_bonus":"REMOVE_CARD","is_prod":false,"is_daily":false,"chose_seed":false,"campfire_upgraded":3,"win_rate":0,"timestamp":1559096580,"path_taken":["M","$","M","M","?","R","E","R","T","?","M","M","?","?","R","BOSS","M","?","M","$","M","R","?","R","T","R","M","R","$","?","R","BOSS","M","?","$","?","?","R","?","?","T","M","M","R","E","M","R","BOSS"],"build_version":"2019-01-23","purchased_purges":4,"victory":true,"max_hp_per_floor":[80,80,80,80,80,80,80,80,80,80,80,80,80,80,80,80,80,80,80,80,80,80,80,80,80,80,80,80,80,80,80,80,80,80,80,80,80,76,76,76,76,76,76,76,76,76,76,76,76,76],"card_choices":[{"not_picked":["Evolve","Power Through"],"picked":"Dropkick","floor":1},{"not_picked":["Combust","True Grit","Havoc"],"picked":"SKIP","floor":3},{"not_picked":["Metallicize","Clothesline"],"picked":"Flame Barrier","floor":4},{"not_picked":["Warcry","Infernal Blade"],"picked":"Body Slam","floor":7},{"not_picked":["Shockwave","Second Wind"],"picked":"Shrug It Off","floor":11},{"not_picked":["Armaments","Sword Boomerang","Rage"],"picked":"SKIP","floor":12},{"not_picked":["Reckless Charge","Havoc"],"picked":"Immolate","floor":13},{"not_picked":["Reaper","Exhume"],"picked":"Double Tap","floor":16},{"not_picked":["Havoc","Metallicize"],"picked":"Anger+1","floor":18},{"not_picked":["Reckless Charge+1","Ghostly Armor","Havoc"],"picked":"SKIP","floor":20},{"not_picked":["Wild Strike","Iron Wave","Bloodletting"],"picked":"SKIP","floor":22},{"not_picked":["Clothesline","Warcry+1"],"picked":"Thunderclap","floor":28},{"not_picked":["Offering","Reaper"],"picked":"Double Tap","floor":33},{"not_picked":["Clash+1","Clothesline","Warcry+1"],"picked":"SKIP","floor":35},{"not_picked":["Second Wind+1","Wild Strike","Perfected Strike"],"picked":"SKIP","floor":44},{"not_picked":["Second Wind+1","Wild Strike","Perfected Strike"],"picked":"SKIP","floor":44},{"not_picked":["Fire Breathing","Twin Strike","Spot Weakness"],"picked":"SKIP","floor":45},{"not_picked":["Evolve","Fire Breathing"],"picked":"Dual Wield","floor":47},{"not_picked":["Anger","Sword Boomerang+1","True Grit+1"],"picked":"SKIP","floor":48}],"player_experience":53944,"relics_obtained":[{"floor":7,"key":"Peace Pipe"},{"floor":9,"key":"PreservedInsect"},{"floor":26,"key":"Kunai"},{"floor":31,"key":"Potion Belt"},{"floor":36,"key":"Pocketwatch"},{"floor":43,"key":"Lantern"},{"floor":47,"key":"Pantograph"}],"event_choices":[{"damage_healed":0,"gold_gain":0,"player_choice":"Success","damage_taken":18,"relics_obtained":["Oddly Smooth Stone"],"max_hp_gain":0,"max_hp_loss":0,"event_name":"Scrap Ooze","floor":5,"gold_loss":0},{"damage_healed":0,"gold_gain":0,"player_choice":"Bought 0 Potions","damage_taken":0,"max_hp_gain":0,"max_hp_loss":0,"event_name":"The Woman in Blue","floor":10,"gold_loss":0},{"damage_healed":0,"gold_gain":0,"player_choice":"Obtained Relic","damage_taken":0,"relics_obtained":["Thread and Needle"],"max_hp_gain":0,"max_hp_loss":0,"event_name":"Addict","floor":19,"gold_loss":85},{"damage_healed":0,"gold_gain":0,"player_choice":"Ignored","damage_taken":0,"max_hp_gain":0,"max_hp_loss":0,"event_name":"Vampires","floor":24,"gold_loss":0},{"damage_healed":0,"gold_gain":0,"player_choice":"Fight","damage_taken":0,"max_hp_gain":0,"max_hp_loss":0,"event_name":"Mysterious Sphere","floor":36,"gold_loss":0},{"damage_healed":0,"gold_gain":0,"player_choice":"Max HP","damage_taken":0,"max_hp_gain":0,"max_hp_loss":4,"event_name":"Winding Halls","floor":38,"gold_loss":0},{"cards_removed":["Thunderclap"],"damage_healed":0,"gold_gain":0,"player_choice":"Removed Attack","damage_taken":0,"max_hp_gain":0,"max_hp_loss":0,"event_name":"Falling","floor":39,"gold_loss":0},{"damage_healed":0,"gold_gain":0,"player_choice":"Damaged","damage_taken":7,"max_hp_gain":0,"max_hp_loss":0,"event_name":"Wheel of Change","floor":42,"gold_loss":0}],"is_beta":false,"boss_relics":[{"not_picked":["Snecko Eye","Lizard Tail"],"picked":"Runic Dome"},{"not_picked":["Velvet Choker","Runic Cube"],"picked":"Sozu"}],"items_purged_floors":[2,14,30,37],"is_endless":false,"potions_floor_spawned":[1,3,7,11,18,33,44,47],"ascension_level":1}