{"gold_per_floor":[114,114,67,17,17,17,35,55,55,55,70,80,80,112,112,213,213,223,242,13,30,130,130,147,3,76,76,88,106,121,132,132,227,227,242,242,255,274,122,122,138,138,161,261,261,296,0,19,19,19],"floor_reached":51,"playtime":2625,"items_purged":["Strike_G","Dagger Throw"],"score":772,"play_id":"5dc426ff-17bf-4e40-a21f-3f019a4f7276","local_time":"20190926021442","is_ascension_mode":true,"campfire_choices":[{"data":"Dagger Spray","floor":6.0,"key":"SMITH"},{"data":"Sucker Punch","floor":10.0,"key":"SMITH"},{"data":"Survivor","floor":13.0,"key":"SMITH"},{"data":"Dagger Spray","floor":15.0,"key":"SMITH"},{"data":"Apotheosis","floor":23.0,"key":"SMITH"},{"data":"Noxious Fumes","floor":27.0,"key":"SMITH"},{"floor":32.0,"key":"REST"},{"data":"Footwork","floor":40.0,"key":"SMITH"},{"data":"Adrenaline","floor":42,"key":"SMITH"},{"data":"Tools of the Trade","floor":49,"key":"SMITH"}],"neow_cost":"NONE","seed_source_timestamp":699380476958031,"circlet_count":0,"master_deck":["Defend_G","Defend_G","Defend_G","Defend_G","Defend_G","Survivor+1","Neutralize+1","Sucker Punch+1","Dagger Spray+1","Dagger Spray+1","Apotheosis+1","Noxious Fumes+1","Bane","Blur","Terror","Adrenaline+1","Footwork+1","Backflip","Dodge and Roll","Leg Sweep+1","Tools of the Trade+1"],"special_seed":0,"relics":["Ring of the Snake","Ornamental Fan","Strawberry","Sozu","Ninja Scroll","Empty Cage","Orichalcum","Pocketwatch","Vajra","Red Mask"],"potions_floor_usage":[],"damage_taken":[{"damage":4.0,"enemies":"Cultist","floor":1.0,"turns":4.0},{"damage":0.0,"enemies":"Jaw Worm","floor":7.0,"turns":4.0},{"damage":0.0,"enemies":"2 Louse","floor":8.0,"turns":1.0},{"damage":16.0,"enemies":"Exordium Thugs","floor":11.0,"turns":6.0},{"damage":0.0,"enemies":"Gremlin Gang","floor":12.0,"turns":3.0},{"damage":6.0,"enemies":"Gremlin Nob","floor":14.0,"turns":3.0},{"damage":30.0,"enemies":"Hexaghost","floor":16.0,"turns":12.0},{"damage":15.0,"enemies":"Spheric Guardian","floor":18.0,"turns":4.0},{"damage":15.0,"enemies":"2 Thieves","floor":19.0,"turns":4.0},{"damage":16.0,"enemies":"Snecko","floor":21.0,"turns":6.0},{"damage":0.0,"enemies":"Cultist and Chosen","floor":24.0,"turns":5.0},{"damage":11.0,"enemies":"Snake Plant","floor":28.0,"turns":5.0},{"damage":3.0,"enemies":"Snecko","floor":29.0,"turns":6.0},{"damage":2.0,"enemies":"Shelled Parasite and Fungi","floor":30.0,"turns":5.0},{"damage":9.0,"enemies":"Centurion and Healer","floor":31.0,"turns":6.0},{"damage":15.0,"enemies":"Automaton","floor":33.0,"turns":10.0},{"damage":12.0,"enemies":"3 Shapes","floor":35.0,"turns":3.0},{"damage":0.0,"enemies":"Orb Walker","floor":37.0,"turns":2.0},{"damage":1.0,"enemies":"Spire Growth","floor":38.0,"turns":7.0},{"damage":0,"enemies":"Writhing Mass","floor":41,"turns":9},{"damage":0,"enemies":"Mind Bloom Boss Battle","floor":44,"turns":8},{"damage":0,"enemies":"Nemesis","floor":46,"turns":13},{"damage":4,"enemies":"Maw","floor":48,"turns":10},{"damage":40,"enemies":"Time Eater","floor":50,"turns":19}],"seed_played":"4418212265269722449","potions_obtained":[{"floor":7.0,"key":"Regen Potion"},{"floor":11.0,"key":"LiquidBronze"},{"floor":14.0,"key":"SteroidPotion"}],"is_trial":false,"path_per_floor":["M","?","$","?","?","R","M","M","T","R","M","M","R","E","R","B",null,"M","M","$","M","?","R","M","$","T","R","M","M","M","M","R","B",null,"M","?","M","M","$","R","M","R","T","?","?","E","?","M","R","B",null],"character_chosen":"THE_SILENT","items_purchased":["Dagger Spray","Apotheosis","Noxious Fumes","Blur","Dodge and Roll"],"campfire_rested":1,"item_purchase_floors":[3,20,20,25,39],"current_hp_per_floor":[66,66,66,66,66,66,66,66,66,66,50,50,50,51,51,21,77,62,47,47,31,31,31,31,31,31,31,20,17,15,21,44,29,77,65,65,65,64,64,64,64,64,64,64,64,64,64,60,60,20],"gold":19,"neow_bonus":"UPGRADE_CARD","is_prod":false,"is_daily":false,"chose_seed":false,"campfire_upgraded":9,"win_rate":0,"timestamp":1569489282,"path_taken":["M","?","$","?","?","R","?","M","T","R","M","M","R","E","R","BOSS","M","?","$","M","?","R","M","?","T","R","M","M","M","M","R","BOSS","M","?","M","M","$","R","M","R","T","?","?","E","?","M","R","BOSS"],"build_version":"2019-07-17","purchased_purges":2,"victory":true,"max_hp_per_floor":[70,70,70,70,70,70,70,70,70,70,70,70,70,77,77,77,77,77,77,77,77,77,77,77,77,77,77,77,77,77,77,77,77,77,77,77,77,77,77,77,77,77,77,77,73,73,73,73,73,73],"card_choices":[{"not_picked":["Acrobatics","Underhanded Strike"],"picked":"Sucker Punch","floor":1.0},{"not_picked":["Poisoned Stab","Underhanded Strike","Dodge and Roll"],"picked":"SKIP","floor":7.0},{"not_picked":["Poisoned Stab","Prepared","Blade Dance"],"picked":"SKIP","floor":8.0},{"not_picked":["Blade Dance","Cloak And Dagger","Storm of Steel"],"picked":"SKIP","floor":11.0},{"not_picked":["Calculated Gamble","Accuracy"],"picked":"Dagger Throw","floor":12.0},{"not_picked":["Prepared","Dagger Throw"],"picked":"Dagger Spray","floor":14.0},{"not_picked":["Acrobatics","Tactician","Accuracy"],"picked":"SKIP","floor":18.0},{"not_picked":["Underhanded Strike","PiercingWail","Acrobatics"],"picked":"SKIP","floor":19.0},{"not_picked":["Flechettes","Finisher+1"],"picked":"Bane","floor":21.0},{"not_picked":["Masterful Stab","Slice","Reflex+1"],"picked":"SKIP","floor":24.0},{"not_picked":["Acrobatics","Concentrate"],"picked":"Terror","floor":28.0},{"not_picked":["Deadly Poison","Endless Agony+1","Calculated Gamble+1"],"picked":"SKIP","floor":29.0},{"not_picked":["Deflect+1","Setup","Prepared"],"picked":"SKIP","floor":30.0},{"not_picked":["Deflect","PiercingWail","Doppelganger"],"picked":"SKIP","floor":31.0},{"not_picked":["Envenom","Corpse Explosion"],"picked":"Adrenaline","floor":33.0},{"not_picked":["Flying Knee+1","Quick Slash","Prepared+1"],"picked":"SKIP","floor":35.0},{"not_picked":["Deadly Poison+1","Outmaneuver+1"],"picked":"Footwork","floor":37.0},{"not_picked":["Dagger Spray+1","Acrobatics"],"picked":"Backflip","floor":38.0},{"not_picked":["PiercingWail","Prepared+1"],"picked":"Leg Sweep+1","floor":41},{"not_picked":["Unload","Underhanded Strike"],"picked":"Tools of the Trade","floor":46},{"not_picked":["Deflect+1","Infinite Blades+1","Flying Knee"],"picked":"SKIP","floor":48}],"player_experience":234418,"relics_obtained":[{"floor":9.0,"key":"Ornamental Fan"},{"floor":14.0,"key":"Strawberry"},{"floor":26.0,"key":"Ninja Scroll"},{"floor":43,"key":"Orichalcum"},{"floor":44,"key":"Pocketwatch"},{"floor":46,"key":"Vajra"}],"event_choices":[{"damage_healed":0.0,"max_hp_gain":0.0,"max_hp_loss":0.0,"gold_gain":0.0,"event_name":"Shining Light","player_choice":"Ignored","floor":2.0,"gold_loss":0.0,"damage_taken":0.0},{"cards_removed":["Strike_G"],"damage_healed":0.0,"max_hp_gain":0.0,"max_hp_loss":0.0,"gold_gain":0.0,"event_name":"The Cleric","player_choice":"Card Removal","floor":4.0,"gold_loss":50.0,"damage_taken":0.0},{"cards_removed":["Strike_G"],"damage_healed":0.0,"max_hp_gain":0.0,"max_hp_loss":0.0,"gold_gain":0.0,"event_name":"Living Wall","player_choice":"Forget","floor":5.0,"gold_loss":0.0,"damage_taken":0.0},{"damage_healed":0.0,"max_hp_gain":0.0,"max_hp_loss":0.0,"gold_gain":100.0,"event_name":"Golden Shrine","player_choice":"Pray","floor":22.0,"gold_loss":0.0,"damage_taken":0.0},{"damage_healed":0.0,"max_hp_gain":0.0,"max_hp_loss":0.0,"gold_gain":0.0,"event_name":"Mysterious Sphere","player_choice":"Ignored","floor":36.0,"gold_loss":0.0,"damage_taken":0.0},{"damage_healed":0,"gold_gain":0,"player_choice":"Fight","damage_taken":0,"max_hp_gain":0,"max_hp_loss":0,"event_name":"MindBloom","floor":44,"gold_loss":0},{"damage_healed":0,"gold_gain":0,"player_choice":"Max HP","damage_taken":0,"max_hp_gain":0,"max_hp_loss":4,"event_name":"Winding Halls","floor":45,"gold_loss":0},{"damage_healed":0,"gold_gain":0,"player_choice":"Paid","damage_taken":0,"relics_obtained":["Red Mask"],"max_hp_gain":0,"max_hp_loss":0,"event_name":"Tomb of Lord Red Mask","floor":47,"gold_loss":296}],"is_beta":false,"boss_relics":[{"not_picked":["Ring of the Serpent","Cursed Key"],"picked":"Sozu"},{"not_picked":["Lizard Tail","White Beast Statue"],"picked":"Empty Cage"}],"items_purged_floors":[25,39],"is_endless":false,"potions_floor_spawned":[7,11,14,19,24,29,33,37,38,44,48],"ascension_level":2}