{"gold_per_floor":[116,134,66,81,81,81,97,128,154,187,152,213,50,82,82,159,159,177,156,6,25,25],"floor_reached":22,"playtime":1225,"items_purged":["Strike_R","Defend_R"],"score":377,"play_id":"0fe13bfc-cbfc-4ca4-bbb7-d41e70e54748","local_time":"20190701120156","is_ascension_mode":true,"campfire_choices":[{"floor":6.0,"key":"REST"},{"data":"Strike_R","floor":15,"key":"PURGE"}],"neow_cost":"PERCENT_DAMAGE","seed_source_timestamp":1165175569338300,"circlet_count":0,"master_deck":["AscendersBane","Defend_R+1","Defend_R+1","Defend_R","Bash","Ghostly Armor","Metallicize","Anger","Iron Wave","Flex+1","Metallicize","Anger","Barricade","Burning Pact+1","Second Wind+1","Rage+1","Seeing Red+1","Shrug It Off+1","Armaments+1","Body Slam"],"special_seed":0,"relics":["Burning Blood","Peace Pipe","Boot","PreservedInsect","Juzu Bracelet","Toxic Egg 2","Blue Candle","Astrolabe"],"potions_floor_usage":[14,16,22],"damage_taken":[{"damage":11.0,"enemies":"Small Slimes","floor":1.0,"turns":4.0},{"damage":7.0,"enemies":"Jaw Worm","floor":2.0,"turns":4.0},{"damage":7.0,"enemies":"2 Louse","floor":4.0,"turns":3.0},{"damage":0.0,"enemies":"Looter","floor":7.0,"turns":3.0},{"damage":13.0,"enemies":"Lagavulin","floor":8.0,"turns":9.0},{"damage":14,"enemies":"3 Sentries","floor":10,"turns":8},{"damage":18,"enemies":"3 Sentries","floor":12,"turns":9},{"damage":4,"enemies":"Lagavulin","floor":14,"turns":7},{"damage":55,"enemies":"Hexaghost","floor":16,"turns":15},{"damage":16,"enemies":"Spheric Guardian","floor":18,"turns":11},{"damage":4,"enemies":"2 Thieves","floor":19,"turns":4},{"damage":22,"enemies":"Snake Plant","floor":21,"turns":8},{"damage":51,"enemies":"Shelled Parasite and Fungi","floor":22,"turns":8}],"seed_played":"-6675863193587859345","potions_obtained":[{"floor":2.0,"key":"Block Potion"},{"floor":4.0,"key":"FearPotion"},{"floor":12,"key":"SpeedPotion"},{"floor":14,"key":"Regen Potion"},{"floor":21,"key":"Regen Potion"}],"is_trial":false,"path_per_floor":["M","M","?","M","?","R","M","E","T","E","?","?","$","E","R","B",null,"M","M","$","M","M"],"character_chosen":"IRONCLAD","items_purchased":["Metallicize","Armaments+1"],"campfire_rested":1,"item_purchase_floors":[13,20],"current_hp_per_floor":[45,44,44,43,20,42,48,41,41,33,51,39,39,41,41,7,58,48,50,50,34,0],"gold":25,"neow_bonus":"ONE_RARE_RELIC","is_prod":false,"is_daily":false,"chose_seed":false,"campfire_upgraded":0,"win_rate":0,"timestamp":1561975316,"path_taken":["M","M","?","M","?","R","M","E","T","E","?","?","$","E","R","BOSS","M","M","$","M","M"],"build_version":"2019-01-23","purchased_purges":2,"victory":false,"max_hp_per_floor":[75,75,75,75,75,75,75,75,75,75,75,75,75,75,75,75,75,75,75,75,75,75],"card_choices":[{"not_picked":["Cleave","Sword Boomerang"],"picked":"Ghostly Armor","floor":1.0},{"not_picked":["Thunderclap","Body Slam"],"picked":"Metallicize","floor":2.0},{"not_picked":["Cleave","Sword Boomerang"],"picked":"Anger","floor":4.0},{"not_picked":["Combust","Disarm"],"picked":"Iron Wave","floor":7.0},{"not_picked":["Combust","Warcry","Cleave"],"picked":"SKIP","floor":8.0},{"not_picked":["Fire Breathing","Combust","Burning Pact"],"picked":"SKIP","floor":10},{"not_picked":["Body Slam","Iron Wave"],"picked":"Flex+1","floor":12},{"not_picked":["Carnage","Searing Blow"],"picked":"Anger","floor":14},{"not_picked":["Fiend Fire","Offering+1"],"picked":"Barricade","floor":16},{"not_picked":["Clash","Wild Strike"],"picked":"Seeing Red+1","floor":18},{"not_picked":["Seeing Red+1","Heavy Blade"],"picked":"Shrug It Off+1","floor":19},{"not_picked":["Heavy Blade","Second Wind+1"],"picked":"Body Slam","floor":21}],"player_experience":1545063,"relics_obtained":[{"floor":8.0,"key":"Boot"},{"floor":9.0,"key":"PreservedInsect"},{"floor":10,"key":"Juzu Bracelet"},{"floor":14,"key":"Blue Candle"}],"event_choices":[{"damage_healed":0.0,"max_hp_gain":0.0,"max_hp_loss":0.0,"gold_gain":0.0,"event_name":"World of Goop","player_choice":"Left Gold","floor":3.0,"gold_loss":68.0,"damage_taken":0.0},{"damage_healed":0.0,"max_hp_gain":0.0,"max_hp_loss":0.0,"gold_gain":0.0,"event_name":"Shining Light","player_choice":"Entered Light","floor":5.0,"gold_loss":0.0,"damage_taken":23.0,"cards_upgraded":["Defend_R","Defend_R"]},{"damage_healed":18,"gold_gain":0,"player_choice":"Healed","damage_taken":0,"max_hp_gain":0,"max_hp_loss":0,"event_name":"The Cleric","floor":11,"gold_loss":35},{"damage_healed":0,"gold_gain":0,"player_choice":"Searched \u00273\u0027 times","damage_taken":0,"relics_obtained":["Toxic Egg 2"],"max_hp_gain":0,"max_hp_loss":0,"event_name":"Dead Adventurer","floor":12,"gold_loss":0}],"is_beta":false,"boss_relics":[{"not_picked":["Cursed Key","Coffee Dripper"],"picked":"Astrolabe"}],"items_purged_floors":[13,20],"is_endless":false,"potions_floor_spawned":[2,4,12,14,21],"killed_by":"Shelled Parasite and Fungi","ascension_level":17}