{"gold_per_floor":[119,119,131,144,162,175,19,44,90,102,149,179,216,239,251,364,376,376,376,376,6,6,6,6,6,6,6,6,6],"floor_reached":29,"playtime":1608,"items_purged":["Strike_R"],"score":387,"play_id":"a05376a0-453e-44bd-8e5d-545783c66e92","local_time":"20190916210449","is_ascension_mode":true,"campfire_choices":[{"data":"Inflame","floor":15,"key":"SMITH"},{"floor":23,"key":"REST"}],"neow_cost":"NONE","seed_source_timestamp":459503362979838,"circlet_count":0,"master_deck":["Strike_R","Strike_R","Defend_R","Defend_R","Defend_R","Defend_R","Bash","Cleave","Anger","Offering","Metallicize","Armaments","True Grit+1","Inflame+1","Headbutt","Cleave","Limit Break+1","Flame Barrier+1","Heavy Blade","Exhume+1","Sword Boomerang"],"relics":["Burning Blood","NeowsBlessing","Sling","Dodecahedron","MawBank","Toxic Egg 2","Regal Pillow","Ectoplasm","Nilry\u0027s Codex","Bottled Lightning","Dream Catcher","Calipers","Oddly Smooth Stone"],"potions_floor_usage":[6,13,20,22,22,29],"damage_taken":[{"damage":0,"enemies":"Small Slimes","floor":1,"turns":1},{"damage":0,"enemies":"Cultist","floor":3,"turns":1},{"damage":0,"enemies":"2 Louse","floor":4,"turns":1},{"damage":7,"enemies":"Looter","floor":5,"turns":2},{"damage":25,"enemies":"Exordium Thugs","floor":6,"turns":4},{"damage":21,"enemies":"Gremlin Nob","floor":8,"turns":3},{"damage":19,"enemies":"3 Sentries","floor":11,"turns":7},{"damage":14,"enemies":"Blue Slaver","floor":12,"turns":3},{"damage":5,"enemies":"Gremlin Nob","floor":13,"turns":3},{"damage":10,"enemies":"Lots of Slimes","floor":14,"turns":3},{"damage":35,"enemies":"Slime Boss","floor":16,"turns":9},{"damage":12,"enemies":"3 Byrds","floor":18,"turns":4},{"damage":11,"enemies":"Shell Parasite","floor":20,"turns":4},{"damage":29,"enemies":"Shelled Parasite and Fungi","floor":22,"turns":4},{"damage":28,"enemies":"Slavers","floor":24,"turns":6},{"damage":27,"enemies":"Centurion and Healer","floor":25,"turns":9},{"damage":12,"enemies":"3 Cultists","floor":29,"turns":3}],"seed_played":"-6859955761188647201","potions_obtained":[{"floor":3,"key":"Swift Potion"},{"floor":6,"key":"SteroidPotion"},{"floor":8,"key":"Strength Potion"},{"floor":16,"key":"AttackPotion"},{"floor":24,"key":"LiquidBronze"}],"is_trial":false,"path_per_floor":["M","?","M","M","M","M","$","E","T","?","E","M","E","M","R","B",null,"M","?","M","$","M","R","E","M","T","T","?","M"],"character_chosen":"IRONCLAD","items_purchased":["Sling","Bottled Lightning","SteroidPotion"],"campfire_rested":1,"item_purchase_floors":[7,21,21],"current_hp_per_floor":[78,78,80,80,79,60,60,45,45,71,58,50,51,47,47,18,65,59,43,38,38,15,54,32,11,11,11,11,0],"gold":6,"neow_bonus":"THREE_ENEMY_KILL","is_prod":false,"is_daily":false,"chose_seed":false,"campfire_upgraded":1,"win_rate":0,"timestamp":1568682289,"path_taken":["M","?","?","M","M","M","?","E","T","?","E","M","E","M","R","BOSS","M","?","M","$","M","R","E","M","T","?","?","?"],"build_version":"2019-09-12","purchased_purges":1,"victory":false,"max_hp_per_floor":[80,80,80,80,80,80,80,80,80,80,80,80,80,80,80,80,80,80,80,80,80,80,80,80,80,80,80,80,80],"card_choices":[{"not_picked":["Flex","Body Slam"],"picked":"Cleave","floor":1},{"not_picked":["Body Slam","Dropkick"],"picked":"Anger","floor":3},{"not_picked":["Twin Strike","Rampage"],"picked":"Offering","floor":4},{"not_picked":["Body Slam","Wild Strike"],"picked":"Metallicize","floor":5},{"not_picked":["Power Through","Cleave"],"picked":"Armaments","floor":6},{"not_picked":["Body Slam","Hemokinesis","Wild Strike"],"picked":"SKIP","floor":8},{"not_picked":["Burning Pact","Iron Wave"],"picked":"True Grit","floor":11},{"not_picked":["True Grit+1","Body Slam"],"picked":"Inflame","floor":12},{"not_picked":["Second Wind+1","Twin Strike"],"picked":"Headbutt","floor":13},{"not_picked":["Bloodletting+1","Perfected Strike"],"picked":"Cleave","floor":14},{"not_picked":["Fiend Fire","Dark Embrace"],"picked":"Limit Break+1","floor":16},{"not_picked":["Anger+1","True Grit+1","Armaments+1"],"picked":"SKIP","floor":18},{"not_picked":["Combust","Dual Wield+1","Flex+1"],"picked":"SKIP","floor":20},{"not_picked":["Burning Pact+1","Dual Wield+1"],"picked":"Flame Barrier+1","floor":22},{"not_picked":["Havoc+1","Armaments+1"],"picked":"Heavy Blade","floor":24},{"not_picked":["Cleave","Clash"],"picked":"Exhume+1","floor":25}],"player_experience":400138,"relics_obtained":[{"floor":8,"key":"Dodecahedron"},{"floor":9,"key":"MawBank"},{"floor":11,"key":"Toxic Egg 2"},{"floor":13,"key":"Regal Pillow"},{"floor":19,"key":"Nilry\u0027s Codex"},{"floor":24,"key":"Dream Catcher"},{"floor":26,"key":"Calipers"},{"floor":27,"key":"Oddly Smooth Stone"}],"event_choices":[{"cards_removed":["Strike_R"],"damage_healed":0,"gold_gain":0,"player_choice":"Purged","damage_taken":0,"max_hp_gain":0,"max_hp_loss":0,"event_name":"Purifier","floor":2,"gold_loss":0},{"damage_healed":26,"gold_gain":0,"player_choice":"Banana","damage_taken":0,"max_hp_gain":0,"max_hp_loss":0,"event_name":"Big Fish","floor":10,"gold_loss":0},{"damage_healed":0,"gold_gain":0,"player_choice":"Obtained Book","damage_taken":16,"max_hp_gain":0,"max_hp_loss":0,"event_name":"Cursed Tome","floor":19,"gold_loss":0},{"damage_healed":0,"gold_gain":0,"cards_transformed":["Strike_R"],"player_choice":"Transformed","damage_taken":0,"max_hp_gain":0,"max_hp_loss":0,"event_name":"Transmorgrifier","floor":28,"gold_loss":0,"cards_obtained":["Sword Boomerang"]}],"is_beta":true,"boss_relics":[{"not_picked":["Snecko Eye","Runic Dome"],"picked":"Ectoplasm"}],"items_purged_floors":[21],"is_endless":false,"potions_floor_spawned":[3,6,8,16,24],"killed_by":"3 Cultists","ascension_level":9}