{"gold_per_floor":[12,87,87,87,97,129,141,169,234,246,278,43,43,43,43,136,136,157,181,206,27,27,27],"floor_reached":23,"playtime":1078,"items_purged":["Strike_G","Strike_G"],"score":427,"play_id":"555386cf-f38e-4a77-bc8c-75bb430a38ae","local_time":"20190616055452","is_ascension_mode":true,"campfire_choices":[{"data":"Neutralize","floor":7,"key":"SMITH"},{"data":"Skewer","floor":10,"key":"SMITH"},{"floor":13,"key":"REST"},{"data":"Leg Sweep","floor":15,"key":"SMITH"}],"neow_cost":"NO_GOLD","seed_source_timestamp":365238497661600,"circlet_count":0,"master_deck":["AscendersBane","Defend_G","Defend_G+1","Defend_G","Defend_G","Defend_G","Strike_G","Strike_G+1","Survivor","Neutralize+1","Flying Knee","Skewer+1","PiercingWail","Dagger Spray","Deflect","Well Laid Plans","Leg Sweep+1","Envenom","Deadly Poison","Backflip","Catalyst","Caltrops"],"relics":["Ring of the Snake","Torii","MawBank","Dream Catcher","Odd Mushroom","Golden Idol","WristBlade"],"potions_floor_usage":[6,11,16,18],"damage_taken":[{"damage":7,"enemies":"Jaw Worm","floor":1,"turns":7},{"damage":1,"enemies":"Small Slimes","floor":5,"turns":4},{"damage":8,"enemies":"3 Sentries","floor":6,"turns":13},{"damage":0,"enemies":"Cultist","floor":8,"turns":3},{"damage":0,"enemies":"The Mushroom Lair","floor":11,"turns":1},{"damage":0,"enemies":"The Guardian","floor":16,"turns":17},{"damage":1,"enemies":"Chosen","floor":18,"turns":6},{"damage":8,"enemies":"3 Byrds","floor":19,"turns":8},{"damage":22,"enemies":"Centurion and Healer","floor":20,"turns":12},{"damage":18,"enemies":"Colosseum Slavers","floor":22,"turns":7},{"damage":11,"enemies":"Slavers","floor":23,"turns":1}],"seed_played":"7615220200452850322","potions_obtained":[{"floor":5,"key":"Block Potion"},{"floor":8,"key":"SkillPotion"},{"floor":11,"key":"Ancient Potion"}],"is_trial":false,"path_per_floor":["M","?","?","?","M","E","R","M","T","R","?","$","R","?","R","B",null,"M","M","M","$","?","E"],"character_chosen":"THE_SILENT","items_purchased":["Regen Potion","Well Laid Plans","Caltrops"],"campfire_rested":1,"item_purchase_floors":[12,12,21],"current_hp_per_floor":[52,41,21,21,20,12,12,12,12,12,12,12,31,31,31,46,57,56,48,26,26,8,0],"gold":27,"neow_bonus":"ONE_RARE_RELIC","is_prod":false,"is_daily":false,"chose_seed":false,"campfire_upgraded":3,"win_rate":0,"timestamp":1560657292,"path_taken":["M","?","?","?","M","E","R","?","T","R","?","$","R","?","R","BOSS","M","M","M","$","?","E"],"build_version":"2019-01-23","purchased_purges":2,"victory":false,"max_hp_per_floor":[66,66,66,66,66,66,66,66,66,66,66,66,66,60,60,60,60,60,60,60,60,60,60],"card_choices":[{"not_picked":["PiercingWail","Accuracy"],"picked":"Flying Knee","floor":1},{"not_picked":["Underhanded Strike","Backflip"],"picked":"Skewer","floor":5},{"not_picked":["Catalyst","Concentrate"],"picked":"PiercingWail","floor":6},{"not_picked":["Cloak And Dagger","Setup"],"picked":"Dagger Spray","floor":8},{"not_picked":["Poisoned Stab","Prepared"],"picked":"Deflect","floor":11},{"not_picked":["Blur","Catalyst"],"picked":"Leg Sweep","floor":13},{"not_picked":["Grand Finale","Burst"],"picked":"Envenom","floor":16},{"not_picked":["Outmaneuver","Concentrate"],"picked":"Deadly Poison","floor":18},{"not_picked":["Sucker Punch","Blade Dance"],"picked":"Backflip","floor":19},{"not_picked":["Eviscerate","Distraction+1"],"picked":"Catalyst","floor":20}],"player_experience":1364396,"relics_obtained":[{"floor":6,"key":"MawBank"},{"floor":9,"key":"Dream Catcher"},{"floor":11,"key":"Odd Mushroom"}],"event_choices":[{"damage_healed":0,"gold_gain":75,"player_choice":"Gather Gold","damage_taken":11,"max_hp_gain":0,"max_hp_loss":0,"event_name":"World of Goop","floor":2,"gold_loss":0},{"damage_healed":0,"gold_gain":0,"player_choice":"Entered Light","damage_taken":20,"max_hp_gain":0,"max_hp_loss":0,"event_name":"Shining Light","floor":3,"gold_loss":0,"cards_upgraded":["Strike_G","Defend_G"]},{"cards_removed":["Strike_G"],"damage_healed":0,"gold_gain":0,"player_choice":"Offered Basic","damage_taken":0,"max_hp_gain":0,"max_hp_loss":0,"event_name":"Bonfire Elementals","floor":4,"gold_loss":0},{"damage_healed":0,"gold_gain":0,"player_choice":"Fought Mushrooms","damage_taken":0,"max_hp_gain":0,"max_hp_loss":0,"event_name":"Mushrooms","floor":11,"gold_loss":0},{"damage_healed":0,"gold_gain":0,"player_choice":"Lose Max HP","damage_taken":0,"relics_obtained":["Golden Idol"],"max_hp_gain":0,"max_hp_loss":6,"event_name":"Golden Idol","floor":14,"gold_loss":0},{"damage_healed":0,"gold_gain":0,"player_choice":"Fight","damage_taken":0,"max_hp_gain":0,"max_hp_loss":0,"event_name":"Colosseum","floor":22,"gold_loss":0},{"damage_healed":0,"gold_gain":0,"player_choice":"Fled From Nobs","damage_taken":0,"max_hp_gain":0,"max_hp_loss":0,"event_name":"Colosseum","floor":22,"gold_loss":0}],"is_beta":false,"boss_relics":[{"not_picked":["Philosopher\u0027s Stone","HoveringKite"],"picked":"WristBlade"}],"items_purged_floors":[12,21],"is_endless":false,"potions_floor_spawned":[5,8,11],"killed_by":"Slavers","ascension_level":16}