{"gold_per_floor":[113,125,125,275,157,186,186,216,216,230,230,262,262,282,282,359,359,371,182,182,196,207,207,25,43,70,70],"floor_reached":27,"playtime":999,"items_purged":["Doubt","Strike_R","Strike_R"],"score":512,"play_id":"3f4a958e-ec71-43f3-b4ab-78643c1e0d99","local_time":"20190605230741","is_ascension_mode":true,"campfire_choices":[{"data":"Uppercut","floor":7,"key":"SMITH"},{"data":"Carnage","floor":11,"key":"SMITH"},{"data":"Bash","floor":13,"key":"SMITH"},{"data":"Rampage","floor":15,"key":"SMITH"},{"data":"Barricade","floor":23,"key":"SMITH"}],"neow_cost":"NONE","seed_source_timestamp":76129574164600,"circlet_count":0,"master_deck":["AscendersBane","Strike_R","Strike_R","Strike_R","Defend_R","Defend_R+1","Defend_R","Defend_R+1","Bash+1","Feel No Pain","Rampage+1","Carnage+1","Uppercut+1","Headbutt","Hemokinesis","Barricade+1","Whirlwind+1","Burning Pact","Twin Strike"],"relics":["Burning Blood","NeowsBlessing","Self Forming Clay","War Paint","Pen Nib","Boot","Velvet Choker","Blood Vial"],"potions_floor_usage":[16,18],"damage_taken":[{"damage":0,"enemies":"Small Slimes","floor":1,"turns":1},{"damage":0,"enemies":"2 Louse","floor":2,"turns":1},{"damage":0,"enemies":"Gremlin Nob","floor":6,"turns":1},{"damage":11,"enemies":"3 Sentries","floor":8,"turns":10},{"damage":1,"enemies":"Cultist","floor":10,"turns":3},{"damage":12,"enemies":"Lagavulin","floor":12,"turns":5},{"damage":1,"enemies":"Blue Slaver","floor":14,"turns":3},{"damage":54,"enemies":"Hexaghost","floor":16,"turns":10},{"damage":16,"enemies":"Shell Parasite","floor":18,"turns":3},{"damage":24,"enemies":"Spheric Guardian","floor":21,"turns":4},{"damage":5,"enemies":"Centurion and Healer","floor":22,"turns":4},{"damage":3,"enemies":"Snecko","floor":25,"turns":2},{"damage":47,"enemies":"Gremlin Leader","floor":27,"turns":4}],"seed_played":"-1419332095424706245","potions_obtained":[{"floor":1,"key":"Ancient Potion"},{"floor":2,"key":"EssenceOfSteel"},{"floor":12,"key":"Ancient Potion"},{"floor":22,"key":"Poison Potion"}],"is_trial":false,"path_per_floor":["M","M","?","?","$","E","R","E","T","M","R","E","R","M","R","B",null,"M","$","?","M","M","R","$","M","T","E"],"character_chosen":"IRONCLAD","items_purchased":["Carnage","Whirlwind","PowerPotion"],"campfire_rested":0,"item_purchase_floors":[5,19,24],"current_hp_per_floor":[74,75,70,70,70,75,75,70,70,75,75,69,69,74,74,26,63,53,53,53,35,36,36,36,39,39,0],"gold":70,"neow_bonus":"THREE_ENEMY_KILL","is_prod":false,"is_daily":false,"chose_seed":false,"campfire_upgraded":5,"win_rate":0,"timestamp":1559772461,"path_taken":["M","M","?","?","$","E","R","E","T","M","R","E","R","M","R","BOSS","M","$","?","M","?","R","$","M","T","E"],"build_version":"2019-01-23","purchased_purges":3,"victory":false,"max_hp_per_floor":[75,75,75,75,75,75,75,75,75,75,75,75,75,75,75,75,75,75,75,75,75,75,75,75,75,75,75],"card_choices":[{"not_picked":["Armaments","Flame Barrier"],"picked":"Feel No Pain","floor":1},{"not_picked":["Power Through","Havoc"],"picked":"Rampage","floor":2},{"not_picked":["Armaments","Perfected Strike"],"picked":"Uppercut","floor":6},{"not_picked":["Demon Form","Cleave"],"picked":"Headbutt","floor":8},{"not_picked":["Iron Wave","Fire Breathing","Blood for Blood"],"picked":"SKIP","floor":10},{"not_picked":["Iron Wave","Perfected Strike","Dropkick"],"picked":"SKIP","floor":12},{"not_picked":["True Grit","Intimidate"],"picked":"Hemokinesis","floor":14},{"not_picked":["Offering","Brutality"],"picked":"Barricade","floor":16},{"not_picked":["Thunderclap","Flex","Power Through"],"picked":"SKIP","floor":18},{"not_picked":["Wild Strike+1","Havoc"],"picked":"Burning Pact","floor":21},{"not_picked":["Rampage","Reckless Charge","Rage"],"picked":"SKIP","floor":22},{"not_picked":["Flex","Sword Boomerang"],"picked":"Twin Strike","floor":25}],"player_experience":1072949,"relics_obtained":[{"floor":6,"key":"War Paint"},{"floor":8,"key":"Pen Nib"},{"floor":9,"key":"Boot"},{"floor":26,"key":"Blood Vial"}],"event_choices":[{"damage_healed":0,"gold_gain":0,"player_choice":"Success","damage_taken":5,"relics_obtained":["Self Forming Clay"],"max_hp_gain":0,"max_hp_loss":0,"event_name":"Scrap Ooze","floor":3,"gold_loss":0},{"damage_healed":0,"gold_gain":150,"player_choice":"AGREE","damage_taken":0,"max_hp_gain":0,"max_hp_loss":0,"event_name":"Liars Game","floor":4,"gold_loss":0,"cards_obtained":["Doubt"]},{"damage_healed":0,"gold_gain":0,"player_choice":"Forge","damage_taken":0,"max_hp_gain":0,"max_hp_loss":0,"event_name":"Accursed Blacksmith","floor":20,"gold_loss":0,"cards_upgraded":["Whirlwind"]}],"is_beta":false,"boss_relics":[{"not_picked":["Busted Crown","Pandora\u0027s Box"],"picked":"Velvet Choker"}],"items_purged_floors":[5,19,24],"is_endless":false,"potions_floor_spawned":[1,2,12,22],"killed_by":"Gremlin Leader","ascension_level":20}