{"gold_per_floor":[117,117,42,52,52,52,83,103,103,103,128,128,141,166,166,255,255,255,37,37,37,37,37,37,37],"floor_reached":25,"playtime":1071,"items_purged":["Strike_R"],"score":408,"play_id":"1c0c5e1e-5358-4971-b1d3-77664b3c0b27","local_time":"20181031203222","is_ascension_mode":true,"campfire_choices":[{"data":"Immolate","floor":6,"key":"SMITH"},{"data":"Bash","floor":10,"key":"SMITH"},{"floor":15,"key":"REST"},{"data":"Spot Weakness","floor":23,"key":"SMITH"}],"neow_cost":"NONE","seed_source_timestamp":301520845785246,"circlet_count":0,"master_deck":["Strike_R","Strike_R","Strike_R","Defend_R","Defend_R","Defend_R","Defend_R","Bash+1","AscendersBane","Immolate+1","Clothesline","Spot Weakness+1","Anger","Pummel","Thunderclap","Battle Trance","Feel No Pain","Brutality","Cleave","Havoc","Shrug It Off","Uppercut"],"relics":["Burning Blood","Gambling Chip","Torii","Happy Flower","Golden Idol","Ectoplasm","Calipers","Bottled Flame"],"potions_floor_usage":[16,21],"damage_taken":[{"damage":1,"enemies":"Cultist","floor":1,"turns":3},{"damage":4,"enemies":"Jaw Worm","floor":4,"turns":4},{"damage":24,"enemies":"Gremlin Nob","floor":7,"turns":4},{"damage":3,"enemies":"Small Slimes","floor":8,"turns":2},{"damage":27,"enemies":"Lagavulin","floor":11,"turns":6},{"damage":11,"enemies":"Looter","floor":13,"turns":2},{"damage":1,"enemies":"Exordium Thugs","floor":14,"turns":2},{"damage":2,"enemies":"Slime Boss","floor":16,"turns":8},{"damage":22,"enemies":"Shell Parasite","floor":18,"turns":3},{"damage":0,"enemies":"Colosseum Slavers","floor":21,"turns":1},{"damage":14,"enemies":"Colosseum Nobs","floor":21,"turns":3},{"damage":25,"enemies":"3 Byrds","floor":24,"turns":3},{"damage":35,"enemies":"Shelled Parasite and Fungi","floor":25,"turns":2}],"seed_played":"-4288973235059286103","potions_obtained":[{"floor":11,"key":"Regen Potion"},{"floor":13,"key":"FearPotion"},{"floor":18,"key":"Swift Potion"},{"floor":24,"key":"Weak Potion"}],"is_trial":false,"path_per_floor":["M","$","?","M","?","R","E","M","T","R","E","?","M","M","R","B",null,"M","$","?","?","$","R","M"],"character_chosen":"IRONCLAD","items_purchased":["LiquidBronze","Havoc"],"campfire_rested":1,"item_purchase_floors":[19,19],"current_hp_per_floor":[73,73,73,75,80,80,62,65,65,65,44,44,39,44,65,72,72,56,56,56,54,54,54,35,0],"gold":37,"neow_bonus":"ONE_RANDOM_RARE_CARD","is_prod":false,"is_daily":false,"chose_seed":false,"campfire_upgraded":3,"win_rate":0,"timestamp":1541017942,"path_taken":["M","$","?","M","?","R","E","M","T","R","E","?","M","M","R","BOSS","M","$","?","?","$","R","M","?"],"build_version":"2018-10-25v2","purchased_purges":1,"victory":false,"max_hp_per_floor":[75,75,75,75,80,80,80,80,80,80,80,72,72,72,72,72,72,72,72,72,72,72,72,72,72],"card_choices":[{"not_picked":["Heavy Blade","Clash"],"picked":"Clothesline","floor":1},{"not_picked":["Ghostly Armor","Anger"],"picked":"Spot Weakness","floor":4},{"not_picked":["Iron Wave","Dual Wield"],"picked":"Anger","floor":7},{"not_picked":["Sword Boomerang","Armaments"],"picked":"Pummel","floor":8},{"not_picked":["Second Wind","Juggernaut"],"picked":"Thunderclap","floor":11},{"not_picked":["Burning Pact","Body Slam"],"picked":"Battle Trance","floor":13},{"not_picked":["Sword Boomerang","Pommel Strike"],"picked":"Feel No Pain","floor":14},{"not_picked":["Fiend Fire","Double Tap"],"picked":"Brutality","floor":16},{"not_picked":["Rage","Perfected Strike"],"picked":"Cleave","floor":18},{"not_picked":["Rage+1","Havoc"],"picked":"Shrug It Off","floor":21},{"not_picked":["Anger","Sentinel"],"picked":"Uppercut","floor":24}],"player_experience":952484,"relics_obtained":[{"floor":7,"key":"Gambling Chip"},{"floor":9,"key":"Torii"},{"floor":11,"key":"Happy Flower"},{"floor":21,"key":"Calipers"},{"floor":21,"key":"Bottled Flame"}],"event_choices":[{"cards_removed":["Strike_R"],"damage_healed":0,"gold_gain":0,"player_choice":"Card Removal","damage_taken":0,"max_hp_gain":0,"max_hp_loss":0,"event_name":"The Cleric","floor":3,"gold_loss":75},{"damage_healed":0,"gold_gain":0,"player_choice":"Donut","damage_taken":0,"max_hp_gain":5,"max_hp_loss":0,"event_name":"Big Fish","floor":5,"gold_loss":0},{"damage_healed":0,"gold_gain":0,"player_choice":"Lose Max HP","damage_taken":0,"relics_obtained":["Golden Idol"],"max_hp_gain":0,"max_hp_loss":8,"event_name":"Golden Idol","floor":12,"gold_loss":0},{"damage_healed":0,"gold_gain":0,"player_choice":"Leave","damage_taken":0,"max_hp_gain":0,"max_hp_loss":0,"event_name":"FaceTrader","floor":20,"gold_loss":0},{"damage_healed":0,"gold_gain":0,"player_choice":"Fight","damage_taken":0,"max_hp_gain":0,"max_hp_loss":0,"event_name":"Colosseum","floor":21,"gold_loss":0},{"damage_healed":0,"gold_gain":0,"player_choice":"Fought Nobs","damage_taken":0,"max_hp_gain":0,"max_hp_loss":0,"event_name":"Colosseum","floor":21,"gold_loss":0}],"is_beta":false,"boss_relics":[{"not_picked":["Black Blood","Empty Cage"],"picked":"Ectoplasm"}],"items_purged_floors":[19],"is_endless":false,"potions_floor_spawned":[11,13,14,18,21,24],"killed_by":"Shelled Parasite and Fungi","ascension_level":19}