{"gold_per_floor":[117,128,128,66,85,114,132,132,202,169,248,36,62,82,82,82],"floor_reached":16,"playtime":1258,"items_purged":[],"score":135,"play_id":"08bf0fa6-ddd5-472b-9bc9-c1c8708d0573","local_time":"20190526204829","is_ascension_mode":false,"campfire_choices":[{"data":"Zap","floor":8,"key":"SMITH"},{"floor":15,"key":"REST"}],"neow_cost":"NONE","seed_source_timestamp":184943926614634,"circlet_count":0,"master_deck":["Strike_B","Strike_B","Strike_B","Strike_B","Defend_B","Defend_B","Defend_B","Defend_B","Zap+1","Dualcast","Streamline","Reprogram","Genetic Algorithm","Compile Driver+1"],"relics":["Cracked Core","Thread and Needle","Juzu Bracelet","Molten Egg 2","Blood Vial","Girya"],"potions_floor_usage":[6,7,16],"damage_taken":[{"damage":1,"enemies":"Jaw Worm","floor":1,"turns":3},{"damage":0,"enemies":"2 Louse","floor":2,"turns":2},{"damage":2,"enemies":"Cultist","floor":5,"turns":3},{"damage":40,"enemies":"Gremlin Nob","floor":6,"turns":5},{"damage":0,"enemies":"3 Louse","floor":7,"turns":3},{"damage":16,"enemies":"Lagavulin","floor":13,"turns":6},{"damage":16,"enemies":"Exordium Thugs","floor":14,"turns":4},{"damage":52,"enemies":"Hexaghost","floor":16,"turns":10}],"seed_played":"-4634133271124212235","potions_obtained":[{"floor":5,"key":"AttackPotion"},{"floor":6,"key":"Fruit Juice"},{"floor":14,"key":"SkillPotion"}],"is_trial":false,"path_per_floor":["M","M","?","?","M","E","M","R","T","?","?","$","E","M","R","B"],"character_chosen":"DEFECT","items_purchased":["Blood Vial","Genetic Algorithm"],"campfire_rested":1,"item_purchase_floors":[12,12],"current_hp_per_floor":[81,81,86,86,84,44,49,49,49,49,49,49,35,21,48,0],"gold":82,"neow_bonus":"TEN_PERCENT_HP_BONUS","is_prod":false,"is_daily":false,"chose_seed":false,"campfire_upgraded":1,"win_rate":0.0,"timestamp":1558918109,"path_taken":["M","M","?","?","M","E","M","R","T","?","?","?","E","M","R","BOSS"],"build_version":"2019-01-23","purchased_purges":0,"victory":false,"max_hp_per_floor":[82,82,87,87,87,87,92,92,92,92,92,92,92,92,92,92],"card_choices":[{"not_picked":["Cold Snap","Glacier"],"picked":"Streamline","floor":1},{"not_picked":["Coolheaded","Heatsinks","Go for the Eyes"],"picked":"SKIP","floor":2},{"not_picked":["Redo","Cold Snap"],"picked":"Reprogram","floor":5},{"not_picked":["Heatsinks","Sweeping Beam","Gash"],"picked":"SKIP","floor":6},{"not_picked":["Cold Snap","Barrage","Buffer"],"picked":"SKIP","floor":7},{"not_picked":["Steam Power","Fusion"],"picked":"Compile Driver+1","floor":13},{"not_picked":["Stack","Steam","Coolheaded"],"picked":"SKIP","floor":14}],"player_experience":12076,"relics_obtained":[{"floor":6,"key":"Juzu Bracelet"},{"floor":9,"key":"Molten Egg 2"},{"floor":13,"key":"Girya"}],"event_choices":[{"damage_healed":0,"gold_gain":0,"player_choice":"Donut","damage_taken":0,"max_hp_gain":5,"max_hp_loss":0,"event_name":"Big Fish","floor":3,"gold_loss":0},{"damage_healed":0,"gold_gain":0,"player_choice":"Paid Gold","damage_taken":0,"relics_obtained":["Thread and Needle"],"max_hp_gain":0,"max_hp_loss":0,"event_name":"WeMeetAgain","floor":4,"gold_loss":62},{"damage_healed":0,"gold_gain":0,"player_choice":"Left Gold","damage_taken":0,"max_hp_gain":0,"max_hp_loss":0,"event_name":"World of Goop","floor":10,"gold_loss":33},{"damage_healed":0,"gold_gain":79,"player_choice":"Gained Gold","damage_taken":0,"max_hp_gain":0,"max_hp_loss":0,"event_name":"Golden Wing","floor":11,"gold_loss":0}],"is_beta":false,"boss_relics":[],"items_purged_floors":[],"is_endless":false,"potions_floor_spawned":[5,6,14],"killed_by":"Hexaghost","ascension_level":0}