{"gold_per_floor":[112,125,140,87,87,87,113,113,167,442,454,454,379,390,390,390],"floor_reached":16,"playtime":515,"items_purged":["Regret"],"score":200,"play_id":"af240dc4-859e-4b25-8b63-c5ac8c78ce40","local_time":"20190707204602","is_ascension_mode":true,"campfire_choices":[{"data":"Anger","floor":6,"key":"SMITH"},{"data":"Demon Form","floor":8,"key":"SMITH"},{"floor":12,"key":"REST"},{"data":"Bash","floor":15,"key":"SMITH"}],"neow_cost":"NONE","seed_source_timestamp":870931241052123,"circlet_count":0,"master_deck":["AscendersBane","Strike_R","Strike_R","Strike_R+1","Strike_R","Defend_R","Defend_R","Defend_R","Defend_R+1","Bash+1","Seeing Red","Headbutt","Shrug It Off","Anger+1","Demon Form+1","Sword Boomerang"],"relics":["Burning Blood","Blood Vial","Boot"],"potions_floor_usage":[7,14],"damage_taken":[{"damage":6,"enemies":"Cultist","floor":1,"turns":3},{"damage":0,"enemies":"Jaw Worm","floor":2,"turns":3},{"damage":10,"enemies":"Small Slimes","floor":3,"turns":5},{"damage":8,"enemies":"Gremlin Nob","floor":7,"turns":3},{"damage":39,"enemies":"Exordium Thugs","floor":11,"turns":6},{"damage":13,"enemies":"Lots of Slimes","floor":14,"turns":4},{"damage":40,"enemies":"The Guardian","floor":16,"turns":9}],"seed_played":"3902776942547476531","potions_obtained":[{"floor":3,"key":"Energy Potion"},{"floor":7,"key":"AttackPotion"}],"is_trial":false,"path_per_floor":["M","M","M","$","?","R","E","R","T","?","M","R","$","M","R","B"],"character_chosen":"IRONCLAD","items_purchased":["Fire Potion"],"campfire_rested":1,"item_purchase_floors":[4],"current_hp_per_floor":[68,74,70,70,47,47,45,45,45,45,14,36,36,31,31,0],"gold":390,"neow_bonus":"TRANSFORM_CARD","is_prod":false,"is_daily":false,"chose_seed":false,"campfire_upgraded":3,"win_rate":0,"timestamp":1562528762,"path_taken":["M","M","M","?","?","R","E","R","T","?","M","R","$","?","R","BOSS"],"build_version":"2019-07-05","purchased_purges":1,"victory":false,"max_hp_per_floor":[75,75,75,75,75,75,75,75,75,75,75,75,75,75,75,75],"card_choices":[{"not_picked":["Heavy Blade","Armaments"],"picked":"Headbutt","floor":1},{"not_picked":["Thunderclap","Havoc"],"picked":"Shrug It Off","floor":2},{"not_picked":["Clash","Body Slam"],"picked":"Anger","floor":3},{"not_picked":["Rupture","Shrug It Off"],"picked":"Demon Form","floor":7},{"not_picked":["Perfected Strike","Second Wind"],"picked":"Sword Boomerang","floor":11},{"not_picked":["Second Wind","Fire Breathing","Wild Strike"],"picked":"SKIP","floor":14}],"player_experience":1140002,"relics_obtained":[{"floor":7,"key":"Blood Vial"},{"floor":9,"key":"Boot"}],"event_choices":[{"damage_healed":0,"gold_gain":0,"player_choice":"Entered Light","damage_taken":23,"max_hp_gain":0,"max_hp_loss":0,"event_name":"Shining Light","floor":5,"gold_loss":0,"cards_upgraded":["Strike_R","Defend_R"]},{"damage_healed":0,"gold_gain":275,"player_choice":"Desecrate","damage_taken":0,"max_hp_gain":0,"max_hp_loss":0,"event_name":"Golden Shrine","floor":10,"gold_loss":0,"cards_obtained":["Regret"]}],"is_beta":false,"boss_relics":[],"items_purged_floors":[13],"is_endless":false,"potions_floor_spawned":[3,7],"killed_by":"The Guardian","ascension_level":20}