{"gold_per_floor":[116,134,150,100,120,133,133,165,165,185,185,185,211,231,231,336,336,352,352,362,2,2,32,67,77,77,77,90,109,109,127,127,230,230,242,1241,555,569,376,408,408,408,432,451,462,462,462,481,481,481,481,481,171,205,205],"floor_reached":55,"playtime":3662,"items_purged":["Strike_G","Normality","Normality"],"score":776,"play_id":"6d8dbcab-5205-4b19-afe7-426ba7dca4c7","local_time":"20190626231838","is_ascension_mode":false,"campfire_choices":[{"data":"All Out Attack","floor":7,"key":"SMITH"},{"data":"Neutralize","floor":15,"key":"SMITH"},{"floor":30,"key":"REST"},{"floor":32,"key":"REST"},{"floor":41,"key":"RECALL"},{"floor":46,"key":"REST"},{"floor":49,"key":"REST"},{"floor":52,"key":"REST"}],"neow_cost":"NONE","seed_source_timestamp":3929152765709,"circlet_count":0,"master_deck":["Defend_G","Defend_G+1","Defend_G","Defend_G","Defend_G+1","Survivor","Neutralize+1","Slice","Poisoned Stab","Sucker Punch","Cloak And Dagger","All Out Attack+1","Backstab","Catalyst","Noxious Fumes","Noxious Fumes","Corpse Explosion","Cloak And Dagger","RitualDagger","Deadly Poison","Footwork","Deadly Poison","Backflip","Backflip+1","Catalyst","PiercingWail+1","Footwork","Adrenaline","Bouncing Flask+1","After Image+1","Adrenaline+1","Night Terror","Night Terror","Well Laid Plans","Poisoned Stab","Burst","Dark Shackles","Escape Plan","Catalyst+1"],"relics":["Ring of the Snake","War Paint","Kunai","Snake Skull","Fusion Hammer","Blood Vial","WingedGreaves","Ninja Scroll","Strawberry","Astrolabe","Centennial Puzzle","DollysMirror","Omamori","Incense Burner","Gremlin Horn"],"potions_floor_usage":[13,23,33,33,55,55],"damage_taken":[{"damage":0,"enemies":"Jaw Worm","floor":1,"turns":5},{"damage":0,"enemies":"Small Slimes","floor":2,"turns":3},{"damage":0,"enemies":"2 Louse","floor":3,"turns":2},{"damage":0,"enemies":"Exordium Wildlife","floor":5,"turns":3},{"damage":0,"enemies":"Gremlin Gang","floor":6,"turns":4},{"damage":10,"enemies":"Lagavulin","floor":8,"turns":8},{"damage":0,"enemies":"Blue Slaver","floor":10,"turns":2},{"damage":3,"enemies":"3 Sentries","floor":13,"turns":8},{"damage":0,"enemies":"2 Fungi Beasts","floor":14,"turns":1},{"damage":14,"enemies":"The Guardian","floor":16,"turns":9},{"damage":8,"enemies":"Shell Parasite","floor":18,"turns":4},{"damage":10,"enemies":"2 Thieves","floor":20,"turns":3},{"damage":18,"enemies":"Slavers","floor":23,"turns":3},{"damage":20,"enemies":"Gremlin Leader","floor":24,"turns":6},{"damage":4,"enemies":"3 Cultists","floor":25,"turns":3},{"damage":0,"enemies":"Chosen and Byrds","floor":28,"turns":4},{"damage":0,"enemies":"Shelled Parasite and Fungi","floor":29,"turns":4},{"damage":5,"enemies":"Snake Plant","floor":31,"turns":3},{"damage":32,"enemies":"Collector","floor":33,"turns":6},{"damage":3,"enemies":"3 Darklings","floor":35,"turns":5},{"damage":5,"enemies":"Orb Walker","floor":38,"turns":4},{"damage":6,"enemies":"Nemesis","floor":40,"turns":7},{"damage":17,"enemies":"Writhing Mass","floor":44,"turns":4},{"damage":0,"enemies":"4 Shapes","floor":45,"turns":2},{"damage":10,"enemies":"Spire Growth","floor":48,"turns":3},{"damage":28,"enemies":"Donu and Deca","floor":50,"turns":5},{"damage":43,"enemies":"Shield and Spear","floor":54,"turns":5},{"damage":86,"enemies":"The Heart","floor":55,"turns":5}],"seed_played":"5322287782718285547","potions_obtained":[{"floor":2,"key":"LiquidBronze"},{"floor":3,"key":"GamblersBrew"},{"floor":5,"key":"Fire Potion"},{"floor":10,"key":"FairyPotion"},{"floor":14,"key":"Regen Potion"},{"floor":23,"key":"Regen Potion"},{"floor":35,"key":"Fire Potion"},{"floor":45,"key":"AttackPotion"},{"floor":48,"key":"SpeedPotion"}],"is_trial":false,"path_per_floor":["M","M","M","?","M","M","R","E","T","M","?","?","E","M","R","B",null,"M","?","M","$","?","E","E","M","T","$","M","M","R","M","R","B",null,"M","?","$","M","$","E","R","?","T","M","M","R","?","M","R","B",null,"R","$","E","B"],"character_chosen":"THE_SILENT","items_purchased":["Footwork","Blood Vial","Deadly Poison","Centennial Puzzle","Night Terror","DollysMirror","Well Laid Plans","Poisoned Stab","Burst","Incense Burner"],"campfire_rested":5,"item_purchase_floors":[21,21,21,37,37,37,37,37,39,53],"current_hp_per_floor":[70,70,70,70,70,70,70,60,60,60,60,65,62,62,62,48,75,67,61,51,51,51,35,17,15,22,22,24,26,50,47,71,80,82,79,79,79,76,76,72,72,72,72,57,59,82,82,72,82,54,82,82,82,39,0],"gold":205,"neow_bonus":"THREE_CARDS","is_prod":false,"is_daily":false,"chose_seed":false,"campfire_upgraded":2,"win_rate":0,"timestamp":1561605518,"path_taken":["M","M","M","?","M","M","R","E","T","M","?","?","E","M","R","BOSS","M","?","M","$","?","E","E","M","T","?","M","?","R","M","R","BOSS","M","?","$","M","$","E","R","?","T","M","M","R","?","M","R","BOSS","R","$","E","BOSS"],"build_version":"2019-01-23","purchased_purges":3,"victory":false,"max_hp_per_floor":[70,70,70,70,70,70,70,70,70,70,70,75,75,75,75,75,75,75,75,75,75,75,75,75,75,82,82,82,82,82,82,82,82,82,82,82,82,82,82,82,82,82,82,82,82,82,82,82,82,82,82,82,82,82,82],"card_choices":[{"not_picked":["Bane","Dodge and Roll"],"picked":"Slice","floor":0},{"not_picked":["Dagger Throw","Underhanded Strike"],"picked":"Poisoned Stab","floor":1},{"not_picked":["Predator","Bane"],"picked":"Sucker Punch","floor":2},{"not_picked":["Endless Agony","Sucker Punch"],"picked":"Cloak And Dagger","floor":3},{"not_picked":["Dodge and Roll","Deflect"],"picked":"All Out Attack","floor":5},{"not_picked":["Dagger Throw","Choke"],"picked":"Backstab","floor":6},{"not_picked":["Sucker Punch","Bane"],"picked":"Catalyst","floor":8},{"not_picked":["Bane","Leg Sweep"],"picked":"Noxious Fumes","floor":10},{"not_picked":["Doppelganger","Caltrops"],"picked":"Noxious Fumes","floor":13},{"not_picked":["Underhanded Strike","Dodge and Roll","Tactician"],"picked":"SKIP","floor":14},{"not_picked":["Phantasmal Killer","Glass Knife"],"picked":"Corpse Explosion","floor":16},{"not_picked":["Riddle With Holes","Heel Hook"],"picked":"Cloak And Dagger","floor":18},{"not_picked":["Backflip","Caltrops+1"],"picked":"Deadly Poison","floor":20},{"not_picked":["Expertise+1","Deadly Poison"],"picked":"Backflip+1","floor":23},{"not_picked":["Noxious Fumes","Dodge and Roll","Bane"],"picked":"SKIP","floor":24},{"not_picked":["Outmaneuver","Underhanded Strike"],"picked":"Catalyst","floor":25},{"not_picked":["Underhanded Strike+1","Expertise","Quick Slash"],"picked":"SKIP","floor":28},{"not_picked":["Backflip","Tools of the Trade"],"picked":"PiercingWail+1","floor":29},{"not_picked":["Prepared","Underhanded Strike"],"picked":"Footwork","floor":31},{"not_picked":["Venomology","Doppelganger"],"picked":"Adrenaline","floor":33},{"not_picked":["Dodge and Roll","Acrobatics+1","Outmaneuver+1"],"picked":"SKIP","floor":35},{"not_picked":["Sucker Punch","Poisoned Stab+1","All Out Attack"],"picked":"SKIP","floor":38},{"not_picked":["Poisoned Stab","Acrobatics+1","Distraction+1"],"picked":"SKIP","floor":40},{"not_picked":["Flying Knee+1","Noxious Fumes+1","Backflip"],"picked":"SKIP","floor":44},{"not_picked":["Slice+1","Setup+1","Poisoned Stab"],"picked":"SKIP","floor":45},{"not_picked":["Chrysalis","Flash of Steel"],"picked":"Dark Shackles","floor":47},{"not_picked":["Sucker Punch+1","Cloak And Dagger+1"],"picked":"Escape Plan","floor":48},{"not_picked":["Cloak And Dagger+1","Backflip"],"picked":"Catalyst+1","floor":54}],"player_experience":259558,"relics_obtained":[{"floor":8,"key":"War Paint"},{"floor":9,"key":"Kunai"},{"floor":13,"key":"Snake Skull"},{"floor":23,"key":"WingedGreaves"},{"floor":24,"key":"Ninja Scroll"},{"floor":26,"key":"Strawberry"},{"floor":40,"key":"Omamori"},{"floor":54,"key":"Gremlin Horn"}],"event_choices":[{"cards_removed":["Strike_G"],"damage_healed":0,"gold_gain":0,"player_choice":"Card Removal","damage_taken":0,"max_hp_gain":0,"max_hp_loss":0,"event_name":"The Cleric","floor":4,"gold_loss":50},{"damage_healed":0,"gold_gain":0,"player_choice":"Ignored","damage_taken":0,"max_hp_gain":0,"max_hp_loss":0,"event_name":"Liars Game","floor":11,"gold_loss":0},{"damage_healed":0,"gold_gain":0,"player_choice":"Donut","damage_taken":0,"max_hp_gain":5,"max_hp_loss":0,"event_name":"Big Fish","floor":12,"gold_loss":0},{"damage_healed":0,"gold_gain":0,"player_choice":"Joined the Cult","damage_taken":6,"max_hp_gain":0,"max_hp_loss":0,"event_name":"Nest","floor":19,"gold_loss":0,"cards_obtained":["RitualDagger"]},{"damage_healed":0,"gold_gain":0,"player_choice":"Read","damage_taken":0,"max_hp_gain":0,"max_hp_loss":0,"event_name":"The Library","floor":22,"gold_loss":0,"cards_obtained":["Backflip"]},{"damage_healed":0,"gold_gain":999,"player_choice":"Gold","damage_taken":0,"max_hp_gain":0,"max_hp_loss":0,"event_name":"MindBloom","floor":36,"gold_loss":0,"cards_obtained":["Normality","Normality"]},{"damage_healed":0,"gold_gain":0,"player_choice":"Ignored","damage_taken":0,"max_hp_gain":0,"max_hp_loss":0,"event_name":"Tomb of Lord Red Mask","floor":42,"gold_loss":0},{"damage_healed":0,"gold_gain":0,"player_choice":"Memory 1","damage_taken":0,"max_hp_gain":0,"max_hp_loss":0,"event_name":"SensoryStone","floor":47,"gold_loss":0}],"is_beta":false,"boss_relics":[{"not_picked":["White Beast Statue","Ring of the Serpent"],"picked":"Fusion Hammer"},{"not_picked":["Tiny House","Pandora\u0027s Box"],"picked":"Astrolabe"}],"items_purged_floors":[21,37,39],"is_endless":false,"potions_floor_spawned":[2,3,5,10,14,20,23,28,29,35,45,48],"killed_by":"The Heart","ascension_level":0}