{"gold_per_floor":[117,267,280,280,300,300,338,338,338,374,190,190,213,71,71,167,167,183,196,196,196,221,221,235,235,235,11,27,62,1,42,42,42],"floor_reached":33,"playtime":1601,"items_purged":["Doubt"],"score":636,"play_id":"20744367-346b-43b3-9d23-9d295aad52be","local_time":"20190403000131","is_ascension_mode":true,"campfire_choices":[{"data":"Sunder","floor":6.0,"key":"SMITH"},{"floor":8.0,"key":"REST"},{"floor":15.0,"key":"REST"},{"floor":23.0,"key":"REST"},{"data":"1","floor":25.0,"key":"LIFT"},{"floor":32.0,"key":"REST"}],"neow_cost":"NONE","seed_source_timestamp":1426847254105221,"circlet_count":0,"master_deck":["AscendersBane","Strike_B+1","Strike_B+1","Defend_B+1","Defend_B+1","Defend_B+1","Defend_B+1","Zap+1","Dualcast","Cold Snap","FTL","Conserve Battery","Sweeping Beam","Go for the Eyes","Rebound","Sunder+1","Ball Lightning","Reinforced Body","Defragment","Coolheaded","Glacier","Cold Snap","All For One","Ball Lightning","Conserve Battery","Leap","BootSequence","Ball Lightning","Electrodynamics","Coolheaded+1","Coolheaded","Recycle+1"],"special_seed":0,"relics":["Orrery","Golden Idol","Incense Burner","Girya","Potion Belt","Fusion Hammer","Sling","Symbiotic Virus","War Paint","Happy Flower"],"potions_floor_usage":[33],"damage_taken":[{"damage":8.0,"enemies":"Jaw Worm","floor":1.0,"turns":4.0},{"damage":3.0,"enemies":"2 Louse","floor":3.0,"turns":2.0},{"damage":0.0,"enemies":"Cultist","floor":5.0,"turns":4.0},{"damage":31.0,"enemies":"Lagavulin","floor":7.0,"turns":7.0},{"damage":4.0,"enemies":"Gremlin Nob","floor":10.0,"turns":3.0},{"damage":16.0,"enemies":"Exordium Wildlife","floor":13.0,"turns":5.0},{"damage":34.0,"enemies":"Slime Boss","floor":16.0,"turns":15.0},{"damage":21.0,"enemies":"Shell Parasite","floor":18.0,"turns":5.0},{"damage":0.0,"enemies":"2 Thieves","floor":19.0,"turns":4.0},{"damage":1.0,"enemies":"Sentry and Sphere","floor":22.0,"turns":3.0},{"damage":0.0,"enemies":"Snake Plant","floor":24.0,"turns":4.0},{"damage":15.0,"enemies":"Snecko","floor":28.0,"turns":5.0},{"damage":15.0,"enemies":"Slavers","floor":29.0,"turns":3.0},{"damage":0.0,"enemies":"Gremlin Leader","floor":31.0,"turns":7.0},{"damage":42,"enemies":"Automaton","floor":33,"turns":10}],"seed_played":"-1820756488053977999","potions_obtained":[{"floor":3.0,"key":"Fire Potion"},{"floor":7.0,"key":"SpeedPotion"},{"floor":12.0,"key":"EntropicBrew"},{"floor":12.0,"key":"Poison Potion"},{"floor":18.0,"key":"Dexterity Potion"},{"floor":19.0,"key":"SkillPotion"}],"is_trial":false,"path_per_floor":["M","?","M","?","M","R","E","R","T","E","$","?","M","$","R","B",null,"M","M","?","?","M","R","M","R","T","$","M","E","?","E","R","B"],"character_chosen":"DEFECT","items_purchased":["EntropicBrew","Glacier","Cold Snap","Sling"],"campfire_rested":4,"item_purchase_floors":[11,14,14,27],"current_hp_per_floor":[56,56,53,53,53,53,22,41,41,37,37,37,21,21,40,6,50,29,29,29,29,28,47,47,47,47,47,32,17,17,17,36,0],"gold":42,"neow_bonus":"BOSS_RELIC","is_prod":false,"is_daily":false,"chose_seed":false,"campfire_upgraded":1,"win_rate":0,"timestamp":1554242491,"path_taken":["M","?","M","?","M","R","E","R","T","E","?","?","M","$","R","BOSS","M","?","?","?","M","R","M","R","T","$","M","E","?","E","R","BOSS"],"build_version":"2019-01-23","purchased_purges":1,"victory":false,"max_hp_per_floor":[71,71,71,64,64,64,64,64,64,64,64,64,64,64,64,64,64,64,64,64,64,64,64,64,64,64,64,64,64,64,64,64,64],"card_choices":[{"not_picked":["Redo","Sweeping Beam"],"picked":"Cold Snap","floor":0.0},{"not_picked":["Sweeping Beam","Hologram"],"picked":"FTL","floor":0.0},{"not_picked":["Doom and Gloom","Sweeping Beam"],"picked":"Conserve Battery","floor":0.0},{"not_picked":["Stack","Barrage"],"picked":"Sweeping Beam","floor":0.0},{"not_picked":["Streamline","Meteor Strike"],"picked":"Go for the Eyes","floor":0.0},{"not_picked":["Steam Power","Tempest"],"picked":"Rebound","floor":1.0},{"not_picked":["BootSequence","Cold Snap"],"picked":"Sunder","floor":3.0},{"not_picked":["Streamline","Stack"],"picked":"Ball Lightning","floor":5.0},{"not_picked":["Compile Driver","Loop"],"picked":"Reinforced Body","floor":7.0},{"not_picked":["Turbo","Melter"],"picked":"Defragment","floor":10.0},{"not_picked":["Stack","Chill"],"picked":"Coolheaded","floor":13.0},{"not_picked":["Hyperbeam","Reboot"],"picked":"All For One","floor":16.0},{"not_picked":["Redo","Steam Power"],"picked":"Ball Lightning","floor":18.0},{"not_picked":["Chaos","Stack+1"],"picked":"Conserve Battery","floor":19.0},{"not_picked":["Skim","Force Field"],"picked":"Ball Lightning","floor":22.0},{"not_picked":["Coolheaded","Rebound+1"],"picked":"Electrodynamics","floor":24.0},{"not_picked":["Skim","Gash"],"picked":"Coolheaded","floor":28.0},{"not_picked":["Ball Lightning","Beam Cell"],"picked":"Coolheaded","floor":29.0},{"not_picked":["Ball Lightning","Fission"],"picked":"Recycle+1","floor":31.0}],"player_experience":751038,"relics_obtained":[{"floor":7.0,"key":"Incense Burner"},{"floor":9.0,"key":"Girya"},{"floor":10.0,"key":"Potion Belt"},{"floor":29.0,"key":"Symbiotic Virus"},{"floor":31.0,"key":"Happy Flower"}],"event_choices":[{"damage_healed":0.0,"max_hp_gain":0.0,"max_hp_loss":0.0,"gold_gain":150.0,"event_name":"Liars Game","player_choice":"AGREE","floor":2.0,"gold_loss":0.0,"damage_taken":0.0,"cards_obtained":["Doubt"]},{"damage_healed":0.0,"max_hp_gain":0.0,"max_hp_loss":7.0,"gold_gain":0.0,"event_name":"Golden Idol","player_choice":"Lose Max HP","floor":4.0,"gold_loss":0.0,"damage_taken":0.0,"relics_obtained":["Golden Idol"]},{"damage_healed":0.0,"max_hp_gain":0.0,"max_hp_loss":0.0,"gold_gain":0.0,"event_name":"Lab","player_choice":"Got Potions","floor":12.0,"gold_loss":0.0,"damage_taken":0.0},{"damage_healed":0.0,"max_hp_gain":0.0,"max_hp_loss":0.0,"gold_gain":0.0,"cards_transformed":["Strike_B","Strike_B"],"event_name":"Drug Dealer","player_choice":"Became Test Subject","floor":20.0,"gold_loss":0.0,"damage_taken":0.0,"cards_obtained":["Leap","BootSequence"]},{"damage_healed":0.0,"max_hp_gain":0.0,"max_hp_loss":0.0,"gold_gain":0.0,"event_name":"Back to Basics","player_choice":"Simplicity","floor":21.0,"gold_loss":0.0,"damage_taken":0.0,"cards_upgraded":["Strike_B","Strike_B","Defend_B","Defend_B","Defend_B","Defend_B"]},{"damage_healed":0.0,"max_hp_gain":0.0,"max_hp_loss":0.0,"gold_gain":0.0,"event_name":"WeMeetAgain","player_choice":"Paid Gold","floor":30.0,"gold_loss":61.0,"damage_taken":0.0,"relics_obtained":["War Paint"]}],"is_beta":false,"boss_relics":[{"not_picked":["Runic Pyramid","Coffee Dripper"],"picked":"Fusion Hammer"}],"items_purged_floors":[11],"is_endless":false,"potions_floor_spawned":[3,7,13,18,19],"killed_by":"Automaton","ascension_level":20}