{"gold_per_floor":[118,137,212,223,223,223,239,239,239,256,256,287,297,307,307,386,386,400,400,154,154,154],"floor_reached":22,"playtime":4982,"items_purged":["Defend_B"],"score":426,"play_id":"190a58fb-bf95-452e-80cd-7b137b726b4d","local_time":"20190821133616","is_ascension_mode":true,"campfire_choices":[{"floor":6,"key":"REST"},{"floor":8,"key":"REST"},{"floor":11,"key":"REST"},{"floor":15,"key":"REST"}],"neow_cost":"NONE","seed_source_timestamp":631209268624700,"circlet_count":0,"master_deck":["AscendersBane","Defend_B","Zap","Dualcast","Biased Cognition","Cold Snap","Barrage","Buffer+1","Static Discharge","Genetic Algorithm","Compile Driver","Glacier","Hologram","Echo Form","Cold Snap","Bite","Bite","Bite","Bite","Bite","Thunder Strike","Scrape"],"relics":["Cracked Core","Bottled Tornado","Eternal Feather","Bag of Preparation"],"potions_floor_usage":[16,16,18],"damage_taken":[{"damage":2,"enemies":"2 Louse","floor":1,"turns":3},{"damage":9,"enemies":"Jaw Worm","floor":2,"turns":4},{"damage":5,"enemies":"Small Slimes","floor":4,"turns":3},{"damage":0,"enemies":"2 Fungi Beasts","floor":7,"turns":3},{"damage":18,"enemies":"Exordium Wildlife","floor":10,"turns":4},{"damage":0,"enemies":"Lagavulin","floor":12,"turns":7},{"damage":6,"enemies":"Exordium Thugs","floor":13,"turns":5},{"damage":16,"enemies":"2 Fungi Beasts","floor":14,"turns":4},{"damage":39,"enemies":"The Guardian","floor":16,"turns":16},{"damage":13,"enemies":"3 Byrds","floor":18,"turns":3},{"damage":56,"enemies":"Masked Bandits","floor":22,"turns":3}],"seed_played":"3638140139296283899","potions_obtained":[{"floor":7,"key":"FearPotion"},{"floor":12,"key":"SkillPotion"},{"floor":16,"key":"Fire Potion"}],"is_trial":false,"path_per_floor":["M","M","?","M","?","R","M","R","T","M","R","E","M","M","R","B",null,"M","?","$","?","?"],"character_chosen":"DEFECT","items_purchased":["Bag of Preparation"],"campfire_rested":4,"item_purchase_floors":[20],"current_hp_per_floor":[62,53,42,37,16,37,37,58,58,42,63,65,61,47,68,31,61,50,50,50,50,0],"gold":154,"neow_bonus":"ONE_RANDOM_RARE_CARD","is_prod":false,"is_daily":false,"chose_seed":false,"campfire_upgraded":0,"win_rate":0,"timestamp":1566387376,"path_taken":["M","M","?","M","?","R","M","R","T","M","R","E","M","M","R","BOSS","M","?","$","?","?"],"build_version":"2019-07-17","purchased_purges":1,"victory":false,"max_hp_per_floor":[71,71,71,71,71,71,71,71,71,71,71,71,71,71,71,71,71,71,71,71,71,71],"card_choices":[{"not_picked":["Barrage","Steam"],"picked":"Cold Snap","floor":1},{"not_picked":["Heatsinks","Turbo"],"picked":"Barrage","floor":2},{"not_picked":["Compile Driver","Cold Snap"],"picked":"Buffer","floor":4},{"not_picked":["Ball Lightning","BootSequence"],"picked":"Static Discharge","floor":7},{"not_picked":["Sunder","Conserve Battery"],"picked":"Genetic Algorithm","floor":10},{"not_picked":["Sweeping Beam","Tempest"],"picked":"Compile Driver","floor":12},{"not_picked":["Sweeping Beam","Consume"],"picked":"Glacier","floor":13},{"not_picked":["Go for the Eyes","Heatsinks"],"picked":"Hologram","floor":14},{"not_picked":["Biased Cognition","Thunder Strike"],"picked":"Echo Form","floor":16},{"not_picked":["Steam","Barrage"],"picked":"Cold Snap","floor":18}],"player_experience":1932864,"relics_obtained":[{"floor":9,"key":"Blood Vial"},{"floor":12,"key":"Bottled Tornado"}],"event_choices":[{"damage_healed":0,"gold_gain":75,"player_choice":"Gather Gold","damage_taken":11,"max_hp_gain":0,"max_hp_loss":0,"event_name":"World of Goop","floor":3,"gold_loss":0},{"damage_healed":0,"gold_gain":0,"player_choice":"Entered Light","damage_taken":21,"max_hp_gain":0,"max_hp_loss":0,"event_name":"Shining Light","floor":5,"gold_loss":0,"cards_upgraded":["Strike_B","Buffer"]},{"damage_healed":0,"gold_gain":0,"player_choice":"Became a vampire (Vial)","damage_taken":0,"max_hp_gain":0,"max_hp_loss":0,"event_name":"Vampires","floor":19,"relics_lost":["Blood Vial"],"gold_loss":0,"cards_obtained":["Bite","Bite","Bite","Bite","Bite"]},{"damage_healed":0,"gold_gain":0,"cards_transformed":["Defend_B","Defend_B"],"player_choice":"Became Test Subject","damage_taken":0,"max_hp_gain":0,"max_hp_loss":0,"event_name":"Drug Dealer","floor":21,"gold_loss":0,"cards_obtained":["Thunder Strike","Scrape"]},{"damage_healed":0,"gold_gain":0,"player_choice":"Fought Bandits","damage_taken":0,"max_hp_gain":0,"max_hp_loss":0,"event_name":"Masked Bandits","floor":22,"gold_loss":0}],"is_beta":false,"boss_relics":[{"not_picked":["Runic Dome","Philosopher\u0027s Stone"],"picked":"Eternal Feather"}],"items_purged_floors":[20],"is_endless":false,"potions_floor_spawned":[7,12,16],"killed_by":"Masked Bandits","ascension_level":18}