{"gold_per_floor":[110,129,147,38,56,56,68,68,68,97,97,97,97,112,112,188,188,173,173,173,22,37,37],"floor_reached":23,"playtime":899,"items_purged":["Strike_G"],"score":350,"play_id":"843c8682-2ccc-495f-a56c-02ce1e5f8365","local_time":"20190330193355","is_ascension_mode":true,"campfire_choices":[{"data":"Adrenaline","floor":6,"key":"SMITH"},{"data":"Neutralize","floor":8,"key":"SMITH"},{"data":"Bouncing Flask","floor":15,"key":"SMITH"}],"neow_cost":"PERCENT_DAMAGE","seed_source_timestamp":392760153062300,"circlet_count":0,"master_deck":["AscendersBane","Defend_G+1","Defend_G+1","Defend_G+1","Defend_G+1","Defend_G+1","Strike_G+1","Strike_G+1","Strike_G+1","Survivor","Neutralize+1","Adrenaline+1","Quick Slash","Dodge and Roll","Predator","Endless Agony","Blade Dance","Bouncing Flask+1","Bane","Poisoned Stab","Envenom","Caltrops","Ghostly","Ghostly","Ghostly","Ghostly","Ghostly","Footwork","Bouncing Flask","Dodge and Roll+1"],"relics":["Ring of the Snake","The Specimen","Sundial","Sozu"],"potions_floor_usage":[3,7,14],"damage_taken":[{"damage":0,"enemies":"Cultist","floor":1,"turns":3},{"damage":8,"enemies":"2 Louse","floor":2,"turns":3},{"damage":0,"enemies":"Small Slimes","floor":3,"turns":3},{"damage":5,"enemies":"Blue Slaver","floor":5,"turns":3},{"damage":0,"enemies":"Looter","floor":7,"turns":2},{"damage":34,"enemies":"Lagavulin","floor":10,"turns":8},{"damage":8,"enemies":"Lots of Slimes","floor":14,"turns":3},{"damage":2,"enemies":"Hexaghost","floor":16,"turns":9},{"damage":7,"enemies":"2 Thieves","floor":18,"turns":4},{"damage":0,"enemies":"Chosen","floor":22,"turns":4},{"damage":47,"enemies":"Gremlin Leader","floor":23,"turns":7}],"seed_played":"5004507324042578073","potions_obtained":[{"floor":2,"key":"Ancient Potion"},{"floor":3,"key":"Fire Potion"},{"floor":5,"key":"LiquidBronze"},{"floor":7,"key":"Fruit Juice"}],"is_trial":false,"path_per_floor":["M","M","M","$","M","R","M","R","T","E","?","?","?","M","R","B",null,"M","?","?","$","M","E"],"character_chosen":"THE_SILENT","items_purchased":["Endless Agony","Footwork","Bouncing Flask"],"campfire_rested":0,"item_purchase_floors":[4,21,21],"current_hp_per_floor":[44,36,36,36,31,31,36,36,36,2,19,19,19,11,11,9,53,46,46,34,34,34,0],"gold":37,"neow_bonus":"THREE_RARE_CARDS","is_prod":false,"is_daily":false,"chose_seed":false,"campfire_upgraded":3,"win_rate":0,"timestamp":1553970835,"path_taken":["M","M","M","$","M","R","?","R","T","E","?","?","?","?","R","BOSS","M","?","?","?","M","E"],"build_version":"2019-01-23","purchased_purges":1,"victory":false,"max_hp_per_floor":[66,66,66,66,66,66,71,71,71,71,71,68,68,68,68,68,68,68,68,34,34,34,34],"card_choices":[{"not_picked":["Storm of Steel","After Image"],"picked":"Adrenaline","floor":0},{"not_picked":["Acrobatics","Blade Dance"],"picked":"Quick Slash","floor":1},{"not_picked":["Outmaneuver","Bane"],"picked":"Dodge and Roll","floor":2},{"not_picked":["Outmaneuver","Quick Slash"],"picked":"Predator","floor":3},{"not_picked":["Prepared","Poisoned Stab","Reflex"],"picked":"SKIP","floor":5},{"not_picked":["Acrobatics","Quick Slash"],"picked":"Blade Dance","floor":7},{"not_picked":["Outmaneuver","Dagger Spray"],"picked":"Bouncing Flask","floor":10},{"not_picked":["Masterful Stab","Tools of the Trade"],"picked":"Poisoned Stab","floor":14},{"not_picked":["Unload","Storm of Steel"],"picked":"Envenom","floor":16},{"not_picked":["Slice","Sucker Punch"],"picked":"Caltrops","floor":18},{"not_picked":["Deflect","Tools of the Trade"],"picked":"Dodge and Roll+1","floor":22}],"player_experience":1019427,"relics_obtained":[{"floor":9,"key":"The Specimen"},{"floor":10,"key":"Sundial"}],"event_choices":[{"damage_healed":17,"gold_gain":0,"player_choice":"Healed and dodged fight","damage_taken":0,"max_hp_gain":0,"max_hp_loss":0,"event_name":"Mushrooms","floor":11,"gold_loss":0,"cards_obtained":["Parasite"]},{"cards_removed":["Parasite"],"damage_healed":0,"gold_gain":0,"player_choice":"Forget","damage_taken":0,"max_hp_gain":0,"max_hp_loss":0,"event_name":"Living Wall","floor":12,"gold_loss":0},{"damage_healed":0,"gold_gain":0,"cards_transformed":["Strike_G"],"player_choice":"Transformed","damage_taken":0,"max_hp_gain":0,"max_hp_loss":0,"event_name":"Transmorgrifier","floor":13,"gold_loss":0,"cards_obtained":["Bane"]},{"damage_healed":0,"gold_gain":0,"player_choice":"Simplicity","damage_taken":0,"max_hp_gain":0,"max_hp_loss":0,"event_name":"Back to Basics","floor":19,"gold_loss":0,"cards_upgraded":["Defend_G","Defend_G","Defend_G","Defend_G","Defend_G","Strike_G","Strike_G","Strike_G"]},{"damage_healed":0,"gold_gain":0,"player_choice":"Became a Ghost","damage_taken":0,"max_hp_gain":0,"max_hp_loss":34,"event_name":"Ghosts","floor":20,"gold_loss":0,"cards_obtained":["Ghostly","Ghostly","Ghostly","Ghostly","Ghostly"]}],"is_beta":false,"boss_relics":[{"not_picked":["Runic Dome","Astrolabe"],"picked":"Sozu"}],"items_purged_floors":[4],"is_endless":false,"potions_floor_spawned":[2,3,5,7,22],"killed_by":"Gremlin Leader","ascension_level":14}