{"gold_per_floor":[116,116,16,28,28,58,69,83,110,110,122,134,160,192,204,290,302,324,353,397,409,433,445,488,511,523,535],"floor_reached":27,"playtime":1820,"items_purged":["Regret"],"score":520,"play_id":"3e1fbde8-77b4-4fc5-9cf4-f163a88f0bd8","local_time":"20190218211746","is_ascension_mode":true,"campfire_choices":[{"data":"Blood for Blood","floor":12,"key":"SMITH"},{"data":"Shrug It Off","floor":15,"key":"SMITH"},{"floor":23,"key":"REST"}],"neow_cost":"NONE","seed_source_timestamp":205042236485196,"circlet_count":0,"master_deck":["AscendersBane","Strike_R","Strike_R","Strike_R","Strike_R","Strike_R","Defend_R","Defend_R","Defend_R","Defend_R","Bash","Anger","True Grit+1","Inflame","Demon Form+1","Shrug It Off","Blood for Blood+1","Anger","Shrug It Off+1","Impervious","Infernal Blade+1","Heavy Blade+1","Cleave","Uppercut","Uppercut","Disarm"],"special_seed":0,"relics":["Burning Blood","NeowsBlessing","Bag of Marbles","Regal Pillow","Ancient Tea Set","MawBank","Mark of Pain","Red Mask","Potion Belt","Molten Egg 2"],"potions_floor_usage":[14,18,19,24],"damage_taken":[{"damage":0.0,"enemies":"Small Slimes","floor":1.0,"turns":1.0},{"damage":0.0,"enemies":"Jaw Worm","floor":4.0,"turns":1.0},{"damage":0.0,"enemies":"Gremlin Nob","floor":6.0,"turns":1.0},{"damage":6,"enemies":"Cultist","floor":7,"turns":3},{"damage":8,"enemies":"2 Fungi Beasts","floor":8,"turns":4},{"damage":8,"enemies":"3 Louse","floor":13,"turns":3},{"damage":17,"enemies":"Gremlin Gang","floor":14,"turns":4},{"damage":30,"enemies":"The Guardian","floor":16,"turns":7},{"damage":4,"enemies":"Spheric Guardian","floor":18,"turns":5},{"damage":17,"enemies":"2 Thieves","floor":19,"turns":4},{"damage":20,"enemies":"Masked Bandits","floor":20,"turns":4},{"damage":27,"enemies":"Snecko","floor":22,"turns":4},{"damage":33,"enemies":"Slavers","floor":24,"turns":6},{"damage":32,"enemies":"Snake Plant","floor":25,"turns":5},{"damage":18,"enemies":"Chosen and Byrds","floor":27,"turns":3}],"seed_played":"5456489604631105499","potions_obtained":[{"floor":6.0,"key":"Block Potion"},{"floor":7,"key":"PowerPotion"},{"floor":16,"key":"BloodPotion"},{"floor":18,"key":"PowerPotion"},{"floor":24,"key":"Dexterity Potion"}],"is_trial":false,"path_per_floor":["M","?","$","M","?","E","M","M","T","?","?","R","M","M","R","B",null,"M","M","?","?","M","R","E","M","T","M"],"character_chosen":"IRONCLAD","items_purchased":["True Grit"],"campfire_rested":1,"item_purchase_floors":[3],"current_hp_per_floor":[74,74,74,75,75,75,75,73,73,68,68,68,66,55,55,31,64,66,55,41,41,20,57,37,11,11,0],"gold":535,"neow_bonus":"THREE_ENEMY_KILL","is_prod":false,"is_daily":false,"chose_seed":false,"campfire_upgraded":2,"win_rate":0,"timestamp":1550521066,"path_taken":["M","?","?","M","?","E","?","M","T","?","?","R","?","M","R","BOSS","M","M","?","?","?","R","E","M","T","M"],"build_version":"2019-01-23","purchased_purges":1,"victory":false,"max_hp_per_floor":[75,75,75,75,75,75,75,75,75,75,75,75,75,75,75,75,75,75,75,75,75,75,75,75,75,75,75],"card_choices":[{"not_picked":["Twin Strike","Thunderclap"],"picked":"Anger","floor":1.0},{"not_picked":["Twin Strike","Sever Soul"],"picked":"Inflame","floor":4.0},{"not_picked":["Bloodletting","Ghostly Armor"],"picked":"Demon Form","floor":6.0},{"not_picked":["Pommel Strike","Armaments"],"picked":"Shrug It Off","floor":7},{"not_picked":["Flex","Sever Soul"],"picked":"Blood for Blood","floor":8},{"not_picked":["Sentinel","Twin Strike"],"picked":"Anger","floor":13},{"not_picked":["Clash","Feed"],"picked":"Shrug It Off","floor":14},{"not_picked":["Immolate","Double Tap"],"picked":"Impervious","floor":16},{"not_picked":["Warcry","Body Slam"],"picked":"Infernal Blade+1","floor":18},{"not_picked":["Clothesline","Pommel Strike"],"picked":"Heavy Blade","floor":19},{"not_picked":["Wild Strike","Warcry"],"picked":"Cleave","floor":20},{"not_picked":["Flex","Armaments"],"picked":"Uppercut","floor":22},{"not_picked":["Perfected Strike","Reckless Charge"],"picked":"Uppercut","floor":24},{"not_picked":["Body Slam+1","Barricade"],"picked":"Disarm","floor":25}],"player_experience":644993,"relics_obtained":[{"floor":6.0,"key":"Regal Pillow"},{"floor":9,"key":"Ancient Tea Set"},{"floor":20,"key":"Red Mask"},{"floor":24,"key":"Potion Belt"},{"floor":26,"key":"Molten Egg 2"}],"event_choices":[{"damage_healed":0.0,"max_hp_gain":0.0,"max_hp_loss":0.0,"gold_gain":0.0,"event_name":"Big Fish","player_choice":"Box","floor":2.0,"gold_loss":0.0,"damage_taken":0.0,"relics_obtained":["Bag of Marbles"],"cards_obtained":["Regret"]},{"damage_healed":0.0,"max_hp_gain":0.0,"max_hp_loss":0.0,"gold_gain":0.0,"event_name":"Upgrade Shrine","player_choice":"Upgraded","floor":5.0,"gold_loss":0.0,"damage_taken":0.0,"cards_upgraded":["True Grit"]},{"damage_healed":0,"gold_gain":0,"player_choice":"Success","damage_taken":5,"relics_obtained":["MawBank"],"max_hp_gain":0,"max_hp_loss":0,"event_name":"Scrap Ooze","floor":10,"gold_loss":0},{"damage_healed":0,"gold_gain":0,"player_choice":"Upgraded","damage_taken":0,"max_hp_gain":0,"max_hp_loss":0,"event_name":"Upgrade Shrine","floor":11,"gold_loss":0,"cards_upgraded":["Demon Form"]},{"damage_healed":0,"gold_gain":0,"player_choice":"Fought Bandits","damage_taken":0,"max_hp_gain":0,"max_hp_loss":0,"event_name":"Masked Bandits","floor":20,"gold_loss":0},{"damage_healed":0,"gold_gain":0,"player_choice":"Forge","damage_taken":0,"max_hp_gain":0,"max_hp_loss":0,"event_name":"Accursed Blacksmith","floor":21,"gold_loss":0,"cards_upgraded":["Heavy Blade"]}],"is_beta":false,"boss_relics":[{"not_picked":["Lizard Tail","Black Blood"],"picked":"Mark of Pain"}],"items_purged_floors":[3],"is_endless":false,"potions_floor_spawned":[6,7,8,13,16,18,24],"killed_by":"Chosen and Byrds","ascension_level":20}