{"gold_per_floor":[115,115,115,135,1,1,33,47,47,47,47,47,75,92,92,166,166,180,180],"floor_reached":19,"playtime":690,"items_purged":[],"score":370,"play_id":"13f43614-427e-4529-9de2-6fd7ec0ef23f","local_time":"20190701110539","is_ascension_mode":true,"campfire_choices":[{"data":"Feel No Pain","floor":6,"key":"SMITH"},{"data":"Clothesline","floor":10,"key":"SMITH"},{"data":"Uppercut","floor":12,"key":"SMITH"},{"floor":15,"key":"DIG"}],"neow_cost":"NONE","seed_source_timestamp":1162367308944200,"circlet_count":0,"master_deck":["AscendersBane","Strike_R","Strike_R","Strike_R","Strike_R","Strike_R","Defend_R","Defend_R","Defend_R","Defend_R","Bash+1","Uppercut+1","Clothesline+1","Feel No Pain+1","Flex","Iron Wave","Fiend Fire","Headbutt","Juggernaut+1","Anger","Second Wind","Corruption+1","Seeing Red","Feed"],"relics":["Burning Blood","NeowsBlessing","Frozen Egg 2","Shovel","Art of War","Self Forming Clay","PreservedInsect","Orrery"],"potions_floor_usage":[8,14,16],"damage_taken":[{"damage":0,"enemies":"Cultist","floor":1,"turns":1},{"damage":0,"enemies":"2 Louse","floor":4,"turns":1},{"damage":0,"enemies":"Gremlin Nob","floor":7,"turns":1},{"damage":7,"enemies":"Small Slimes","floor":8,"turns":3},{"damage":15,"enemies":"3 Sentries","floor":13,"turns":10},{"damage":17,"enemies":"Exordium Thugs","floor":14,"turns":6},{"damage":29,"enemies":"Hexaghost","floor":16,"turns":11},{"damage":28,"enemies":"3 Byrds","floor":18,"turns":7},{"damage":44,"enemies":"Shell Parasite","floor":19,"turns":4}],"seed_played":"733495999918561050","potions_obtained":[{"floor":1,"key":"Swift Potion"},{"floor":7,"key":"Ancient Potion"},{"floor":13,"key":"AttackPotion"}],"is_trial":false,"path_per_floor":["M","?","$","M","$","R","E","M","T","R","?","R","E","M","R","B",null,"M","M"],"character_chosen":"IRONCLAD","items_purchased":["Feel No Pain","Flex"],"campfire_rested":0,"item_purchase_floors":[5,5],"current_hp_per_floor":[74,74,74,75,75,75,75,74,74,74,74,74,65,54,54,31,64,42,0],"gold":180,"neow_bonus":"THREE_ENEMY_KILL","is_prod":false,"is_daily":false,"chose_seed":false,"campfire_upgraded":3,"win_rate":0,"timestamp":1561971939,"path_taken":["M","?","$","?","$","R","E","M","T","R","?","R","E","?","R","BOSS","M","M"],"build_version":"2019-01-23","purchased_purges":0,"victory":false,"max_hp_per_floor":[75,75,75,75,75,75,75,75,75,75,75,75,75,75,75,75,75,75,75],"card_choices":[{"not_picked":["Burning Pact","Sword Boomerang"],"picked":"Uppercut","floor":1},{"not_picked":["Twin Strike","Sword Boomerang"],"picked":"Clothesline","floor":4},{"not_picked":["Flex","Wild Strike","Warcry"],"picked":"SKIP","floor":7},{"not_picked":["Sever Soul","Pommel Strike"],"picked":"Iron Wave","floor":8},{"not_picked":["Sever Soul","Disarm"],"picked":"Fiend Fire","floor":13},{"not_picked":["Twin Strike","Havoc"],"picked":"Headbutt","floor":14},{"not_picked":["Limit Break","Reaper"],"picked":"Juggernaut+1","floor":16},{"not_picked":["Havoc","Iron Wave"],"picked":"Anger","floor":17},{"not_picked":["Iron Wave","Intimidate"],"picked":"Second Wind","floor":17},{"not_picked":["Rampage","Wild Strike"],"picked":"Corruption+1","floor":17},{"not_picked":["Headbutt","Flame Barrier"],"picked":"Seeing Red","floor":17},{"not_picked":["True Grit","Flex"],"picked":"Feed","floor":18}],"player_experience":1542355,"relics_obtained":[{"floor":7,"key":"Frozen Egg 2"},{"floor":9,"key":"Shovel"},{"floor":11,"key":"Art of War"},{"floor":13,"key":"Self Forming Clay"},{"floor":15,"key":"PreservedInsect"}],"event_choices":[{"damage_healed":0,"gold_gain":0,"player_choice":"Forge","damage_taken":0,"max_hp_gain":0,"max_hp_loss":0,"event_name":"Accursed Blacksmith","floor":2,"gold_loss":0,"cards_upgraded":["Bash"]},{"damage_healed":0,"gold_gain":0,"player_choice":"Relic","damage_taken":0,"max_hp_gain":0,"max_hp_loss":0,"event_name":"Wheel of Change","floor":11,"gold_loss":0}],"is_beta":false,"boss_relics":[{"not_picked":["Black Blood","Empty Cage"],"picked":"Orrery"}],"items_purged_floors":[],"is_endless":false,"potions_floor_spawned":[1,7,13],"killed_by":"Shell Parasite","ascension_level":17}