{"gold_per_floor":[111,121,121,121,142,181,181,18,18,18,41,41,41,41,41,140,140,153,153,153,0,0,35,0,0,56,96,96,96,96,71,71,166,166,191,191,37,53,71,71,92,136,216,216,341,384,384,384,384,384],"floor_reached":51,"playtime":2307,"items_purged":["Injury","Strike_B","Writhe"],"score":1460,"play_id":"e2aa2aea-e560-414a-b05e-3b87f4ee2199","local_time":"20190812234216","is_ascension_mode":true,"campfire_choices":[{"data":"Zap","floor":7,"key":"SMITH"},{"data":"Capacitor","floor":10,"key":"SMITH"},{"data":"Defragment","floor":12,"key":"SMITH"},{"floor":15,"key":"REST"},{"floor":25,"key":"REST"},{"floor":28,"key":"REST"},{"floor":32,"key":"REST"},{"floor":40,"key":"REST"},{"data":"Consume","floor":44,"key":"SMITH"},{"data":"Loop","floor":47,"key":"SMITH"},{"data":"Ghostly","floor":49,"key":"SMITH"}],"neow_cost":"PERCENT_DAMAGE","seed_source_timestamp":886583321334300,"circlet_count":0,"master_deck":["AscendersBane","Strike_B","Strike_B+1","Defend_B","Defend_B","Defend_B","Defend_B","Zap+1","Dualcast","Conserve Battery","Cold Snap+1","Hologram","Gash","Capacitor+1","Defragment+1","Leap","Echo Form","Consume+1","Ghostly+1","Ghostly","Ghostly","Conserve Battery","Capacitor","Rebound+1","Multi-Cast+1","Redo+1","Turbo+1","Genetic Algorithm+1","Compile Driver+1","Tempest+1","Loop+1","Injury","Barrage+1","Multi-Cast+1","Decay"],"relics":["Cracked Core","Calipers","Incense Burner","Golden Idol","Whetstone","Dead Branch","Nuclear Battery","Toxic Egg 2","Emotion Chip","Tiny Chest","Happy Flower","Molten Egg 2","Matryoshka","Cursed Key","Juzu Bracelet","Question Card","Dodecahedron","Thread and Needle","Blood Vial","Bag of Marbles","Bottled Lightning"],"potions_floor_usage":[11,18,23,33,38,41,42,50],"damage_taken":[{"damage":4,"enemies":"Jaw Worm","floor":1,"turns":4},{"damage":0,"enemies":"2 Louse","floor":2,"turns":3},{"damage":0,"enemies":"Cultist","floor":5,"turns":4},{"damage":7,"enemies":"3 Sentries","floor":6,"turns":8},{"damage":0,"enemies":"2 Fungi Beasts","floor":11,"turns":3},{"damage":23,"enemies":"The Guardian","floor":16,"turns":9},{"damage":9,"enemies":"Spheric Guardian","floor":18,"turns":4},{"damage":27,"enemies":"Gremlin Leader","floor":23,"turns":10},{"damage":3,"enemies":"Book of Stabbing","floor":27,"turns":5},{"damage":4,"enemies":"2 Thieves","floor":31,"turns":5},{"damage":7,"enemies":"Collector","floor":33,"turns":13},{"damage":2,"enemies":"3 Shapes","floor":35,"turns":7},{"damage":21,"enemies":"3 Darklings","floor":38,"turns":9},{"damage":0,"enemies":"4 Shapes","floor":39,"turns":5},{"damage":1,"enemies":"Spire Growth","floor":41,"turns":6},{"damage":0,"enemies":"Nemesis","floor":42,"turns":9},{"damage":0,"enemies":"Mind Bloom Boss Battle","floor":45,"turns":4},{"damage":0,"enemies":"Reptomancer","floor":46,"turns":5},{"damage":4,"enemies":"Donu and Deca","floor":50,"turns":11}],"seed_played":"4550439829697595518","potions_obtained":[{"floor":5,"key":"Block Potion"},{"floor":6,"key":"EssenceOfSteel"},{"floor":16,"key":"Strength Potion"},{"floor":31,"key":"Ancient Potion"},{"floor":33,"key":"Energy Potion"},{"floor":38,"key":"Ancient Potion"},{"floor":41,"key":"Regen Potion"},{"floor":46,"key":"GamblersBrew"}],"is_trial":false,"path_per_floor":["M","M","?","?","M","E","R","$","T","R","M","R","?","?","R","B",null,"M","?","?","$","?","E","?","R","T","E","R","T","T","M","R","B",null,"M","?","$","M","M","R","M","E","T","R","?","E","R","T","R","B",null],"character_chosen":"DEFECT","items_purchased":["Capacitor","Conserve Battery","Turbo+1"],"campfire_rested":5,"item_purchase_floors":[8,21,37],"current_hp_per_floor":[42,42,31,31,31,24,24,24,24,24,24,24,24,24,45,22,59,50,35,28,28,28,1,1,13,13,10,22,22,22,18,30,23,36,34,34,34,13,13,25,24,39,39,39,39,39,39,39,39,36],"gold":384,"neow_bonus":"ONE_RARE_RELIC","is_prod":false,"is_daily":false,"chose_seed":false,"campfire_upgraded":6,"win_rate":0,"timestamp":1565646136,"path_taken":["M","M","?","?","M","E","R","?","T","R","?","R","?","?","R","BOSS","M","?","?","$","?","E","?","R","T","E","R","?","?","M","R","BOSS","M","?","$","M","M","R","M","E","T","R","?","E","R","?","R","BOSS"],"build_version":"2019-07-17","purchased_purges":3,"victory":true,"max_hp_per_floor":[71,71,71,71,71,71,71,71,71,71,71,71,71,71,71,71,71,71,35,40,40,40,40,40,40,40,40,40,40,40,40,40,40,40,40,40,40,40,40,40,40,40,40,40,40,40,40,40,40,40],"card_choices":[{"not_picked":["Chill","Barrage"],"picked":"Conserve Battery","floor":1},{"not_picked":["Barrage","Stack"],"picked":"Cold Snap","floor":2},{"not_picked":["Compile Driver","Glacier"],"picked":"Hologram","floor":5},{"not_picked":["Steam Power","Ball Lightning"],"picked":"Gash","floor":6},{"not_picked":["Leap","Lockon"],"picked":"Defragment","floor":11},{"not_picked":["Biased Cognition","Amplify"],"picked":"Echo Form","floor":16},{"not_picked":["Rebound","Blizzard"],"picked":"Consume","floor":18},{"not_picked":["Turbo+1","Streamline"],"picked":"Capacitor","floor":23},{"not_picked":["Cold Snap","Force Field+1"],"picked":"Rebound+1","floor":27},{"not_picked":["Turbo+1","Sweeping Beam+1"],"picked":"Go for the Eyes+1","floor":31},{"not_picked":["Creative AI","Electrodynamics"],"picked":"Multi-Cast+1","floor":33},{"not_picked":["Sweeping Beam+1","Cold Snap+1"],"picked":"Redo+1","floor":35},{"not_picked":["Sweeping Beam+1","Rebound+1"],"picked":"Genetic Algorithm+1","floor":38},{"not_picked":["Skim+1","Blizzard+1"],"picked":"Compile Driver+1","floor":39},{"not_picked":["Streamline+1","Cold Snap+1"],"picked":"Tempest+1","floor":41},{"not_picked":["Capacitor+1","Hologram+1"],"picked":"Loop","floor":42},{"not_picked":["Scrape+1","Coolheaded+1","Stack+1"],"picked":"Barrage+1","floor":45},{"not_picked":["Go for the Eyes+1","Consume+1","Hello World+1"],"picked":"Multi-Cast+1","floor":46}],"player_experience":1853152,"relics_obtained":[{"floor":6,"key":"Whetstone"},{"floor":9,"key":"Dead Branch"},{"floor":23,"key":"Emotion Chip"},{"floor":26,"key":"Tiny Chest"},{"floor":27,"key":"Happy Flower"},{"floor":29,"key":"Molten Egg 2"},{"floor":30,"key":"Matryoshka"},{"floor":42,"key":"Juzu Bracelet"},{"floor":43,"key":"Question Card"},{"floor":43,"key":"Dodecahedron"},{"floor":45,"key":"Thread and Needle"},{"floor":46,"key":"Blood Vial"},{"floor":48,"key":"Bag of Marbles"},{"floor":48,"key":"Bottled Lightning"}],"event_choices":[{"damage_healed":0,"gold_gain":0,"player_choice":"Success","damage_taken":11,"relics_obtained":["Incense Burner"],"max_hp_gain":0,"max_hp_loss":0,"event_name":"Scrap Ooze","floor":3,"gold_loss":0},{"damage_healed":0,"gold_gain":0,"player_choice":"Take Wound","damage_taken":0,"relics_obtained":["Golden Idol"],"max_hp_gain":0,"max_hp_loss":0,"event_name":"Golden Idol","floor":4,"gold_loss":0,"cards_obtained":["Injury"]},{"damage_healed":0,"gold_gain":0,"cards_transformed":["Strike_B"],"player_choice":"Change","damage_taken":0,"max_hp_gain":0,"max_hp_loss":0,"event_name":"Living Wall","floor":13,"gold_loss":0,"cards_obtained":["Leap"]},{"damage_healed":0,"gold_gain":0,"player_choice":"Ignored","damage_taken":0,"max_hp_gain":0,"max_hp_loss":0,"event_name":"Liars Game","floor":14,"gold_loss":0},{"damage_healed":0,"gold_gain":0,"player_choice":"Became a Ghost","damage_taken":0,"max_hp_gain":0,"max_hp_loss":36,"event_name":"Ghosts","floor":19,"gold_loss":0,"cards_obtained":["Ghostly","Ghostly","Ghostly"]},{"damage_healed":0,"gold_gain":0,"player_choice":"Shed Blood","damage_taken":12,"max_hp_gain":5,"max_hp_loss":0,"event_name":"Forgotten Altar","floor":20,"gold_loss":0},{"damage_healed":0,"gold_gain":0,"player_choice":"Opened","damage_taken":0,"relics_obtained":["Toxic Egg 2"],"max_hp_gain":0,"max_hp_loss":0,"event_name":"The Mausoleum","floor":22,"gold_loss":0,"cards_obtained":["Writhe"]},{"damage_healed":0,"gold_gain":0,"player_choice":"Paid Fearfully","damage_taken":0,"max_hp_gain":0,"max_hp_loss":0,"event_name":"Masked Bandits","floor":24,"gold_loss":35},{"cards_removed":["Go for the Eyes"],"damage_healed":0,"gold_gain":0,"player_choice":"Removed Attack","damage_taken":0,"max_hp_gain":0,"max_hp_loss":0,"event_name":"Falling","floor":36,"gold_loss":0},{"damage_healed":0,"gold_gain":0,"player_choice":"Fight","damage_taken":0,"max_hp_gain":0,"max_hp_loss":0,"event_name":"MindBloom","floor":45,"gold_loss":0}],"is_beta":false,"boss_relics":[{"not_picked":["Tiny House","White Beast Statue"],"picked":"Nuclear Battery"},{"not_picked":["Runic Dome","Philosopher\u0027s Stone"],"picked":"Cursed Key"}],"items_purged_floors":[8,21,37],"is_endless":false,"potions_floor_spawned":[5,6,16,31,33,38,41,46],"ascension_level":17}