{"gold_per_floor":[116,135,151,151,14,14,28,28,54,88,88,122,133,98,98,176,176,196,206,206,206,206,206],"floor_reached":23,"playtime":791,"items_purged":[],"score":448,"play_id":"76394452-a135-479a-9f79-c9a200ad3fc0","local_time":"20190623005057","is_ascension_mode":true,"campfire_choices":[{"data":"Neutralize","floor":6,"key":"SMITH"},{"data":"Poisoned Stab","floor":8,"key":"SMITH"},{"data":"Malaise","floor":11,"key":"SMITH"},{"data":"Deflect","floor":15,"key":"SMITH"}],"neow_cost":"NONE","seed_source_timestamp":434166875496600,"circlet_count":0,"master_deck":["AscendersBane","Defend_G","Defend_G","Defend_G","Defend_G+1","Defend_G+1","Strike_G","Strike_G","Strike_G+1","Survivor","Neutralize+1","Flying Knee","Poisoned Stab+1","Crippling Poison+1","Well Laid Plans","Dagger Spray","Malaise+1","Slice","Deflect+1","Bullet Time","Leg Sweep","Deadly Poison","Endless Agony","Phantasmal Killer","RitualDagger"],"relics":["Ring of the Snake","War Paint","Bronze Scales","Strawberry","Vajra","Lizard Tail","Dodecahedron"],"potions_floor_usage":[3,13,23,23],"damage_taken":[{"damage":0,"enemies":"Jaw Worm","floor":1,"turns":6},{"damage":0,"enemies":"2 Louse","floor":2,"turns":3},{"damage":13,"enemies":"Small Slimes","floor":3,"turns":5},{"damage":4,"enemies":"Blue Slaver","floor":7,"turns":4},{"damage":7,"enemies":"Lagavulin","floor":10,"turns":5},{"damage":4,"enemies":"Gremlin Nob","floor":12,"turns":4},{"damage":1,"enemies":"Large Slime","floor":13,"turns":3},{"damage":0,"enemies":"The Guardian","floor":16,"turns":11},{"damage":19,"enemies":"Spheric Guardian","floor":18,"turns":4},{"damage":0,"enemies":"Chosen","floor":19,"turns":5},{"damage":82,"enemies":"Slavers","floor":23,"turns":5}],"seed_played":"3580076787485186665","potions_obtained":[{"floor":2,"key":"Weak Potion"},{"floor":13,"key":"Ancient Potion"},{"floor":18,"key":"GamblersBrew"},{"floor":19,"key":"SneckoOil"}],"is_trial":false,"path_per_floor":["M","M","M","?","$","R","M","R","T","E","R","E","M","?","R","B",null,"M","M","?","?","T","E"],"character_chosen":"THE_SILENT","items_purchased":["Well Laid Plans","Block Potion"],"campfire_rested":0,"item_purchase_floors":[5,5],"current_hp_per_floor":[59,59,46,26,26,26,22,22,22,22,22,18,17,35,35,35,64,45,45,45,39,39,0],"gold":206,"neow_bonus":"RANDOM_COMMON_RELIC","is_prod":false,"is_daily":false,"chose_seed":false,"campfire_upgraded":4,"win_rate":0,"timestamp":1561243857,"path_taken":["M","M","M","?","$","R","M","R","T","E","R","E","M","?","R","BOSS","M","M","?","?","?","E"],"build_version":"2019-01-23","purchased_purges":0,"victory":false,"max_hp_per_floor":[66,66,66,66,66,66,66,66,66,73,73,73,73,73,73,73,73,73,73,73,73,73,73],"card_choices":[{"not_picked":["All Out Attack","Bane"],"picked":"Flying Knee","floor":1},{"not_picked":["Riddle With Holes","Sucker Punch"],"picked":"Poisoned Stab","floor":2},{"not_picked":["Underhanded Strike","Dagger Spray"],"picked":"Crippling Poison","floor":3},{"not_picked":["Setup","Heel Hook"],"picked":"Dagger Spray","floor":7},{"not_picked":["Dodge and Roll","Underhanded Strike"],"picked":"Malaise","floor":10},{"not_picked":["Prepared","Outmaneuver"],"picked":"Slice","floor":12},{"not_picked":["Terror","Quick Slash"],"picked":"Deflect","floor":13},{"not_picked":["Grand Finale","Adrenaline"],"picked":"Bullet Time","floor":16},{"not_picked":["Dagger Spray+1","Dodge and Roll+1"],"picked":"Leg Sweep","floor":18},{"not_picked":["Deflect","Slice"],"picked":"Deadly Poison","floor":19}],"player_experience":1446419,"relics_obtained":[{"floor":9,"key":"Bronze Scales"},{"floor":10,"key":"Strawberry"},{"floor":12,"key":"Vajra"},{"floor":22,"key":"Dodecahedron"}],"event_choices":[{"damage_healed":0,"gold_gain":0,"player_choice":"Entered Light","damage_taken":20,"max_hp_gain":0,"max_hp_loss":0,"event_name":"Shining Light","floor":4,"gold_loss":0,"cards_upgraded":["Strike_G","Crippling Poison"]},{"damage_healed":18,"gold_gain":0,"player_choice":"Healed","damage_taken":0,"max_hp_gain":0,"max_hp_loss":0,"event_name":"The Cleric","floor":14,"gold_loss":35},{"damage_healed":0,"gold_gain":0,"cards_transformed":["Strike_G","Strike_G"],"player_choice":"Became Test Subject","damage_taken":0,"max_hp_gain":0,"max_hp_loss":0,"event_name":"Drug Dealer","floor":20,"gold_loss":0,"cards_obtained":["Endless Agony","Phantasmal Killer"]},{"damage_healed":0,"gold_gain":0,"player_choice":"Joined the Cult","damage_taken":6,"max_hp_gain":0,"max_hp_loss":0,"event_name":"Nest","floor":21,"gold_loss":0,"cards_obtained":["RitualDagger"]}],"is_beta":false,"boss_relics":[{"not_picked":["Ectoplasm","Coffee Dripper"],"picked":"Lizard Tail"}],"items_purged_floors":[],"is_endless":false,"potions_floor_spawned":[2,13,18,19],"killed_by":"Slavers","ascension_level":16}