{"gold_per_floor":[113,78,58,70,89,89,124,124,124,140,160,179,2,22,22,93,93,104,104,118,118,118,118,18,18,64,64,12,12,26,43,43,43],"floor_reached":33,"playtime":1028,"items_purged":["Strike_B","Writhe"],"score":560,"play_id":"efe8aba4-f75c-40cc-81b6-c6b26dedc996","local_time":"20181004181313","is_ascension_mode":true,"campfire_choices":[{"data":"Zap","floor":6.0,"key":"SMITH"},{"data":"Beam Cell","floor":15,"key":"SMITH"},{"data":"Streamline","floor":23,"key":"SMITH"},{"data":"Streamline","floor":29,"key":"SMITH"},{"data":"Defragment","floor":32,"key":"SMITH"}],"neow_cost":"NONE","seed_source_timestamp":0,"circlet_count":0,"master_deck":["Zap+1","Dualcast","AscendersBane","Steam","Ball Lightning","Defragment","Auto Shields","Conserve Battery","Buffer","Redo","White Noise","Sweeping Beam","FTL","Beam Cell+1","Electrodynamics","Gash","Self Repair","Stack","BootSequence","Coolheaded","Streamline+1","Glacier","Necronomicurse","Streamline+1","Defragment+1"],"special_seed":0,"relics":["Cracked Core","Question Card","Pear","Pandora\u0027s Box","Darkstone Periapt","Necronomicon","Ancient Tea Set"],"potions_floor_usage":[16,18,33],"damage_taken":[{"damage":6.0,"enemies":"2 Louse","floor":1.0,"turns":3.0},{"damage":9.0,"enemies":"Small Slimes","floor":4.0,"turns":3.0},{"damage":6.0,"enemies":"Cultist","floor":5.0,"turns":4.0},{"damage":26.0,"enemies":"Lagavulin","floor":7.0,"turns":6.0},{"damage":0.0,"enemies":"Blue Slaver","floor":10.0,"turns":3.0},{"damage":1,"enemies":"Red Slaver","floor":11,"turns":4},{"damage":0,"enemies":"Large Slime","floor":12,"turns":5},{"damage":10,"enemies":"3 Louse","floor":14,"turns":2},{"damage":0,"enemies":"Slime Boss","floor":16,"turns":6},{"damage":11,"enemies":"Shell Parasite","floor":18,"turns":5},{"damage":0,"enemies":"Chosen","floor":20,"turns":4},{"damage":23,"enemies":"3 Cultists","floor":30,"turns":6},{"damage":0,"enemies":"Snecko","floor":31,"turns":3},{"damage":35,"enemies":"Collector","floor":33,"turns":3}],"seed_played":"2223834234820106661","potions_obtained":[{"floor":3.0,"key":"Fire Potion"},{"floor":5.0,"key":"Energy Potion"},{"floor":16,"key":"LiquidBronze"},{"floor":30,"key":"GamblersBrew"}],"is_trial":false,"path_per_floor":["M","?","?","M","M","R","E","?","T","M","M","M","$","M","R","B",null,"M","?","M","?","?","R","$","?","T","$","$","R","M","M","R"],"character_chosen":"DEFECT","items_purchased":["Sweeping Beam","FTL","Streamline"],"campfire_rested":0,"item_purchase_floors":[13,13,28],"current_hp_per_floor":[58,71,71,62,56,56,30,30,40,40,39,39,39,29,29,29,68,64,64,64,70,55,55,55,55,55,55,55,55,32,32,32,0],"gold":43,"neow_bonus":"TRANSFORM_CARD","is_prod":false,"is_daily":false,"chose_seed":false,"campfire_upgraded":5,"win_rate":0,"timestamp":1538673193,"path_taken":["M","?","?","?","M","R","E","?","T","M","M","?","$","M","R","BOSS","M","?","?","?","?","R","$","?","T","?","$","R","M","M","R","BOSS"],"build_version":"2018-09-27","purchased_purges":2,"victory":false,"max_hp_per_floor":[71,71,71,71,71,71,71,71,81,81,81,81,81,81,81,81,81,81,81,81,87,93,93,93,93,93,93,93,93,93,93,93,93],"card_choices":[{"not_picked":["Gash","Barrage"],"picked":"Ball Lightning","floor":1.0},{"not_picked":["Rebound","Reinforced Body"],"picked":"Defragment","floor":4.0},{"not_picked":["Turbo","Ball Lightning"],"picked":"Auto Shields","floor":5.0},{"not_picked":["Force Field","Lockon"],"picked":"Conserve Battery","floor":7.0},{"not_picked":["Redo","Gash","Skim"],"picked":"Buffer","floor":10.0},{"not_picked":["Barrage","Reprogram","Rebound"],"picked":"Redo","floor":11},{"not_picked":["Beam Cell","Chill","Double Energy"],"picked":"White Noise","floor":12},{"not_picked":["Gash","Steam Power","Blizzard"],"picked":"Beam Cell","floor":14},{"not_picked":["Rainbow","Biased Cognition","Core Surge"],"picked":"Electrodynamics","floor":16},{"not_picked":["Melter","Hologram","Double Energy"],"picked":"Streamline","floor":18},{"not_picked":["Go for the Eyes","Steam","Gash"],"picked":"Glacier","floor":20},{"not_picked":["Scrape","Gash","Sweeping Beam"],"picked":"Defragment","floor":30},{"not_picked":["Compile Driver","Fission","Ball Lightning","Genetic Algorithm"],"picked":"SKIP","floor":31}],"player_experience":793412,"relics_obtained":[{"floor":7.0,"key":"Question Card"},{"floor":9.0,"key":"Pear"},{"floor":22,"key":"Necronomicon"},{"floor":26,"key":"Ancient Tea Set"}],"event_choices":[{"event_name":"The Cleric","player_choice":"Healed","floor":2.0,"damage_taken":0.0},{"event_name":"The Woman in Blue","player_choice":"Bought 1 Potion","floor":3.0,"damage_taken":0.0},{"event_name":"Shining Light","player_choice":"Ignored","floor":8.0,"damage_taken":0.0},{"event_name":"Beggar","player_choice":"Ignored","floor":19,"damage_taken":0},{"event_name":"The Mausoleum","player_choice":"Yes","floor":21,"damage_taken":0},{"event_name":"Cursed Tome","player_choice":"Obtained Book","floor":22,"damage_taken":0},{"event_name":"Back to Basics","player_choice":"Elegance","floor":25,"damage_taken":0}],"is_beta":false,"boss_relics":[{"not_picked":["Black Star","Tiny House"],"picked":"Pandora\u0027s Box"}],"items_purged_floors":[13,24],"is_endless":false,"potions_floor_spawned":[5,10,11,14,16,30],"killed_by":"Collector","ascension_level":16}