{"gold_per_floor":[19,19,19,32,44,44,73,73,73,85,115,127,167,196,208,292,304,336,348],"floor_reached":19,"playtime":640,"items_purged":[],"score":310,"play_id":"f93ce27b-44cd-420d-b15f-5fd78e679bff","local_time":"20190520040208","is_ascension_mode":true,"campfire_choices":[{"data":"Conserve Battery","floor":6,"key":"SMITH"},{"data":"Tempest","floor":8,"key":"SMITH"},{"data":"Machine Learning","floor":10,"key":"SMITH"},{"floor":12,"key":"REST"},{"data":"Genetic Algorithm","floor":15,"key":"SMITH"}],"neow_cost":"NO_GOLD","seed_source_timestamp":535698135051700,"circlet_count":0,"master_deck":["AscendersBane","Zap+1","Dualcast","Reboot","Machine Learning+1","Conserve Battery+1","Tempest+1","Hologram","Ball Lightning","Gash","Genetic Algorithm+1","Beam Cell","Buffer","Consume","Static Discharge","Amplify","Electrodynamics","Recycle","Machine Learning","Auto Shields"],"relics":["Cracked Core","Cables","Smiling Mask","MawBank","Turnip","Pandora\u0027s Box"],"potions_floor_usage":[7,13,16,16],"damage_taken":[{"damage":5,"enemies":"Small Slimes","floor":1,"turns":3},{"damage":0,"enemies":"Cultist","floor":4,"turns":3},{"damage":0,"enemies":"Jaw Worm","floor":5,"turns":2},{"damage":22,"enemies":"3 Sentries","floor":7,"turns":6},{"damage":5,"enemies":"Large Slime","floor":11,"turns":4},{"damage":7,"enemies":"Gremlin Nob","floor":13,"turns":3},{"damage":12,"enemies":"Red Slaver","floor":14,"turns":3},{"damage":29,"enemies":"Hexaghost","floor":16,"turns":10},{"damage":5,"enemies":"3 Byrds","floor":18,"turns":3},{"damage":52,"enemies":"Colosseum Slavers","floor":19,"turns":4}],"seed_played":"-2451631317366541078","potions_obtained":[{"floor":4,"key":"Regen Potion"},{"floor":5,"key":"SneckoOil"},{"floor":11,"key":"FearPotion"},{"floor":13,"key":"PowerPotion"}],"is_trial":false,"path_per_floor":["M","?","?","M","M","R","E","R","T","R","M","R","E","M","R","B",null,"M","?"],"character_chosen":"DEFECT","items_purchased":[],"campfire_rested":1,"item_purchase_floors":[],"current_hp_per_floor":[59,41,41,41,41,41,34,34,34,34,29,50,43,31,31,2,54,49,0],"gold":348,"neow_bonus":"TRANSFORM_TWO_CARDS","is_prod":false,"is_daily":false,"chose_seed":false,"campfire_upgraded":4,"win_rate":0,"timestamp":1558317728,"path_taken":["M","?","?","M","M","R","E","R","T","R","?","R","E","M","R","BOSS","M","?"],"build_version":"2019-01-23","purchased_purges":0,"victory":false,"max_hp_per_floor":[71,71,71,71,71,71,71,71,71,71,71,71,71,71,71,71,71,71,71],"card_choices":[{"not_picked":["Cold Snap","Streamline"],"picked":"Conserve Battery","floor":1},{"not_picked":["Beam Cell","Reprogram"],"picked":"Tempest","floor":4},{"not_picked":["Redo","Sweeping Beam"],"picked":"Hologram","floor":5},{"not_picked":["Steam","Heatsinks"],"picked":"Ball Lightning","floor":7},{"not_picked":["Redo","Reboot"],"picked":"Gash","floor":11},{"not_picked":["Glacier","Capacitor"],"picked":"Genetic Algorithm","floor":13},{"not_picked":["Blizzard","Rip and Tear"],"picked":"Beam Cell","floor":14},{"not_picked":["Thunder Strike","Seek"],"picked":"Buffer","floor":16},{"not_picked":["Streamline","Steam"],"picked":"Auto Shields","floor":18}],"player_experience":1170240,"relics_obtained":[{"floor":7,"key":"Smiling Mask"},{"floor":9,"key":"MawBank"},{"floor":13,"key":"Turnip"}],"event_choices":[{"damage_healed":0,"gold_gain":0,"player_choice":"Success","damage_taken":18,"relics_obtained":["Cables"],"max_hp_gain":0,"max_hp_loss":0,"event_name":"Scrap Ooze","floor":2,"gold_loss":0},{"damage_healed":0,"gold_gain":0,"player_choice":"Upgraded","damage_taken":0,"max_hp_gain":0,"max_hp_loss":0,"event_name":"Upgrade Shrine","floor":3,"gold_loss":0,"cards_upgraded":["Zap"]},{"damage_healed":0,"gold_gain":0,"player_choice":"Fight","damage_taken":0,"max_hp_gain":0,"max_hp_loss":0,"event_name":"Colosseum","floor":19,"gold_loss":0}],"is_beta":false,"boss_relics":[{"not_picked":["Coffee Dripper","Black Star"],"picked":"Pandora\u0027s Box"}],"items_purged_floors":[],"is_endless":false,"potions_floor_spawned":[4,5,11,13],"killed_by":"Colosseum Slavers","ascension_level":15}