{"gold_per_floor":[115,129,146,221,221,249,249,278,278,278,290,290,290,318,318,318],"floor_reached":16,"playtime":883,"items_purged":[],"score":200,"play_id":"a44b87b4-8022-4a4e-9df3-5bb9ff6d1dbf","local_time":"20190706154122","is_ascension_mode":true,"campfire_choices":[{"data":"Armaments","floor":7,"key":"SMITH"},{"data":"Metallicize","floor":10,"key":"SMITH"},{"data":"Bash","floor":12,"key":"SMITH"},{"data":"Demon Form","floor":15,"key":"SMITH"}],"neow_cost":"NONE","seed_source_timestamp":22036099732000,"circlet_count":0,"master_deck":["AscendersBane","Strike_R","Strike_R","Strike_R","Strike_R","Strike_R","Defend_R","Defend_R","Defend_R","Defend_R","Bash+1","Bludgeon+1","Shockwave","Iron Wave","Headbutt","Armaments+1","Metallicize+1","Clothesline","Demon Form+1"],"relics":["Burning Blood","Kunai","Singing Bowl","Letter Opener","Odd Mushroom"],"potions_floor_usage":[6,8],"damage_taken":[{"damage":0,"enemies":"Cultist","floor":1,"turns":2},{"damage":8,"enemies":"2 Louse","floor":2,"turns":3},{"damage":12,"enemies":"Jaw Worm","floor":3,"turns":3},{"damage":20,"enemies":"3 Sentries","floor":6,"turns":6},{"damage":18,"enemies":"Gremlin Nob","floor":8,"turns":4},{"damage":0,"enemies":"2 Fungi Beasts","floor":11,"turns":5},{"damage":19,"enemies":"The Mushroom Lair","floor":14,"turns":5},{"damage":32,"enemies":"Slime Boss","floor":16,"turns":7}],"seed_played":"3676753870218802419","potions_obtained":[{"floor":1,"key":"SteroidPotion"},{"floor":3,"key":"Weak Potion"},{"floor":11,"key":"Dexterity Potion"}],"is_trial":false,"path_per_floor":["M","M","M","?","?","E","R","E","T","R","M","R","?","?","R","B"],"character_chosen":"IRONCLAD","items_purchased":[],"campfire_rested":0,"item_purchase_floors":[],"current_hp_per_floor":[74,72,66,55,55,41,41,29,29,29,35,35,35,22,22,0],"gold":318,"neow_bonus":"ONE_RANDOM_RARE_CARD","is_prod":false,"is_daily":false,"chose_seed":false,"campfire_upgraded":4,"win_rate":0,"timestamp":1562420482,"path_taken":["M","M","?","?","?","E","R","E","T","R","M","R","?","?","R","BOSS"],"build_version":"2019-07-05","purchased_purges":0,"victory":false,"max_hp_per_floor":[75,75,75,75,75,75,75,75,75,75,75,75,75,75,75,75],"card_choices":[{"not_picked":["Rampage","Reckless Charge"],"picked":"Shockwave","floor":1},{"not_picked":["Rupture","Heavy Blade"],"picked":"Iron Wave","floor":2},{"not_picked":["Twin Strike","Clash"],"picked":"Headbutt","floor":3},{"not_picked":["Heavy Blade","Warcry"],"picked":"Armaments","floor":6},{"not_picked":["Dual Wield","Armaments"],"picked":"Metallicize","floor":8},{"not_picked":["Dropkick","Sentinel"],"picked":"Clothesline","floor":11},{"not_picked":["Anger","Fire Breathing"],"picked":"Demon Form","floor":14}],"player_experience":1622140,"relics_obtained":[{"floor":6,"key":"Kunai"},{"floor":8,"key":"Singing Bowl"},{"floor":9,"key":"Letter Opener"},{"floor":14,"key":"Odd Mushroom"}],"event_choices":[{"damage_healed":0,"gold_gain":75,"player_choice":"Gather Gold","damage_taken":11,"max_hp_gain":0,"max_hp_loss":0,"event_name":"World of Goop","floor":4,"gold_loss":0},{"damage_healed":0,"gold_gain":0,"player_choice":"Ignored","damage_taken":0,"max_hp_gain":0,"max_hp_loss":0,"event_name":"Liars Game","floor":5,"gold_loss":0},{"damage_healed":0,"gold_gain":0,"player_choice":"Grow","damage_taken":0,"max_hp_gain":0,"max_hp_loss":0,"event_name":"Living Wall","floor":13,"gold_loss":0,"cards_upgraded":["Bludgeon"]},{"damage_healed":0,"gold_gain":0,"player_choice":"Fought Mushrooms","damage_taken":0,"max_hp_gain":0,"max_hp_loss":0,"event_name":"Mushrooms","floor":14,"gold_loss":0}],"is_beta":false,"boss_relics":[],"items_purged_floors":[],"is_endless":false,"potions_floor_spawned":[1,3,11],"killed_by":"Slime Boss","ascension_level":17}