{"gold_per_floor":[119,44,62,10,24,24,54,68,93,108,108,33,33,33,33,124,124,148,161,161,86,86,86,86],"floor_reached":24,"playtime":676,"items_purged":["Strike_B"],"score":365,"play_id":"bf234c94-371e-4c97-80fd-482e8a664836","local_time":"20190518002659","is_ascension_mode":true,"campfire_choices":[{"data":"Zap","floor":6,"key":"SMITH"},{"data":"Auto Shields","floor":11,"key":"SMITH"},{"data":"Chaos","floor":13,"key":"SMITH"},{"data":"Sweeping Beam","floor":15,"key":"SMITH"},{"data":"Echo Form","floor":23,"key":"SMITH"}],"neow_cost":"NONE","seed_source_timestamp":349956258331500,"circlet_count":0,"master_deck":["AscendersBane","Defend_B","Defend_B","Zap+1","Dualcast","Ball Lightning","Cold Snap","Leap","Self Repair","Auto Shields+1","Sweeping Beam+1","Chaos+1","Echo Form+1","Melter+1","Darkness+1","Seek+1","Hologram","Steam","Bite","Bite","Bite","Bite","Bite"],"relics":["Cracked Core","Potion Belt","Lantern","Golden Idol","Astrolabe"],"potions_floor_usage":[19,24],"damage_taken":[{"damage":0,"enemies":"2 Louse","floor":1,"turns":2},{"damage":4,"enemies":"Small Slimes","floor":3,"turns":3},{"damage":0,"enemies":"Jaw Worm","floor":5,"turns":3},{"damage":37,"enemies":"3 Sentries","floor":7,"turns":8},{"damage":7,"enemies":"3 Louse","floor":8,"turns":4},{"damage":16,"enemies":"Exordium Wildlife","floor":10,"turns":4},{"damage":17,"enemies":"Slime Boss","floor":16,"turns":7},{"damage":0,"enemies":"Spheric Guardian","floor":18,"turns":1},{"damage":26,"enemies":"2 Thieves","floor":19,"turns":4},{"damage":49,"enemies":"Book of Stabbing","floor":24,"turns":6}],"seed_played":"-831563818820900200","potions_obtained":[{"floor":1,"key":"Ancient Potion"},{"floor":16,"key":"Dexterity Potion"},{"floor":19,"key":"Dexterity Potion"}],"is_trial":false,"path_per_floor":["M","?","M","$","M","R","E","M","T","M","R","$","R","?","R","B",null,"M","M","?","?","?","R","E"],"character_chosen":"DEFECT","items_purchased":["Leap"],"campfire_rested":0,"item_purchase_floors":[4],"current_hp_per_floor":[71,71,67,67,67,67,37,37,37,28,28,28,28,28,28,18,63,63,44,44,44,44,44,0],"gold":86,"neow_bonus":"TEN_PERCENT_HP_BONUS","is_prod":false,"is_daily":false,"chose_seed":false,"campfire_upgraded":5,"win_rate":0,"timestamp":1558132019,"path_taken":["M","?","M","$","M","R","E","M","T","M","R","$","R","?","R","BOSS","M","M","?","?","?","R","E"],"build_version":"2019-01-23","purchased_purges":1,"victory":false,"max_hp_per_floor":[78,78,78,78,78,78,78,78,78,78,78,78,78,78,78,78,78,78,78,78,78,54,54,54],"card_choices":[{"not_picked":["Hello World","Conserve Battery"],"picked":"Ball Lightning","floor":1},{"not_picked":["Genetic Algorithm","Streamline"],"picked":"Cold Snap","floor":3},{"not_picked":["Sweeping Beam","Compile Driver"],"picked":"Self Repair","floor":5},{"not_picked":["Streamline","Genetic Algorithm"],"picked":"Auto Shields","floor":7},{"not_picked":["Leap","Skim"],"picked":"Sweeping Beam","floor":8},{"not_picked":["Steam","Darkness"],"picked":"Chaos","floor":10},{"not_picked":["Thunder Strike","Fission"],"picked":"Echo Form","floor":16},{"not_picked":["Gash","Turbo"],"picked":"Hologram","floor":18},{"not_picked":["Turbo","Gash"],"picked":"Steam","floor":19}],"player_experience":1137344,"relics_obtained":[{"floor":7,"key":"Potion Belt"},{"floor":9,"key":"Lantern"}],"event_choices":[{"cards_removed":["Strike_B"],"damage_healed":0,"gold_gain":0,"player_choice":"Card Removal","damage_taken":0,"max_hp_gain":0,"max_hp_loss":0,"event_name":"The Cleric","floor":2,"gold_loss":75},{"damage_healed":0,"gold_gain":0,"player_choice":"Take Wound","damage_taken":0,"relics_obtained":["Golden Idol"],"max_hp_gain":0,"max_hp_loss":0,"event_name":"Golden Idol","floor":14,"gold_loss":0,"cards_obtained":["Injury"]},{"cards_removed":["Injury"],"damage_healed":0,"gold_gain":0,"player_choice":"Elegance","damage_taken":0,"max_hp_gain":0,"max_hp_loss":0,"event_name":"Back to Basics","floor":20,"gold_loss":0},{"cards_removed":["Defend_B"],"damage_healed":0,"gold_gain":0,"player_choice":"Gave Gold","damage_taken":0,"max_hp_gain":0,"max_hp_loss":0,"event_name":"Beggar","floor":21,"gold_loss":75},{"damage_healed":0,"gold_gain":0,"player_choice":"Became a vampire","damage_taken":0,"max_hp_gain":0,"max_hp_loss":24,"event_name":"Vampires","floor":22,"gold_loss":0,"cards_obtained":["Bite","Bite","Bite","Bite","Bite"]}],"is_beta":false,"boss_relics":[{"not_picked":["Fusion Hammer","Runic Dome"],"picked":"Astrolabe"}],"items_purged_floors":[12],"is_endless":false,"potions_floor_spawned":[1,16,19],"killed_by":"Book of Stabbing","ascension_level":15}