{"gold_per_floor":[216,228,240,15,15,26,26,57,57,57,73,73,248,261,261,361,361,372,389,304,304],"floor_reached":21,"playtime":834,"items_purged":["Strike_R"],"score":290,"play_id":"2fddb196-1325-4735-b920-233e559d733c","local_time":"20190220195543","is_ascension_mode":true,"campfire_choices":[{"data":"Bash","floor":7,"key":"SMITH"},{"data":"Evolve","floor":10,"key":"SMITH"},{"data":"Spot Weakness","floor":12,"key":"SMITH"},{"floor":15,"key":"REST"}],"neow_cost":"NONE","seed_source_timestamp":58172665166500,"circlet_count":0,"master_deck":["AscendersBane","Strike_R","Strike_R","Strike_R","Strike_R","Defend_R","Defend_R","Defend_R","Defend_R","Bash+1","Shrug It Off","Spot Weakness+1","Iron Wave","Anger","Evolve+1","Shockwave","Doubt","Sever Soul","Feed","True Grit","Bloodletting"],"relics":["Burning Blood","Potion Belt","Torii","Bottled Tornado","Snecko Eye","Mercury Hourglass"],"potions_floor_usage":[8,8,8,16,19,21],"damage_taken":[{"damage":11,"enemies":"Cultist","floor":1,"turns":4},{"damage":0,"enemies":"2 Louse","floor":2,"turns":3},{"damage":15,"enemies":"Jaw Worm","floor":3,"turns":4},{"damage":11,"enemies":"Exordium Wildlife","floor":6,"turns":6},{"damage":35,"enemies":"Lagavulin","floor":8,"turns":5},{"damage":11,"enemies":"Looter","floor":11,"turns":3},{"damage":16,"enemies":"3 Louse","floor":14,"turns":5},{"damage":31,"enemies":"Slime Boss","floor":16,"turns":8},{"damage":25,"enemies":"Chosen","floor":18,"turns":5},{"damage":29,"enemies":"Shell Parasite","floor":19,"turns":7},{"damage":30,"enemies":"Shelled Parasite and Fungi","floor":21,"turns":4}],"seed_played":"3913797733725452630","potions_obtained":[{"floor":1,"key":"SneckoOil"},{"floor":3,"key":"GamblersBrew"},{"floor":6,"key":"Swift Potion"},{"floor":14,"key":"Regen Potion"},{"floor":18,"key":"Energy Potion"},{"floor":19,"key":"SkillPotion"}],"is_trial":false,"path_per_floor":["M","M","M","$","$","M","R","E","T","R","M","R","?","M","R","B",null,"M","M","?","M"],"character_chosen":"IRONCLAD","items_purchased":["Potion Belt"],"campfire_rested":1,"item_purchase_floors":[4],"current_hp_per_floor":[67,73,64,64,64,59,59,30,30,30,25,25,25,15,39,29,67,48,28,28,0],"gold":304,"neow_bonus":"HUNDRED_GOLD","is_prod":false,"is_daily":false,"chose_seed":false,"campfire_upgraded":3,"win_rate":0,"timestamp":1550688943,"path_taken":["M","M","?","?","$","M","R","E","T","R","M","R","?","?","R","BOSS","M","M","?","M"],"build_version":"2019-01-23","purchased_purges":1,"victory":false,"max_hp_per_floor":[80,80,80,80,80,80,80,80,80,80,80,80,80,80,80,80,80,80,83,83,83],"card_choices":[{"not_picked":["Dropkick","Flex"],"picked":"Shrug It Off","floor":1},{"not_picked":["Sword Boomerang","Carnage"],"picked":"Spot Weakness","floor":2},{"not_picked":["Body Slam","Combust"],"picked":"Iron Wave","floor":3},{"not_picked":["Exhume","Clash"],"picked":"Anger","floor":6},{"not_picked":["Entrench","Disarm"],"picked":"Evolve","floor":8},{"not_picked":["Combust","Dual Wield"],"picked":"Shockwave","floor":11},{"not_picked":["Pommel Strike","Metallicize"],"picked":"Sever Soul","floor":14},{"not_picked":["Brutality","Demon Form"],"picked":"Feed","floor":16},{"not_picked":["Cleave","Bloodletting"],"picked":"True Grit","floor":18},{"not_picked":["Clothesline+1","Twin Strike"],"picked":"Bloodletting","floor":19}],"player_experience":814484,"relics_obtained":[{"floor":8,"key":"Torii"},{"floor":9,"key":"Bottled Tornado"}],"event_choices":[{"damage_healed":0,"gold_gain":175,"player_choice":"AGREE","damage_taken":0,"max_hp_gain":0,"max_hp_loss":0,"event_name":"Liars Game","floor":13,"gold_loss":0,"cards_obtained":["Doubt"]},{"damage_healed":0,"gold_gain":0,"player_choice":"Obtained Relic","damage_taken":0,"relics_obtained":["Mercury Hourglass"],"max_hp_gain":0,"max_hp_loss":0,"event_name":"Addict","floor":20,"gold_loss":85}],"is_beta":false,"boss_relics":[{"not_picked":["Runic Dome","Black Star"],"picked":"Snecko Eye"}],"items_purged_floors":[4],"is_endless":false,"potions_floor_spawned":[1,3,6,14,18,19],"killed_by":"Shelled Parasite and Fungi","ascension_level":12}