{"gold_per_floor":[10,10,10,34,53,53,72,86,86,111,111,125,125,200,200,289,289,313,313,92,113,113,126,126],"floor_reached":24,"playtime":1260,"items_purged":["Defend_B"],"score":361,"play_id":"45ce76b3-0dc0-420e-9917-57ccc37ea7c4","local_time":"20190815025851","is_ascension_mode":true,"campfire_choices":[{"data":"Genetic Algorithm","floor":6.0,"key":"SMITH"},{"data":"Echo Form","floor":11.0,"key":"SMITH"},{"data":"Consume","floor":13.0,"key":"SMITH"},{"floor":15.0,"key":"REST"}],"neow_cost":"NO_GOLD","seed_source_timestamp":78187603913900,"circlet_count":0,"master_deck":["AscendersBane","Strike_B","Strike_B","Defend_B","Defend_B","Defend_B","Zap+1","Dualcast","Genetic Algorithm+1","Consume+1","Conserve Battery","Injury","Leap","Self Repair","Static Discharge","Gash","Echo Form+1","Glacier","Rainbow","Cold Snap","Gash","Capacitor","Gash","Hologram","Force Field"],"special_seed":0,"relics":["Cracked Core","Golden Idol","Du-Vu Doll","Cursed Key"],"potions_floor_usage":[24],"damage_taken":[{"damage":4.0,"enemies":"Small Slimes","floor":1.0,"turns":4.0},{"damage":5.0,"enemies":"Jaw Worm","floor":4.0,"turns":5.0},{"damage":0.0,"enemies":"Cultist","floor":5.0,"turns":3.0},{"damage":5.0,"enemies":"3 Louse","floor":7.0,"turns":4.0},{"damage":23.0,"enemies":"Gremlin Gang","floor":8.0,"turns":5.0},{"damage":18.0,"enemies":"Exordium Wildlife","floor":10.0,"turns":5.0},{"damage":0.0,"enemies":"2 Fungi Beasts","floor":12.0,"turns":4.0},{"damage":40.0,"enemies":"Slime Boss","floor":16.0,"turns":14.0},{"damage":6.0,"enemies":"Chosen","floor":18.0,"turns":6.0},{"damage":34,"enemies":"3 Byrds","floor":21,"turns":5},{"damage":13,"enemies":"Snecko","floor":23,"turns":5},{"damage":27,"enemies":"Gremlin Leader","floor":24,"turns":4}],"seed_played":"5658885291168871989","potions_obtained":[{"floor":7.0,"key":"FocusPotion"},{"floor":10.0,"key":"Block Potion"},{"floor":18.0,"key":"FocusPotion"}],"is_trial":false,"path_per_floor":["M","?","?","M","M","R","M","M","T","M","R","M","R","?","R","B",null,"M","?","$","M","?","M","E"],"character_chosen":"DEFECT","items_purchased":["Capacitor","Gash"],"campfire_rested":1,"item_purchase_floors":[20,20],"current_hp_per_floor":[60,60,60,55,55,55,57,41,41,30,30,44,44,33,54,21,59,53,53,53,33,33,20,0],"gold":126,"neow_bonus":"TRANSFORM_TWO_CARDS","is_prod":false,"is_daily":false,"chose_seed":false,"campfire_upgraded":3,"win_rate":0,"timestamp":1565830731,"path_taken":["M","?","?","M","M","R","M","M","T","M","R","?","R","?","R","BOSS","M","?","$","M","?","M","E"],"build_version":"2019-07-17","purchased_purges":1,"victory":false,"max_hp_per_floor":[71,71,71,71,71,71,71,71,71,71,71,71,71,71,71,71,71,71,71,71,71,71,71,71],"card_choices":[{"not_picked":["Compile Driver","Gash"],"picked":"Conserve Battery","floor":1.0},{"not_picked":["Steam Power","Glacier"],"picked":"Leap","floor":4.0},{"not_picked":["Undo","Steam Power"],"picked":"Self Repair","floor":5.0},{"not_picked":["Heatsinks","Leap"],"picked":"Static Discharge","floor":7.0},{"not_picked":["Sweeping Beam","Double Energy"],"picked":"Gash","floor":8.0},{"not_picked":["Skim","Storm"],"picked":"Echo Form","floor":10.0},{"not_picked":["Ball Lightning","Loop"],"picked":"Glacier","floor":12.0},{"not_picked":["Electrodynamics","Multi-Cast"],"picked":"Rainbow","floor":16.0},{"not_picked":["Blizzard","Rebound"],"picked":"Cold Snap","floor":18.0},{"not_picked":["Rebound","Stack"],"picked":"Hologram","floor":21},{"not_picked":["Consume","Barrage"],"picked":"Force Field","floor":23}],"player_experience":1906730,"relics_obtained":[{"floor":9.0,"key":"Du-Vu Doll"}],"event_choices":[{"damage_healed":0.0,"max_hp_gain":0.0,"max_hp_loss":0.0,"gold_gain":0.0,"event_name":"Golden Idol","player_choice":"Take Wound","floor":2.0,"gold_loss":0.0,"damage_taken":0.0,"relics_obtained":["Golden Idol"],"cards_obtained":["Injury"]},{"damage_healed":0.0,"max_hp_gain":0.0,"max_hp_loss":0.0,"gold_gain":0.0,"event_name":"Upgrade Shrine","player_choice":"Upgraded","floor":3.0,"gold_loss":0.0,"damage_taken":0.0,"cards_upgraded":["Zap"]},{"damage_healed":0.0,"max_hp_gain":0.0,"max_hp_loss":0.0,"gold_gain":75.0,"event_name":"World of Goop","player_choice":"Gather Gold","floor":14.0,"gold_loss":0.0,"damage_taken":11.0},{"damage_healed":0.0,"max_hp_gain":0.0,"max_hp_loss":0.0,"gold_gain":0.0,"event_name":"The Library","player_choice":"Read","floor":19.0,"gold_loss":0.0,"damage_taken":0.0,"cards_obtained":["Gash"]},{"damage_healed":0,"gold_gain":0,"player_choice":"Ignored","damage_taken":0,"max_hp_gain":0,"max_hp_loss":0,"event_name":"N\u0027loth","floor":22,"gold_loss":0}],"is_beta":false,"boss_relics":[{"not_picked":["Coffee Dripper","Tiny House"],"picked":"Cursed Key"}],"items_purged_floors":[20],"is_endless":false,"potions_floor_spawned":[7,10,12,18],"killed_by":"Gremlin Leader","ascension_level":18}