{"gold_per_floor":[368,380,58,58,77,107,182,182,182,182,182],"floor_reached":11,"playtime":374,"items_purged":["Strike_G"],"score":114,"play_id":"d6c14b19-5bb4-4277-ba6d-18b674a25942","local_time":"20190224022914","is_ascension_mode":true,"campfire_choices":[{"floor":8,"key":"REST"},{"data":"Panache","floor":10,"key":"SMITH"}],"neow_cost":"PERCENT_DAMAGE","seed_source_timestamp":341451711921200,"circlet_count":0,"master_deck":["AscendersBane","Defend_G","Defend_G","Defend_G","Defend_G","Defend_G","Strike_G","Strike_G","Strike_G","Strike_G","Survivor","Neutralize","Escape Plan","Cloak And Dagger","Panache+1","Footwork","Backflip","Distraction"],"relics":["Ring of the Snake","Bottled Tornado","Pocketwatch"],"potions_floor_usage":[6,6],"damage_taken":[{"damage":0,"enemies":"Cultist","floor":1,"turns":4},{"damage":1,"enemies":"Jaw Worm","floor":2,"turns":8},{"damage":0,"enemies":"2 Louse","floor":5,"turns":3},{"damage":37,"enemies":"Lagavulin","floor":6,"turns":16},{"damage":49,"enemies":"Gremlin Nob","floor":11,"turns":5}],"seed_played":"5089990810863683625","potions_obtained":[{"floor":1,"key":"SpeedPotion"},{"floor":2,"key":"Regen Potion"}],"is_trial":false,"path_per_floor":["M","M","$","?","M","E","?","R","T","R","E"],"character_chosen":"THE_SILENT","items_purchased":["Panache","Footwork"],"campfire_rested":1,"item_purchase_floors":[3,3],"current_hp_per_floor":[45,44,44,49,49,27,16,38,38,38,0],"gold":182,"neow_bonus":"TWO_FIFTY_GOLD","is_prod":false,"is_daily":false,"chose_seed":false,"campfire_upgraded":1,"win_rate":0,"timestamp":1550971754,"path_taken":["M","?","$","?","M","E","?","R","T","R","E"],"build_version":"2019-01-23","purchased_purges":1,"victory":false,"max_hp_per_floor":[70,70,70,75,75,75,75,75,75,75,75],"card_choices":[{"not_picked":["Acrobatics","Deadly Poison"],"picked":"Escape Plan","floor":1},{"not_picked":["Dagger Throw","Poisoned Stab"],"picked":"Cloak And Dagger","floor":2},{"not_picked":["Bane","Night Terror"],"picked":"Backflip","floor":5},{"not_picked":["Outmaneuver","Setup"],"picked":"Distraction","floor":6}],"player_experience":843616,"relics_obtained":[{"floor":6,"key":"Bottled Tornado"},{"floor":9,"key":"Pocketwatch"}],"event_choices":[{"damage_healed":0,"gold_gain":0,"player_choice":"Donut","damage_taken":0,"max_hp_gain":5,"max_hp_loss":0,"event_name":"Big Fish","floor":4,"gold_loss":0},{"damage_healed":0,"gold_gain":75,"player_choice":"Gather Gold","damage_taken":11,"max_hp_gain":0,"max_hp_loss":0,"event_name":"World of Goop","floor":7,"gold_loss":0}],"is_beta":false,"boss_relics":[],"items_purged_floors":[3],"is_endless":false,"potions_floor_spawned":[1,2],"killed_by":"Gremlin Nob","ascension_level":12}