{"gold_per_floor":[114,114,127,142,13,13,26,26,107,138,162,174,207,218,218,290,290,305,162,107,118,137,137,137,137,162,196,196,8,8,8],"floor_reached":31,"playtime":6974,"items_purged":["Strike_R","Sever Soul"],"score":512,"play_id":"74957964-0a65-40ab-a197-0020988b1309","local_time":"20190716212112","is_ascension_mode":true,"campfire_choices":[{"data":"Pommel Strike","floor":6.0,"key":"SMITH"},{"data":"Metallicize","floor":15,"key":"SMITH"},{"floor":23,"key":"REST"}],"neow_cost":"NONE","seed_source_timestamp":0,"circlet_count":0,"master_deck":["AscendersBane","Bash+1","Anger","Pommel Strike+1","Anger","Second Wind","Anger","Power Through","Anger","Evolve","Metallicize+1","Juggernaut","Sever Soul","Offering+1","Impervious","Seeing Red+1","Feed","Dark Embrace","Clash","Body Slam","Feel No Pain","Inflame","Iron Wave","Writhe","Seeing Red+1","Magnetism"],"special_seed":0,"relics":["Burning Blood","Ornamental Fan","Anchor","Odd Mushroom","Gambling Chip","Pandora\u0027s Box","Tiny Chest","Kunai","Meat on the Bone","War Paint","Bottled Tornado"],"potions_floor_usage":[16,22,27,27],"damage_taken":[{"damage":7.0,"enemies":"Cultist","floor":1.0,"turns":4.0},{"damage":4.0,"enemies":"Jaw Worm","floor":3.0,"turns":3.0},{"damage":0.0,"enemies":"2 Louse","floor":4.0,"turns":2.0},{"damage":1.0,"enemies":"2 Fungi Beasts","floor":7.0,"turns":3.0},{"damage":12.0,"enemies":"3 Sentries","floor":10.0,"turns":7.0},{"damage":0.0,"enemies":"The Mushroom Lair","floor":11.0,"turns":3.0},{"damage":3.0,"enemies":"Blue Slaver","floor":12.0,"turns":3.0},{"damage":12.0,"enemies":"Lagavulin","floor":13.0,"turns":6.0},{"damage":9.0,"enemies":"Large Slime","floor":14.0,"turns":5.0},{"damage":10,"enemies":"Slime Boss","floor":16,"turns":6},{"damage":32,"enemies":"3 Byrds","floor":18,"turns":4},{"damage":0,"enemies":"Chosen","floor":21,"turns":3},{"damage":39,"enemies":"Snecko","floor":22,"turns":6},{"damage":41,"enemies":"Slavers","floor":27,"turns":6},{"damage":18,"enemies":"Colosseum Slavers","floor":28,"turns":2},{"damage":29,"enemies":"3 Cultists","floor":31,"turns":3}],"seed_played":"5032696489524727139","potions_obtained":[{"floor":1.0,"key":"SteroidPotion"},{"floor":7.0,"key":"Energy Potion"},{"floor":10.0,"key":"Dexterity Potion"},{"floor":14,"key":"Energy Potion"},{"floor":16,"key":"SpeedPotion"},{"floor":18,"key":"SneckoOil"},{"floor":22,"key":"BloodPotion"}],"is_trial":false,"path_per_floor":["M","?","M","M","$","R","M","?","T","E","?","M","E","M","R","B",null,"M","$","?","M","M","R","?","T","T","E","?","$","?","M"],"character_chosen":"IRONCLAD","items_purchased":["Strength Potion","Feel No Pain","Magnetism"],"campfire_rested":1,"item_purchase_floors":[5,19,29],"current_hp_per_floor":[67,44,46,52,52,52,57,62,62,56,62,65,59,56,56,52,73,50,50,50,56,23,47,47,47,47,47,50,50,24,0],"gold":8,"neow_bonus":"UPGRADE_CARD","is_prod":false,"is_daily":false,"chose_seed":false,"campfire_upgraded":2,"win_rate":0,"timestamp":1563304872,"path_taken":["M","?","M","M","$","R","M","?","T","E","?","M","E","M","R","BOSS","M","$","?","M","M","R","?","?","T","E","?","$","?","?"],"build_version":"2019-07-05","purchased_purges":2,"victory":false,"max_hp_per_floor":[75,75,75,75,75,75,75,80,80,80,80,80,80,80,80,80,80,83,83,83,83,83,83,83,83,83,86,89,89,94,94],"card_choices":[{"not_picked":["Carnage","Cleave"],"picked":"Anger","floor":1.0},{"not_picked":["Clash","Rage"],"picked":"Pommel Strike","floor":3.0},{"not_picked":["Pommel Strike","Rupture"],"picked":"Anger","floor":4.0},{"not_picked":["Sword Boomerang","Dual Wield"],"picked":"Second Wind","floor":7.0},{"not_picked":["Ghostly Armor","Seeing Red"],"picked":"Anger","floor":10.0},{"not_picked":["Shrug It Off","Infernal Blade"],"picked":"Power Through","floor":11.0},{"not_picked":["Ghostly Armor","Warcry"],"picked":"Anger","floor":12.0},{"not_picked":["Pommel Strike","Inflame"],"picked":"Evolve","floor":13.0},{"not_picked":["Twin Strike","Sword Boomerang"],"picked":"Metallicize","floor":14},{"not_picked":["Impervious","Berserk"],"picked":"Juggernaut","floor":16},{"not_picked":["Pommel Strike+1","Shrug It Off"],"picked":"Body Slam","floor":18},{"not_picked":["Pommel Strike+1","Perfected Strike"],"picked":"Inflame","floor":21},{"not_picked":["Flex","Havoc"],"picked":"Iron Wave","floor":22},{"not_picked":["Pommel Strike","Havoc"],"picked":"Seeing Red+1","floor":27}],"player_experience":1652206,"relics_obtained":[{"floor":9.0,"key":"Ornamental Fan"},{"floor":10.0,"key":"Anchor"},{"floor":11.0,"key":"Odd Mushroom"},{"floor":13.0,"key":"Gambling Chip"},{"floor":25,"key":"Meat on the Bone"},{"floor":26,"key":"War Paint"},{"floor":27,"key":"Bottled Tornado"}],"event_choices":[{"damage_healed":0.0,"max_hp_gain":0.0,"max_hp_loss":0.0,"gold_gain":0.0,"event_name":"Shining Light","player_choice":"Entered Light","floor":2.0,"gold_loss":0.0,"damage_taken":23.0,"cards_upgraded":["Strike_R","Strike_R"]},{"damage_healed":0.0,"max_hp_gain":5.0,"max_hp_loss":0.0,"gold_gain":0.0,"event_name":"Big Fish","player_choice":"Donut","floor":8.0,"gold_loss":0.0,"damage_taken":0.0},{"damage_healed":0.0,"max_hp_gain":0.0,"max_hp_loss":0.0,"gold_gain":0.0,"event_name":"Mushrooms","player_choice":"Fought Mushrooms","floor":11.0,"gold_loss":0.0,"damage_taken":0.0},{"damage_healed":0,"gold_gain":0,"player_choice":"Obtained Relic","damage_taken":0,"relics_obtained":["Tiny Chest"],"max_hp_gain":0,"max_hp_loss":0,"event_name":"Addict","floor":20,"gold_loss":85},{"damage_healed":0,"gold_gain":0,"player_choice":"Opened","damage_taken":0,"relics_obtained":["Kunai"],"max_hp_gain":0,"max_hp_loss":0,"event_name":"The Mausoleum","floor":24,"gold_loss":0,"cards_obtained":["Writhe"]},{"damage_healed":0,"gold_gain":0,"player_choice":"Fight","damage_taken":0,"max_hp_gain":0,"max_hp_loss":0,"event_name":"Colosseum","floor":28,"gold_loss":0},{"damage_healed":0,"gold_gain":0,"player_choice":"Fled From Nobs","damage_taken":0,"max_hp_gain":0,"max_hp_loss":0,"event_name":"Colosseum","floor":28,"gold_loss":0},{"damage_healed":0,"gold_gain":0,"player_choice":"Shed Blood","damage_taken":31,"max_hp_gain":5,"max_hp_loss":0,"event_name":"Forgotten Altar","floor":30,"gold_loss":0}],"is_beta":false,"boss_relics":[{"not_picked":["Coffee Dripper","Cursed Key"],"picked":"Pandora\u0027s Box"}],"items_purged_floors":[5,19],"is_endless":false,"potions_floor_spawned":[1,7,10,14,16,18,22],"killed_by":"3 Cultists","ascension_level":17}