{"gold_per_floor":[117,392,93,43,218,218,247,247,247,263,90,107,142,162,162,264,264,276,276,70,82,96,96],"floor_reached":23,"playtime":1504,"items_purged":["Regret","Doubt","Strike_G"],"score":336,"play_id":"6fb26ab3-ec4e-4a6b-a1e2-85e08646f81d","local_time":"20180825213851","is_ascension_mode":true,"campfire_choices":[{"data":"Neutralize","floor":6,"key":"SMITH"},{"data":"Terror","floor":8,"key":"SMITH"},{"data":"Footwork","floor":15,"key":"SMITH"}],"neow_cost":"NONE","seed_source_timestamp":642675832627936,"circlet_count":0,"master_deck":["Defend_G","Defend_G","Defend_G","Defend_G","Defend_G","Strike_G","Strike_G","Strike_G","Survivor","Neutralize+1","AscendersBane","Terror+1","Blur","Flying Knee","Footwork+1","Caltrops","Malaise","Cloak And Dagger","Malaise","Dash","Footwork+1","Noxious Fumes","Underhanded Strike","Deadly Poison+1"],"relics":["Ring of the Snake","NeowsBlessing","Vajra","Bottled Lightning","Gambling Chip","Snake Skull","HoveringKite"],"potions_floor_usage":[13,21],"damage_taken":[{"damage":0,"enemies":"2 Louse","floor":1,"turns":1},{"damage":0,"enemies":"Lagavulin","floor":7,"turns":1},{"damage":0,"enemies":"Cultist","floor":10,"turns":1},{"damage":0,"enemies":"Jaw Worm","floor":12,"turns":4},{"damage":13,"enemies":"3 Sentries","floor":13,"turns":11},{"damage":0,"enemies":"Exordium Thugs","floor":14,"turns":5},{"damage":1,"enemies":"The Guardian","floor":16,"turns":15},{"damage":1,"enemies":"Shell Parasite","floor":18,"turns":9},{"damage":3,"enemies":"3 Byrds","floor":21,"turns":5},{"damage":21,"enemies":"Snake Plant","floor":22,"turns":5},{"damage":43,"enemies":"Slavers","floor":23,"turns":7}],"seed_played":"-8920743435992057627","potions_obtained":[{"floor":1,"key":"Fire Potion"},{"floor":7,"key":"GhostInAJar"},{"floor":18,"key":"Explosive Potion"}],"is_trial":false,"path_per_floor":["M","?","$","?","?","R","E","R","T","M","$","M","E","M","R","B",null,"M","?","$","M","M"],"character_chosen":"THE_SILENT","items_purchased":["Vajra","Terror","Footwork","Noxious Fumes"],"campfire_rested":0,"item_purchase_floors":[3,3,11,20],"current_hp_per_floor":[63,63,63,63,63,63,63,63,63,63,63,63,50,50,50,49,65,64,64,64,61,40,0],"gold":96,"neow_bonus":"THREE_ENEMY_KILL","is_prod":false,"is_daily":false,"chose_seed":false,"campfire_upgraded":3,"win_rate":0,"timestamp":1535229531,"path_taken":["M","?","?","?","?","R","E","R","T","M","?","?","E","M","R","BOSS","M","?","$","M","M","E"],"build_version":"2018-08-23v2","purchased_purges":3,"victory":false,"max_hp_per_floor":[70,70,70,70,70,70,70,70,70,70,70,70,70,70,70,70,70,70,70,70,70,70,70],"card_choices":[{"not_picked":["Expertise","PiercingWail","Outmaneuver"],"picked":"SKIP","floor":1},{"not_picked":["Unload","Underhanded Strike"],"picked":"Blur","floor":7},{"not_picked":["PiercingWail","Backflip"],"picked":"Flying Knee","floor":10},{"not_picked":["Underhanded Strike","Blade Dance"],"picked":"Caltrops","floor":12},{"not_picked":["Underhanded Strike","Backflip"],"picked":"Malaise","floor":13},{"not_picked":["Underhanded Strike","Outmaneuver"],"picked":"Cloak And Dagger","floor":14},{"not_picked":["Phantasmal Killer","Venomology"],"picked":"Malaise","floor":16},{"not_picked":["Distraction","Flying Knee"],"picked":"Dash","floor":18},{"not_picked":["Prepared+1","Terror"],"picked":"Underhanded Strike","floor":21},{"not_picked":["Crippling Poison","Underhanded Strike"],"picked":"Deadly Poison+1","floor":22}],"player_experience":602954,"relics_obtained":[{"floor":7,"key":"Bottled Lightning"},{"floor":9,"key":"Gambling Chip"},{"floor":13,"key":"Snake Skull"}],"event_choices":[{"event_name":"Golden Shrine","player_choice":"Desecrate","floor":2,"damage_taken":0},{"event_name":"The Cleric","player_choice":"Card Removal","floor":4,"damage_taken":0},{"event_name":"Liars Game","player_choice":"agreed","floor":5,"damage_taken":0},{"event_name":"Duplicator","player_choice":"One dupe","floor":19,"damage_taken":0}],"is_beta":false,"boss_relics":[{"not_picked":["Tiny House","Lizard Tail"],"picked":"HoveringKite"}],"items_purged_floors":[3,11,20],"is_endless":false,"potions_floor_spawned":[1,7,18],"killed_by":"Slavers","ascension_level":10}