{"gold_per_floor":[118,43,54,329,347,347,381,381,381,395,126,126,1,1,1,1],"floor_reached":16,"playtime":433,"items_purged":["Strike_R","Regret","Strike_R"],"score":196,"play_id":"ff45455e-b469-4996-a943-1fca81282672","local_time":"20190605232043","is_ascension_mode":true,"campfire_choices":[{"data":"Shockwave","floor":6,"key":"SMITH"},{"floor":8,"key":"REST"},{"data":"Flame Barrier","floor":15,"key":"SMITH"}],"neow_cost":"NONE","seed_source_timestamp":77478333203996,"circlet_count":0,"master_deck":["AscendersBane","Strike_R","Strike_R","Defend_R","Defend_R","Defend_R","Defend_R","Bash","Shockwave+1","Feel No Pain","Shrug It Off","True Grit","Flame Barrier+1"],"relics":["Burning Blood","NeowsBlessing","Sundial","Bag of Marbles","Ancient Tea Set"],"potions_floor_usage":[7,16],"damage_taken":[{"damage":0,"enemies":"Cultist","floor":1,"turns":1},{"damage":0,"enemies":"Small Slimes","floor":3,"turns":1},{"damage":0,"enemies":"Jaw Worm","floor":5,"turns":1},{"damage":69,"enemies":"Lagavulin","floor":7,"turns":9},{"damage":24,"enemies":"Looter","floor":10,"turns":5},{"damage":29,"enemies":"Slime Boss","floor":16,"turns":9}],"seed_played":"-5194011361944620384","potions_obtained":[{"floor":1,"key":"Poison Potion"},{"floor":10,"key":"BloodPotion"}],"is_trial":false,"path_per_floor":["M","$","M","?","M","R","E","R","T","M","$","?","$","?","R","B"],"character_chosen":"IRONCLAD","items_purchased":["Ancient Tea Set"],"campfire_rested":1,"item_purchase_floors":[11],"current_hp_per_floor":[74,74,75,75,75,75,12,34,34,16,16,9,9,9,9,0],"gold":1,"neow_bonus":"THREE_ENEMY_KILL","is_prod":false,"is_daily":false,"chose_seed":false,"campfire_upgraded":2,"win_rate":0,"timestamp":1559773243,"path_taken":["M","?","M","?","?","R","E","R","T","M","?","?","$","?","R","BOSS"],"build_version":"2019-01-23","purchased_purges":3,"victory":false,"max_hp_per_floor":[75,75,75,75,75,75,75,75,75,75,75,75,75,75,75,75],"card_choices":[{"not_picked":["Second Wind","Metallicize"],"picked":"Shockwave","floor":1},{"not_picked":["Burning Pact","Body Slam"],"picked":"Feel No Pain","floor":3},{"not_picked":["Burning Pact","Armaments"],"picked":"Shrug It Off","floor":5},{"not_picked":["Havoc","Thunderclap"],"picked":"True Grit","floor":7},{"not_picked":["Blood for Blood","Shrug It Off"],"picked":"Flame Barrier","floor":10}],"player_experience":1074261,"relics_obtained":[{"floor":7,"key":"Sundial"},{"floor":9,"key":"Bag of Marbles"}],"event_choices":[{"damage_healed":0,"gold_gain":275,"player_choice":"Desecrate","damage_taken":0,"max_hp_gain":0,"max_hp_loss":0,"event_name":"Golden Shrine","floor":4,"gold_loss":0,"cards_obtained":["Regret"]},{"cards_removed":["Strike_R"],"damage_healed":0,"gold_gain":0,"player_choice":"Card Removal","damage_taken":7,"max_hp_gain":0,"max_hp_loss":0,"event_name":"Golden Wing","floor":12,"gold_loss":0},{"damage_healed":0,"gold_gain":0,"player_choice":"Leave","damage_taken":0,"max_hp_gain":0,"max_hp_loss":0,"event_name":"The Cleric","floor":14,"gold_loss":0}],"is_beta":false,"boss_relics":[],"items_purged_floors":[2,11,13],"is_endless":false,"potions_floor_spawned":[1,10],"killed_by":"Slime Boss","ascension_level":20}