{"gold_per_floor":[112,0,17,17,17,42,42,60,60,85,85,102,136,223,235,324,336,315,345,357,369,383,383,418,236,236,236,56,70,70,70],"floor_reached":31,"playtime":1229,"items_purged":["Strike_G","Normality"],"score":571,"play_id":"d877eba4-dd2b-4c78-8e4b-a96102100209","local_time":"20190330195445","is_ascension_mode":true,"campfire_choices":[{"data":"Neutralize","floor":7,"key":"SMITH"},{"data":"Neutralize","floor":11,"key":"SMITH"},{"data":"Catalyst","floor":15,"key":"SMITH"},{"floor":23,"key":"REST"},{"data":"Catalyst","floor":27,"key":"SMITH"},{"data":"After Image","floor":30,"key":"SMITH"}],"neow_cost":"NONE","seed_source_timestamp":393680555175600,"circlet_count":0,"master_deck":["AscendersBane","Defend_G","Defend_G","Defend_G","Defend_G","Defend_G","Survivor","Neutralize+1","Dodge and Roll","Endless Agony","Blur","Catalyst+1","Neutralize+1","Riddle With Holes","Predator","Deadly Poison","Deadly Poison","Catalyst+1","After Image+1","Escape Plan","Riddle With Holes+1","Bite","Bite","Bite","Bite","Bite","PiercingWail","Bullet Time","Noxious Fumes","Backflip","Footwork","Deflect"],"relics":["Ring of the Snake","NeowsBlessing","Bottled Lightning","Anchor","Sozu","Nloth\u0027s Gift","Dodecahedron","Mango","Snake Skull"],"potions_floor_usage":[6,13,16,24],"damage_taken":[{"damage":0,"enemies":"2 Louse","floor":1,"turns":1},{"damage":0,"enemies":"Cultist","floor":3,"turns":1},{"damage":0,"enemies":"Gremlin Nob","floor":6,"turns":1},{"damage":0,"enemies":"Small Slimes","floor":8,"turns":3},{"damage":9,"enemies":"3 Sentries","floor":10,"turns":14},{"damage":11,"enemies":"Gremlin Gang","floor":12,"turns":7},{"damage":26,"enemies":"Lagavulin","floor":13,"turns":6},{"damage":3,"enemies":"Hexaghost","floor":16,"turns":6},{"damage":13,"enemies":"2 Thieves","floor":18,"turns":5},{"damage":0,"enemies":"Chosen","floor":19,"turns":4},{"damage":42,"enemies":"Shelled Parasite and Fungi","floor":22,"turns":6},{"damage":30,"enemies":"Book of Stabbing","floor":24,"turns":7},{"damage":0,"enemies":"Centurion and Healer","floor":29,"turns":4},{"damage":32,"enemies":"3 Cultists","floor":31,"turns":4}],"seed_played":"7565151934115718112","potions_obtained":[{"floor":3,"key":"SkillPotion"},{"floor":8,"key":"Strength Potion"},{"floor":10,"key":"SteroidPotion"},{"floor":16,"key":"LiquidBronze"}],"is_trial":false,"path_per_floor":["M","$","M","$","?","E","R","M","T","E","R","M","E","?","R","B",null,"M","M","?","?","M","R","E","$","T","R","$","M","R","M"],"character_chosen":"THE_SILENT","items_purchased":["Endless Agony","Noxious Fumes","Backflip","Snake Skull","Footwork"],"campfire_rested":1,"item_purchase_floors":[2,25,25,28,28],"current_hp_per_floor":[59,59,59,59,59,59,59,59,59,50,50,41,17,11,11,10,52,41,43,43,43,9,28,8,8,22,22,22,26,26,0],"gold":70,"neow_bonus":"THREE_ENEMY_KILL","is_prod":false,"is_daily":false,"chose_seed":false,"campfire_upgraded":5,"win_rate":0,"timestamp":1553972085,"path_taken":["M","$","M","$","?","E","R","?","T","E","R","M","E","?","R","BOSS","M","M","?","?","M","R","E","$","T","R","$","?","R","M"],"build_version":"2019-01-23","purchased_purges":2,"victory":false,"max_hp_per_floor":[66,66,66,66,66,66,66,66,66,66,66,66,66,66,66,66,66,66,66,66,66,66,66,66,66,80,80,80,80,80,80],"card_choices":[{"not_picked":["Sucker Punch","Outmaneuver"],"picked":"Dodge and Roll","floor":1},{"not_picked":["Sucker Punch","Prepared"],"picked":"Blur","floor":3},{"not_picked":["Setup","Concentrate"],"picked":"Riddle With Holes","floor":6},{"not_picked":["Reflex","Acrobatics"],"picked":"Predator","floor":8},{"not_picked":["Dagger Throw","Accuracy"],"picked":"Deadly Poison","floor":10},{"not_picked":["Acrobatics","Masterful Stab"],"picked":"Deadly Poison","floor":12},{"not_picked":["Masterful Stab","Flechettes"],"picked":"Catalyst","floor":13},{"not_picked":["Phantasmal Killer","Grand Finale"],"picked":"After Image","floor":16},{"not_picked":["Caltrops","Dagger Spray"],"picked":"Escape Plan","floor":18},{"not_picked":["Outmaneuver","Eviscerate"],"picked":"Riddle With Holes+1","floor":19},{"not_picked":["Flying Knee","Outmaneuver"],"picked":"PiercingWail","floor":22},{"not_picked":["Endless Agony","After Image"],"picked":"Bullet Time","floor":24},{"not_picked":["Sucker Punch","Escape Plan"],"picked":"Deflect","floor":29}],"player_experience":1020326,"relics_obtained":[{"floor":6,"key":"Bottled Lightning"},{"floor":9,"key":"Anchor"},{"floor":10,"key":"Blood Vial"},{"floor":13,"key":"MawBank"},{"floor":24,"key":"Dodecahedron"},{"floor":26,"key":"Mango"}],"event_choices":[{"damage_healed":0,"gold_gain":0,"player_choice":"3 cards matched","damage_taken":0,"max_hp_gain":0,"max_hp_loss":0,"event_name":"Match and Keep!","floor":5,"gold_loss":0,"cards_obtained":["Catalyst","Normality","Neutralize"]},{"damage_healed":0,"gold_gain":75,"player_choice":"Touch","damage_taken":6,"max_hp_gain":0,"max_hp_loss":0,"event_name":"FaceTrader","floor":14,"gold_loss":0},{"damage_healed":0,"gold_gain":0,"player_choice":"Became a vampire (Vial)","damage_taken":0,"max_hp_gain":0,"max_hp_loss":0,"event_name":"Vampires","floor":20,"relics_lost":["Blood Vial"],"gold_loss":0,"cards_obtained":["Bite","Bite","Bite","Bite","Bite"]},{"damage_healed":0,"gold_gain":0,"player_choice":"Traded Relic","damage_taken":0,"relics_obtained":["Nloth\u0027s Gift"],"max_hp_gain":0,"max_hp_loss":0,"event_name":"N\u0027loth","floor":21,"relics_lost":["MawBank"],"gold_loss":0}],"is_beta":false,"boss_relics":[{"not_picked":["Ectoplasm","Lizard Tail"],"picked":"Sozu"}],"items_purged_floors":[2,25],"is_endless":false,"potions_floor_spawned":[3,8,10,16,19,22,24],"killed_by":"3 Cultists","ascension_level":14}