{"gold_per_floor":[109,109,61,72,89,89,101,101,126,126,143,218,62,93,93,189,189,206,220,97,97,97,97,97,97,174,204,204,36,36,36,36,133,163,174,198,37,54,74,74,93,93,168,168,268,280,280,298,298,298],"floor_reached":51,"playtime":1230,"items_purged":["Strike_B"],"score":716,"play_id":"c39db12b-bd07-4353-8f96-a4bda7556c26","local_time":"20190922005936","is_ascension_mode":false,"campfire_choices":[{"data":"Zap","floor":6.0,"key":"SMITH"},{"data":"Defragment","floor":8.0,"key":"SMITH"},{"data":"Dualcast","floor":10.0,"key":"SMITH"},{"data":"Defragment","floor":15.0,"key":"SMITH"},{"floor":23.0,"key":"RECALL"}],"neow_cost":"NONE","seed_source_timestamp":12090253005941,"circlet_count":0,"master_deck":["Strike_B+1","Strike_B+1","Defend_B","Defend_B","Defend_B","Zap+1","Dualcast+1","Defragment+1","Ball Lightning","Ball Lightning","Defragment+1","Electrodynamics","Reboot","Ball Lightning","Ball Lightning","Defragment","Amplify","Static Discharge","Leap","Electrodynamics","CurseOfTheBell","Amplify","Ball Lightning+1","Ball Lightning","Conserve Battery+1","Creative AI+1"],"special_seed":0,"relics":["Coffee Dripper","Strawberry","Centennial Puzzle","Fusion Hammer","Bottled Lightning","Art of War","Juzu Bracelet","CultistMask","Torii","Calling Bell","Tiny Chest","Shuriken","Turnip","Omamori","Frozen Egg 2","WarpedTongs","Pocketwatch"],"potions_floor_usage":[47,50,50],"damage_taken":[{"damage":1.0,"enemies":"2 Louse","floor":1.0,"turns":3.0},{"damage":1.0,"enemies":"Jaw Worm","floor":4.0,"turns":2.0},{"damage":5.0,"enemies":"Small Slimes","floor":5.0,"turns":2.0},{"damage":5.0,"enemies":"Looter","floor":7.0,"turns":3.0},{"damage":0.0,"enemies":"3 Louse","floor":11.0,"turns":3.0},{"damage":10.0,"enemies":"Lagavulin","floor":14.0,"turns":4.0},{"damage":19.0,"enemies":"Hexaghost","floor":16.0,"turns":6.0},{"damage":0.0,"enemies":"Spheric Guardian","floor":18.0,"turns":3.0},{"damage":5.0,"enemies":"3 Byrds","floor":19.0,"turns":3.0},{"damage":26.0,"enemies":"Book of Stabbing","floor":27.0,"turns":4.0},{"damage":8.0,"enemies":"Collector","floor":33.0,"turns":5.0},{"damage":1.0,"enemies":"3 Darklings","floor":35.0,"turns":2.0},{"damage":12.0,"enemies":"3 Shapes","floor":38.0,"turns":2.0},{"damage":0.0,"enemies":"Transient","floor":39.0,"turns":5.0},{"damage":14.0,"enemies":"Jaw Worm Horde","floor":41.0,"turns":2.0},{"damage":15.0,"enemies":"Mind Bloom Boss Battle","floor":45.0,"turns":4.0},{"damage":9.0,"enemies":"Maw","floor":46.0,"turns":5.0},{"damage":0,"enemies":"Reptomancer","floor":47,"turns":1},{"damage":1,"enemies":"Transient","floor":48,"turns":5},{"damage":50,"enemies":"Time Eater","floor":50,"turns":9}],"seed_played":"5697667754291996637","potions_obtained":[{"floor":1.0,"key":"LiquidBronze"},{"floor":5.0,"key":"FearPotion"},{"floor":7.0,"key":"Weak Potion"},{"floor":19.0,"key":"SmokeBomb"},{"floor":39.0,"key":"FearPotion"},{"floor":41.0,"key":"GamblersBrew"},{"floor":46.0,"key":"PowerPotion"}],"is_trial":false,"path_per_floor":["M","?","$","M","M","R","M","R","T","R","M","?","$","E","R","B",null,"M","M","$","?","?","R","$","R","T","E","?","$","?","?","R","B",null,"M","T","$","M","M","R","M","?","T","?","?","M","E","M","R","B",null],"character_chosen":"DEFECT","items_purchased":["Ball Lightning","Electrodynamics","Ball Lightning","Juzu Bracelet","Leap","Amplify"],"campfire_rested":0,"item_purchase_floors":[3,13,20,29,29,37],"current_hp_per_floor":[74,59,59,58,53,53,48,48,55,55,55,44,44,34,34,15,82,82,77,77,77,77,77,77,77,77,51,51,51,51,51,51,43,82,81,81,81,69,69,69,55,76,76,76,61,52,52,51,51,1],"gold":298,"neow_bonus":"BOSS_RELIC","is_prod":false,"is_daily":false,"chose_seed":false,"campfire_upgraded":4,"win_rate":0,"timestamp":1569135576,"path_taken":["M","?","$","M","M","R","M","R","T","R","M","?","$","E","R","BOSS","M","M","$","?","?","R","$","R","T","E","?","?","?","?","R","BOSS","M","?","$","M","M","R","M","?","T","?","?","M","E","M","R","BOSS"],"build_version":"2019-09-20","purchased_purges":1,"victory":true,"max_hp_per_floor":[75,75,75,75,75,75,75,75,82,82,82,82,82,82,82,82,82,82,82,82,82,82,82,82,82,82,82,82,82,82,82,82,82,82,82,82,82,82,82,82,82,82,82,82,82,82,82,82,82,82],"card_choices":[{"not_picked":["Hologram","Blizzard"],"picked":"Defragment","floor":1.0},{"not_picked":["Reprogram","Rip and Tear","Consume"],"picked":"SKIP","floor":4.0},{"not_picked":["Reprogram","Rip and Tear","Consume"],"picked":"SKIP","floor":4.0},{"not_picked":["Turbo","Beam Cell","Reprogram"],"picked":"SKIP","floor":5.0},{"not_picked":["Leap","Storm"],"picked":"Ball Lightning","floor":7.0},{"not_picked":["Stack","Self Repair"],"picked":"Defragment","floor":11.0},{"not_picked":["Hologram","Steam Power","Undo"],"picked":"SKIP","floor":14.0},{"not_picked":["All For One","Meteor Strike"],"picked":"Reboot","floor":16.0},{"not_picked":["Gash+1","Reinforced Body"],"picked":"Ball Lightning","floor":18.0},{"not_picked":["Gash","Loop","Rebound"],"picked":"SKIP","floor":19.0},{"not_picked":["Skim","Compile Driver+1","Hologram"],"picked":"SKIP","floor":27.0},{"not_picked":["Buffer","Creative AI"],"picked":"Electrodynamics","floor":33.0},{"not_picked":["Sweeping Beam+1","Rip and Tear+1","Scrape"],"picked":"SKIP","floor":35.0},{"not_picked":["Undo","Loop+1"],"picked":"Ball Lightning+1","floor":38.0},{"not_picked":["Compile Driver","Coolheaded","Heatsinks"],"picked":"SKIP","floor":39.0},{"not_picked":["Rip and Tear+1","Reinforced Body"],"picked":"Ball Lightning","floor":41.0},{"not_picked":["Lockon+1","Genetic Algorithm"],"picked":"Conserve Battery+1","floor":46.0},{"not_picked":["Melter","Glacier"],"picked":"Creative AI+1","floor":48}],"player_experience":1572341,"relics_obtained":[{"floor":9.0,"key":"Strawberry"},{"floor":14.0,"key":"Centennial Puzzle"},{"floor":26.0,"key":"Bottled Lightning"},{"floor":27.0,"key":"Art of War"},{"floor":34.0,"key":"Tiny Chest"},{"floor":34.0,"key":"Shuriken"},{"floor":34.0,"key":"Turnip"},{"floor":36.0,"key":"Omamori"},{"floor":43.0,"key":"Frozen Egg 2"},{"floor":45.0,"key":"Pocketwatch"}],"event_choices":[{"damage_healed":0.0,"max_hp_gain":0.0,"max_hp_loss":0.0,"gold_gain":0.0,"event_name":"Shining Light","player_choice":"Entered Light","floor":2.0,"gold_loss":0.0,"damage_taken":15.0,"cards_upgraded":["Strike_B","Strike_B"]},{"damage_healed":0.0,"max_hp_gain":0.0,"max_hp_loss":0.0,"gold_gain":75.0,"event_name":"World of Goop","player_choice":"Gather Gold","floor":12.0,"gold_loss":0.0,"damage_taken":11.0},{"damage_healed":0.0,"max_hp_gain":0.0,"max_hp_loss":0.0,"gold_gain":0.0,"event_name":"Ghosts","player_choice":"Ignored","floor":21.0,"gold_loss":0.0,"damage_taken":0.0},{"damage_healed":0.0,"max_hp_gain":0.0,"max_hp_loss":0.0,"gold_gain":0.0,"event_name":"The Library","player_choice":"Read","floor":22.0,"gold_loss":0.0,"damage_taken":0.0,"cards_obtained":["Defragment"]},{"damage_healed":0.0,"max_hp_gain":0.0,"max_hp_loss":0.0,"gold_gain":0.0,"cards_transformed":["Strike_B","Defend_B"],"event_name":"Drug Dealer","player_choice":"Became Test Subject","floor":28.0,"gold_loss":0.0,"damage_taken":0.0,"cards_obtained":["Amplify","Static Discharge"]},{"damage_healed":0.0,"max_hp_gain":0.0,"max_hp_loss":0.0,"gold_gain":0.0,"event_name":"FaceTrader","player_choice":"Trade","floor":30.0,"gold_loss":0.0,"damage_taken":0.0,"relics_obtained":["CultistMask"]},{"damage_healed":0.0,"max_hp_gain":0.0,"max_hp_loss":0.0,"gold_gain":0.0,"event_name":"WeMeetAgain","player_choice":"Gave Potion","floor":31.0,"gold_loss":0.0,"damage_taken":0.0,"relics_obtained":["Torii"]},{"damage_healed":21.0,"max_hp_gain":0.0,"max_hp_loss":0.0,"gold_gain":0.0,"event_name":"Winding Halls","player_choice":"Writhe","floor":42.0,"gold_loss":0.0,"damage_taken":0.0,"cards_obtained":["Writhe"]},{"damage_healed":0.0,"max_hp_gain":0.0,"max_hp_loss":0.0,"gold_gain":0.0,"event_name":"Accursed Blacksmith","player_choice":"Rummage","floor":44.0,"gold_loss":0.0,"damage_taken":0.0,"relics_obtained":["WarpedTongs"],"cards_obtained":["Pain"]},{"damage_healed":0.0,"max_hp_gain":0.0,"max_hp_loss":0.0,"gold_gain":0.0,"event_name":"MindBloom","player_choice":"Fight","floor":45.0,"gold_loss":0.0,"damage_taken":0.0}],"is_beta":true,"boss_relics":[{"not_picked":["Runic Pyramid","Runic Dome"],"picked":"Fusion Hammer"},{"not_picked":["Snecko Eye","Philosopher\u0027s Stone"],"picked":"Calling Bell"}],"items_purged_floors":[20],"is_endless":false,"potions_floor_spawned":[1,5,7,19,39,41,46],"ascension_level":0}