{"gold_per_floor":[110,127,127,140,158,158,186,202,226,226,240,240,274,289,289,385,385,385,165,165,165,165,165,165,165,165,165,165,76,76,76,76,76,76,76,76,0,0,0,0,0,0,0,0,0,0,0,0,0,0],"floor_reached":50,"playtime":2168,"items_purged":["Strike_B","Strike_B"],"score":735,"play_id":"65543516-a8bf-44f0-a6c0-e170336036d7","local_time":"20190220074247","is_ascension_mode":true,"campfire_choices":[{"data":"Zap","floor":6,"key":"SMITH"},{"floor":10,"key":"REST"},{"data":"Conserve Battery","floor":12,"key":"SMITH"},{"data":"Heatsinks","floor":15,"key":"SMITH"},{"data":"Apotheosis","floor":23,"key":"SMITH"},{"data":"Self Repair","floor":28,"key":"SMITH"},{"data":"Gash","floor":32,"key":"SMITH"},{"floor":42,"key":"REST"},{"floor":44,"key":"REST"},{"floor":46,"key":"REST"},{"floor":49,"key":"REST"}],"neow_cost":"NONE","seed_source_timestamp":12862345832500,"circlet_count":0,"master_deck":["AscendersBane","Defend_B","Defend_B","Defend_B","Defend_B","Zap+1","Dualcast","Ball Lightning","Coolheaded","Heatsinks+1","Cold Snap","Glacier","Self Repair+1","Storm+1","Conserve Battery+1","Hologram","Beam Cell","Core Surge","Leap+1","Apotheosis+1","Turbo","Gash+1","Double Energy+1","Stack+1","Static Discharge+1","Defragment+1","Compile Driver","Seek","Gash","Decay","Aggregate","Chill+1","Gash","Rebound+1","White Noise+1","Magnetism+1","Discovery","Madness","Leap+1"],"relics":["Cracked Core","Bronze Scales","Smiling Mask","PreservedInsect","Ectoplasm","MawBank","Frozen Egg 2","Fusion Hammer","Omamori"],"potions_floor_usage":[7,8,13,16,16,33,48,50,50],"damage_taken":[{"damage":4,"enemies":"Jaw Worm","floor":1,"turns":4},{"damage":1,"enemies":"Cultist","floor":2,"turns":3},{"damage":8,"enemies":"2 Louse","floor":4,"turns":3},{"damage":28,"enemies":"Exordium Thugs","floor":5,"turns":5},{"damage":14,"enemies":"3 Sentries","floor":7,"turns":9},{"damage":14,"enemies":"Lots of Slimes","floor":8,"turns":3},{"damage":13,"enemies":"Exordium Wildlife","floor":11,"turns":2},{"damage":12,"enemies":"Lagavulin","floor":13,"turns":6},{"damage":0,"enemies":"Looter","floor":14,"turns":3},{"damage":23,"enemies":"Hexaghost","floor":16,"turns":11},{"damage":28,"enemies":"Chosen","floor":18,"turns":5},{"damage":0,"enemies":"3 Byrds","floor":21,"turns":2},{"damage":2,"enemies":"Centurion and Healer","floor":22,"turns":7},{"damage":2,"enemies":"Sentry and Sphere","floor":25,"turns":6},{"damage":0,"enemies":"Cultist and Chosen","floor":27,"turns":6},{"damage":16,"enemies":"Snake Plant","floor":30,"turns":4},{"damage":42,"enemies":"Collector","floor":33,"turns":10},{"damage":23,"enemies":"3 Darklings","floor":35,"turns":8},{"damage":24,"enemies":"3 Shapes","floor":39,"turns":3},{"damage":29,"enemies":"Jaw Worm Horde","floor":40,"turns":6},{"damage":17,"enemies":"3 Darklings","floor":41,"turns":5},{"damage":19,"enemies":"Sphere and 2 Shapes","floor":45,"turns":6},{"damage":35,"enemies":"Jaw Worm Horde","floor":48,"turns":4},{"damage":83,"enemies":"Awakened One","floor":50,"turns":6}],"seed_played":"6406753830884664727","potions_obtained":[{"floor":5,"key":"FocusPotion"},{"floor":7,"key":"SteroidPotion"},{"floor":8,"key":"GamblersBrew"},{"floor":13,"key":"Poison Potion"},{"floor":14,"key":"Energy Potion"},{"floor":18,"key":"LiquidBronze"},{"floor":25,"key":"FearPotion"},{"floor":30,"key":"Weak Potion"},{"floor":39,"key":"FocusPotion"},{"floor":40,"key":"Explosive Potion"},{"floor":48,"key":"Block Potion"}],"is_trial":false,"path_per_floor":["M","M","?","M","M","R","E","M","T","R","M","R","E","M","R","B",null,"M","$","?","M","M","R","?","M","T","M","R","$","M","?","R","B",null,"M","?","$","$","M","M","M","R","T","R","M","R","?","M","R","B"],"character_chosen":"DEFECT","items_purchased":["Apotheosis","Defragment+1","Aggregate"],"campfire_rested":5,"item_purchase_floors":[19,29,37],"current_hp_per_floor":[71,70,70,62,34,34,20,13,13,37,31,31,26,33,33,17,66,45,45,45,45,53,53,53,61,61,71,71,71,65,65,65,33,70,57,57,57,57,43,24,17,41,41,65,56,80,70,45,69,0],"gold":0,"neow_bonus":"TEN_PERCENT_HP_BONUS","is_prod":false,"is_daily":false,"chose_seed":false,"campfire_upgraded":6,"win_rate":0,"timestamp":1550644967,"path_taken":["M","M","?","M","?","R","E","M","T","R","M","R","E","M","R","BOSS","M","$","?","?","M","R","?","M","T","?","R","?","M","?","R","BOSS","M","?","?","$","M","M","?","R","T","R","M","R","?","M","R","BOSS"],"build_version":"2019-01-23","purchased_purges":2,"victory":false,"max_hp_per_floor":[82,82,82,82,82,82,82,82,82,82,82,82,82,82,82,82,82,82,82,82,82,82,82,82,82,82,82,82,82,82,82,82,82,82,82,82,82,82,82,82,82,82,82,82,82,82,82,82,82,82],"card_choices":[{"not_picked":["Cold Snap","Redo"],"picked":"Ball Lightning","floor":1},{"not_picked":["Go for the Eyes","Barrage"],"picked":"Coolheaded","floor":2},{"not_picked":["Scrape","Streamline"],"picked":"Cold Snap","floor":4},{"not_picked":["Hologram","Rebound"],"picked":"Glacier","floor":5},{"not_picked":["Gash","Electrodynamics"],"picked":"Self Repair","floor":7},{"not_picked":["Coolheaded","Gash"],"picked":"Storm","floor":8},{"not_picked":["Compile Driver","Redo"],"picked":"Conserve Battery","floor":11},{"not_picked":["Turbo","Machine Learning"],"picked":"Hologram","floor":13},{"not_picked":["Coolheaded","Redo"],"picked":"Beam Cell","floor":14},{"not_picked":["Amplify","Multi-Cast"],"picked":"Core Surge","floor":16},{"not_picked":["Streamline","Go for the Eyes"],"picked":"Leap+1","floor":18},{"not_picked":["Hologram","Darkness"],"picked":"Gash","floor":21},{"not_picked":["Cold Snap","Coolheaded"],"picked":"Double Energy+1","floor":22},{"not_picked":["BootSequence","Steam Power"],"picked":"Stack+1","floor":25},{"not_picked":["Streamline","All For One"],"picked":"Static Discharge+1","floor":27},{"not_picked":["Hello World+1","Ball Lightning"],"picked":"Compile Driver","floor":30},{"not_picked":["Core Surge","Amplify"],"picked":"Seek","floor":33},{"not_picked":["Consume+1","Leap"],"picked":"Gash","floor":35},{"not_picked":["Barrage+1","Leap"],"picked":"Chill+1","floor":39},{"not_picked":["Conserve Battery","Heatsinks+1"],"picked":"Gash","floor":40},{"not_picked":["Steam+1","Cold Snap+1"],"picked":"Rebound+1","floor":41},{"not_picked":["Sweeping Beam+1","Rip and Tear"],"picked":"White Noise+1","floor":45},{"not_picked":["Enlightenment","Blind"],"picked":"Magnetism+1","floor":47},{"not_picked":["Flash of Steel","PanicButton"],"picked":"Discovery","floor":47},{"not_picked":["Blind","Chrysalis"],"picked":"Madness","floor":47},{"not_picked":["Rebound","Gash"],"picked":"Leap+1","floor":48}],"player_experience":806831,"relics_obtained":[{"floor":7,"key":"Bronze Scales"},{"floor":9,"key":"Smiling Mask"},{"floor":13,"key":"PreservedInsect"},{"floor":26,"key":"Frozen Egg 2"},{"floor":43,"key":"Omamori"}],"event_choices":[{"damage_healed":0,"gold_gain":0,"cards_transformed":["Strike_B"],"player_choice":"Transformed","damage_taken":0,"max_hp_gain":0,"max_hp_loss":0,"event_name":"Transmorgrifier","floor":3,"gold_loss":0,"cards_obtained":["Heatsinks"]},{"damage_healed":0,"gold_gain":0,"cards_transformed":["Strike_B"],"player_choice":"Transformed","damage_taken":0,"max_hp_gain":0,"max_hp_loss":0,"event_name":"Transmorgrifier","floor":20,"gold_loss":0,"cards_obtained":["Turbo"]},{"damage_healed":0,"gold_gain":0,"player_choice":"Gave Potion","damage_taken":0,"relics_obtained":["MawBank"],"max_hp_gain":0,"max_hp_loss":0,"event_name":"WeMeetAgain","floor":24,"gold_loss":0},{"damage_healed":0,"gold_gain":0,"player_choice":"Forge","damage_taken":0,"max_hp_gain":0,"max_hp_loss":0,"event_name":"Accursed Blacksmith","floor":31,"gold_loss":0,"cards_upgraded":["Storm"]},{"damage_healed":0,"gold_gain":0,"player_choice":"Cursed","damage_taken":0,"max_hp_gain":0,"max_hp_loss":0,"event_name":"Wheel of Change","floor":36,"gold_loss":0,"cards_obtained":["Decay"]},{"damage_healed":0,"gold_gain":0,"player_choice":"Memory 3","damage_taken":10,"max_hp_gain":0,"max_hp_loss":0,"event_name":"SensoryStone","floor":47,"gold_loss":0}],"is_beta":false,"boss_relics":[{"not_picked":["Astrolabe","Cursed Key"],"picked":"Ectoplasm"},{"not_picked":["Runic Dome","Calling Bell"],"picked":"Fusion Hammer"}],"items_purged_floors":[19,29],"is_endless":false,"potions_floor_spawned":[5,7,8,13,14,18,25,30,39,40,41,48],"killed_by":"Awakened One","ascension_level":11}