{"gold_per_floor":[118,118,136,33,45,45,70,70,70,90,15,25,25,25,25,118,118,92,92,17,40,53,53,53],"floor_reached":24,"playtime":1454,"items_purged":["Strike_B"],"score":392,"play_id":"a2d3402d-b147-42a7-ae88-622bf15ba40f","local_time":"20181016212859","is_ascension_mode":true,"campfire_choices":[{"data":"Coolheaded","floor":6.0,"key":"SMITH"},{"floor":8.0,"key":"REST"},{"data":"Hologram","floor":13.0,"key":"SMITH"},{"data":"Steam Power","floor":15.0,"key":"SMITH"},{"floor":23.0,"key":"REST"}],"neow_cost":"NONE","seed_source_timestamp":95751950369307,"circlet_count":0,"master_deck":["Strike_B","Strike_B","Defend_B","Defend_B","Zap","AscendersBane","Coolheaded+1","Steam Power+1","Gash","Leap","Reinforced Body","Hologram+1","Cold Snap","Cold Snap","Machine Learning","Rebound","Static Discharge","Rebound"],"special_seed":0,"relics":["Sozu","Gambling Chip","Ginger","Golden Idol","Inserter"],"potions_floor_usage":[],"damage_taken":[{"damage":7.0,"enemies":"Jaw Worm","floor":1.0,"turns":3.0},{"damage":5.0,"enemies":"Small Slimes","floor":3.0,"turns":4.0},{"damage":4.0,"enemies":"Cultist","floor":5.0,"turns":6.0},{"damage":30.0,"enemies":"Lagavulin","floor":7.0,"turns":11.0},{"damage":7.0,"enemies":"Looter","floor":10.0,"turns":5.0},{"damage":0.0,"enemies":"Blue Slaver","floor":12.0,"turns":4.0},{"damage":28.0,"enemies":"The Guardian","floor":16.0,"turns":12.0},{"damage":11.0,"enemies":"2 Thieves","floor":18.0,"turns":4.0},{"damage":13.0,"enemies":"Shell Parasite","floor":21.0,"turns":7.0},{"damage":9.0,"enemies":"Snecko","floor":22.0,"turns":10.0},{"damage":31,"enemies":"Centurion and Healer","floor":24,"turns":5}],"seed_played":"-3141232531376328286","potions_obtained":[],"is_trial":false,"path_per_floor":["M","?","M","$","M","R","E","R","T","M","?","M","R","?","R","B",null,"M","?","?","M","M","R"],"character_chosen":"DEFECT","items_purchased":["Leap"],"campfire_rested":2,"item_purchase_floors":[4],"current_hp_per_floor":[57,57,52,52,48,48,18,39,39,32,32,32,32,32,32,4,49,38,38,38,25,16,35,4],"gold":53,"neow_bonus":"BOSS_RELIC","is_prod":false,"is_daily":false,"chose_seed":false,"campfire_upgraded":3,"win_rate":0,"timestamp":1539718139,"path_taken":["M","?","M","$","M","R","E","R","T","M","?","M","R","?","R","BOSS","M","?","?","M","M","R","M"],"build_version":"2018-10-11","purchased_purges":1,"victory":false,"max_hp_per_floor":[71,71,71,71,71,71,71,71,71,71,71,71,71,64,64,64,64,64,64,64,64,64,64,64],"card_choices":[{"not_picked":["Hologram","Leap"],"picked":"Coolheaded","floor":1.0},{"not_picked":["Barrage","Auto Shields"],"picked":"Gash","floor":3.0},{"not_picked":["BootSequence","Rebound"],"picked":"Reinforced Body","floor":5.0},{"not_picked":["Streamline","Compile Driver"],"picked":"Hologram","floor":7.0},{"not_picked":["Stack","Double Energy"],"picked":"Cold Snap","floor":10.0},{"not_picked":["Chaos","Barrage"],"picked":"Cold Snap","floor":12.0},{"not_picked":["Core Surge","Multi-Cast"],"picked":"Machine Learning","floor":16.0},{"not_picked":["Stack","Barrage"],"picked":"Rebound","floor":18.0},{"not_picked":["Force Field","Rip and Tear"],"picked":"Static Discharge","floor":21.0},{"not_picked":["Redo","Beam Cell"],"picked":"Rebound","floor":22.0}],"player_experience":447627,"relics_obtained":[{"floor":7.0,"key":"Gambling Chip"},{"floor":9.0,"key":"Ginger"}],"event_choices":[{"event_name":"Living Wall","player_choice":"Change","floor":2.0,"damage_taken":0.0},{"event_name":"The Cleric","player_choice":"Card Removal","floor":11.0,"damage_taken":0.0},{"event_name":"Golden Idol","player_choice":"Lose Max HP","floor":14.0,"damage_taken":0.0},{"event_name":"Purifier","player_choice":"One Purge","floor":19.0,"damage_taken":0.0},{"event_name":"Beggar","player_choice":"Gave Gold","floor":20.0,"damage_taken":0.0}],"is_beta":false,"boss_relics":[{"not_picked":["Coffee Dripper","Calling Bell"],"picked":"Inserter"}],"items_purged_floors":[4],"is_endless":false,"potions_floor_spawned":[1,5,7,21,22],"killed_by":"Centurion and Healer","ascension_level":20}