{"gold_per_floor":[109,119,133,148,163,163,179,119,119,119,152,21,21,44,44,120,120,138,157,169,27,47,47,80,80,162,162,179,191,46,46,46,46],"floor_reached":33,"playtime":1790,"items_purged":["Injury","Strike_B"],"score":525,"play_id":"a33048ca-f36d-42d9-9d40-ed2825c881d4","local_time":"20191008170051","is_ascension_mode":true,"campfire_choices":[{"floor":6,"key":"REST"},{"floor":10,"key":"REST"},{"data":"Chill","floor":13,"key":"SMITH"},{"data":"Dualcast","floor":15,"key":"SMITH"},{"floor":23,"key":"REST"},{"floor":25,"key":"REST"},{"floor":27,"key":"REST"},{"floor":32,"key":"REST"}],"neow_cost":"CURSE","seed_source_timestamp":18579450998200,"circlet_count":0,"master_deck":["AscendersBane","Strike_B","Strike_B","Strike_B","Defend_B","Defend_B","Defend_B","Defend_B","Zap","Dualcast+1","All For One","Coolheaded","Barrage","Compile Driver","Chill+1","FTL","Cold Snap","Gash","Machine Learning","Glacier+1","Defragment","Ball Lightning","Go for the Eyes+1","Hologram","Self Repair"],"special_seed":0,"relics":["Cracked Core","Shuriken","Dead Branch","Oddly Smooth Stone","Philosopher\u0027s Stone","Sundial","Darkstone Periapt"],"potions_floor_usage":[4,11,11,24,29],"damage_taken":[{"damage":12.0,"enemies":"Cultist","floor":1.0,"turns":4.0},{"damage":0.0,"enemies":"2 Louse","floor":2.0,"turns":3.0},{"damage":12.0,"enemies":"Jaw Worm","floor":3.0,"turns":4.0},{"damage":14,"enemies":"Lots of Slimes","floor":4,"turns":5},{"damage":11,"enemies":"Exordium Wildlife","floor":5,"turns":5},{"damage":0,"enemies":"Large Slime","floor":7,"turns":4},{"damage":15,"enemies":"3 Sentries","floor":11,"turns":6},{"damage":41,"enemies":"Hexaghost","floor":16,"turns":10},{"damage":13,"enemies":"2 Thieves","floor":18,"turns":3},{"damage":18,"enemies":"3 Byrds","floor":19,"turns":6},{"damage":10,"enemies":"Snake Plant","floor":20,"turns":4},{"damage":9,"enemies":"Centurion and Healer","floor":22,"turns":5},{"damage":12,"enemies":"Book of Stabbing","floor":24,"turns":5},{"damage":23,"enemies":"Shelled Parasite and Fungi","floor":28,"turns":7},{"damage":0,"enemies":"Snecko","floor":29,"turns":4},{"damage":66,"enemies":"Collector","floor":33,"turns":8}],"seed_played":"-4724505730898161102","potions_obtained":[{"floor":3.0,"key":"Energy Potion"},{"floor":5,"key":"PowerPotion"},{"floor":7,"key":"LiquidBronze"},{"floor":19,"key":"PowerPotion"},{"floor":24,"key":"Poison Potion"},{"floor":28,"key":"FearPotion"},{"floor":29,"key":"FearPotion"}],"is_trial":false,"path_per_floor":["M","M","M","M","M","R","M","?","T","R","E","$","R","T","R","B",null,"M","M","M","$","M","R","E","R","T","R","M","M","$","$","R","B"],"character_chosen":"DEFECT","items_purchased":["Gash","Defragment","Ball Lightning","Self Repair"],"campfire_rested":6,"item_purchase_floors":[12,21,21,30],"current_hp_per_floor":[52,52,40,26,15,36,36,36,36,57,42,42,42,42,42,1,54,41,23,13,13,4,25,13,34,34,55,32,32,32,32,53,0],"gold":46,"neow_bonus":"THREE_RARE_CARDS","is_prod":false,"is_daily":false,"chose_seed":false,"campfire_upgraded":2,"win_rate":0,"timestamp":1570579251,"path_taken":["M","?","M","M","M","R","M","?","T","R","E","$","R","?","R","BOSS","M","M","M","$","M","R","E","R","T","R","M","M","?","$","R","BOSS"],"build_version":"2019-07-17","purchased_purges":2,"victory":false,"max_hp_per_floor":[71,71,71,71,71,71,71,71,71,71,71,71,71,71,71,71,71,71,71,71,71,71,71,71,71,71,71,71,71,71,71,71,71],"card_choices":[{"not_picked":["Multi-Cast","Meteor Strike"],"picked":"All For One","floor":0.0},{"not_picked":["Turbo","Leap"],"picked":"Coolheaded","floor":1.0},{"not_picked":["Turbo","Stack"],"picked":"Barrage","floor":2.0},{"not_picked":["Beam Cell","Lockon"],"picked":"Compile Driver","floor":3.0},{"not_picked":["Gash","Streamline"],"picked":"Chill","floor":4},{"not_picked":["Coolheaded","Consume"],"picked":"FTL","floor":5},{"not_picked":["Storm","Genetic Algorithm"],"picked":"Cold Snap","floor":7},{"not_picked":["Thunder Strike","Compile Driver","Rebound"],"picked":"SKIP","floor":11},{"not_picked":["Multi-Cast","Reboot"],"picked":"Machine Learning","floor":16},{"not_picked":["Compile Driver","Go for the Eyes"],"picked":"Glacier+1","floor":18},{"not_picked":["Leap","Compile Driver","Streamline"],"picked":"SKIP","floor":19},{"not_picked":["Leap","Blizzard","Streamline"],"picked":"SKIP","floor":20},{"not_picked":["Aggregate","Skim","Redo"],"picked":"SKIP","floor":22},{"not_picked":["Sweeping Beam","Biased Cognition"],"picked":"Go for the Eyes+1","floor":24},{"not_picked":["Recycle","Ball Lightning"],"picked":"Hologram","floor":28},{"not_picked":["Steam Power+1","Barrage","BootSequence"],"picked":"SKIP","floor":29}],"player_experience":690514,"relics_obtained":[{"floor":9,"key":"Shuriken"},{"floor":11,"key":"Dead Branch"},{"floor":14,"key":"Oddly Smooth Stone"},{"floor":24,"key":"Sundial"},{"floor":26,"key":"Darkstone Periapt"}],"event_choices":[{"damage_healed":0,"gold_gain":0,"player_choice":"Left Gold","damage_taken":0,"max_hp_gain":0,"max_hp_loss":0,"event_name":"World of Goop","floor":8,"gold_loss":60}],"is_beta":false,"boss_relics":[{"not_picked":["Pandora\u0027s Box","Tiny House"],"picked":"Philosopher\u0027s Stone"}],"items_purged_floors":[12,30],"is_endless":false,"potions_floor_spawned":[3,5,7,19,24,28,29],"killed_by":"Collector","ascension_level":19}