{"gold_per_floor":[115,135,135,135,149,149,176,176,200,200,229,239,257,257,257,328,328,340,161,178,178,195,195,211,222,222,232,247,266,6,21,21,21],"floor_reached":33,"playtime":1437,"items_purged":["Strike_R"],"score":487,"play_id":"79c34555-161d-4615-9699-667e437c2534","local_time":"20190718043750","is_ascension_mode":true,"campfire_choices":[{"data":"Whirlwind","floor":6,"key":"SMITH"},{"data":"Armaments","floor":8,"key":"SMITH"},{"data":"Clothesline","floor":15,"key":"SMITH"},{"floor":23,"key":"REST"},{"floor":32,"key":"REST"}],"neow_cost":"NONE","seed_source_timestamp":459663027905200,"circlet_count":0,"master_deck":["AscendersBane","Strike_R","Strike_R","Defend_R+1","Defend_R+1","Defend_R","Defend_R","Bash","Metallicize","Whirlwind+1","Armaments+1","Clothesline+1","Rampage","Iron Wave","Immolate","Headbutt","Shrug It Off","True Grit","Iron Wave","Sword Boomerang+1","Headbutt","Evolve","Infernal Blade","Burning Pact","Enlightenment","Metallicize","Flame Barrier","Inflame"],"relics":["Burning Blood","NeowsBlessing","Happy Flower","Art of War","War Paint","Vajra","Velvet Choker","Bag of Preparation"],"potions_floor_usage":[7,11,16,16,22,24,29,33,33],"damage_taken":[{"damage":0,"enemies":"2 Louse","floor":1,"turns":1},{"damage":0,"enemies":"Cultist","floor":2,"turns":1},{"damage":0,"enemies":"Jaw Worm","floor":5,"turns":1},{"damage":19,"enemies":"Lagavulin","floor":7,"turns":6},{"damage":9,"enemies":"3 Sentries","floor":11,"turns":9},{"damage":8,"enemies":"Exordium Thugs","floor":12,"turns":4},{"damage":0,"enemies":"Blue Slaver","floor":13,"turns":4},{"damage":19,"enemies":"Slime Boss","floor":16,"turns":10},{"damage":29,"enemies":"Spheric Guardian","floor":18,"turns":6},{"damage":9,"enemies":"Chosen","floor":20,"turns":3},{"damage":19,"enemies":"Snake Plant","floor":22,"turns":4},{"damage":7,"enemies":"Snecko","floor":24,"turns":5},{"damage":31,"enemies":"Centurion and Healer","floor":25,"turns":7},{"damage":19,"enemies":"Shelled Parasite and Fungi","floor":27,"turns":6},{"damage":14,"enemies":"Snake Plant","floor":28,"turns":5},{"damage":14,"enemies":"Snecko","floor":29,"turns":6},{"damage":10,"enemies":"Centurion and Healer","floor":31,"turns":7},{"damage":60,"enemies":"Champ","floor":33,"turns":11}],"seed_played":"-2535784326195050303","potions_obtained":[{"floor":1,"key":"Poison Potion"},{"floor":7,"key":"Fire Potion"},{"floor":12,"key":"Weak Potion"},{"floor":13,"key":"EssenceOfSteel"},{"floor":20,"key":"SkillPotion"},{"floor":22,"key":"SteroidPotion"},{"floor":28,"key":"FearPotion"},{"floor":29,"key":"SteroidPotion"},{"floor":31,"key":"LiquidBronze"}],"is_trial":false,"path_per_floor":["M","M","$","?","M","R","E","R","T","?","E","M","M","?","R","B",null,"M","$","M","?","M","R","M","M","T","M","M","M","$","M","R","B"],"character_chosen":"IRONCLAD","items_purchased":["Shrug It Off","True Grit","Enlightenment","Metallicize","Flame Barrier"],"campfire_rested":2,"item_purchase_floors":[19,19,30,30,30],"current_hp_per_floor":[74,75,75,75,75,75,62,62,62,62,59,57,63,63,63,50,69,46,46,43,58,45,67,66,41,41,28,20,12,12,8,30,0],"gold":21,"neow_bonus":"THREE_ENEMY_KILL","is_prod":false,"is_daily":false,"chose_seed":false,"campfire_upgraded":3,"win_rate":0,"timestamp":1563417470,"path_taken":["M","M","$","?","?","R","E","R","T","?","E","M","?","?","R","BOSS","M","$","M","?","M","R","M","M","T","M","M","M","$","M","R","BOSS"],"build_version":"2019-07-17","purchased_purges":1,"victory":false,"max_hp_per_floor":[75,75,75,75,75,75,75,75,75,75,75,75,75,75,75,75,75,75,75,75,75,75,75,75,75,75,75,75,75,75,75,75,75],"card_choices":[{"not_picked":["Hemokinesis","Havoc","Bloodletting"],"picked":"SKIP","floor":1},{"not_picked":["Twin Strike","Shrug It Off"],"picked":"Metallicize","floor":2},{"not_picked":["Searing Blow","Heavy Blade"],"picked":"Whirlwind","floor":5},{"not_picked":["Metallicize","Warcry"],"picked":"Armaments","floor":7},{"not_picked":["Warcry","Rupture"],"picked":"Clothesline","floor":11},{"not_picked":["Second Wind","Burning Pact"],"picked":"Rampage","floor":12},{"not_picked":["Pummel","Havoc"],"picked":"Iron Wave","floor":13},{"not_picked":["Reaper","Exhume"],"picked":"Immolate","floor":16},{"not_picked":["Sword Boomerang+1","Anger"],"picked":"Headbutt","floor":18},{"not_picked":["Reckless Charge","Twin Strike"],"picked":"Iron Wave","floor":20},{"not_picked":["Burning Pact","Anger"],"picked":"Sword Boomerang+1","floor":22},{"not_picked":["Sword Boomerang","Clash","Cleave"],"picked":"SKIP","floor":24},{"not_picked":["Anger+1","Shrug It Off"],"picked":"Headbutt","floor":25},{"not_picked":["Wild Strike","True Grit"],"picked":"Evolve","floor":27},{"not_picked":["Thunderclap","Brutality"],"picked":"Infernal Blade","floor":28},{"not_picked":["Anger","Fire Breathing"],"picked":"Burning Pact","floor":29},{"not_picked":["Twin Strike","Wild Strike"],"picked":"Inflame","floor":31}],"player_experience":1671653,"relics_obtained":[{"floor":7,"key":"Happy Flower"},{"floor":9,"key":"Art of War"},{"floor":11,"key":"Vajra"},{"floor":26,"key":"Bag of Preparation"}],"event_choices":[{"damage_healed":0,"gold_gain":0,"cards_transformed":["Strike_R"],"player_choice":"Transformed","damage_taken":0,"max_hp_gain":0,"max_hp_loss":0,"event_name":"Transmorgrifier","floor":4,"gold_loss":0,"cards_obtained":["Twin Strike"]},{"cards_removed":["Twin Strike"],"damage_healed":0,"gold_gain":0,"player_choice":"Gave Card","damage_taken":0,"relics_obtained":["War Paint"],"max_hp_gain":0,"max_hp_loss":0,"event_name":"WeMeetAgain","floor":10,"gold_loss":0},{"cards_removed":["Strike_R"],"damage_healed":0,"gold_gain":0,"player_choice":"Forget","damage_taken":0,"max_hp_gain":0,"max_hp_loss":0,"event_name":"Living Wall","floor":14,"gold_loss":0},{"damage_healed":15,"gold_gain":0,"player_choice":"Heal","damage_taken":0,"max_hp_gain":0,"max_hp_loss":0,"event_name":"The Library","floor":21,"gold_loss":0}],"is_beta":false,"boss_relics":[{"not_picked":["White Beast Statue","Philosopher\u0027s Stone"],"picked":"Velvet Choker"}],"items_purged_floors":[19],"is_endless":false,"potions_floor_spawned":[1,7,12,13,20,22,28,29,31],"killed_by":"Champ","ascension_level":17}