{"gold_per_floor":[10,10,21,31,41,41,70,70,70,95,105,105,30,30,30,130,180,190,190,0,10,22,22,49,49,49,75,75,36,53,53,53,157,157,175,175,275,275,285,285,285,304,328,340,88,11,27,47,47,47],"floor_reached":50,"playtime":1707,"items_purged":["Strike_B","Defend_B"],"score":831,"play_id":"26708d16-4ebc-4d99-9247-48100b06c3fc","local_time":"20190226070654","is_ascension_mode":true,"campfire_choices":[{"data":"White Noise","floor":6.0,"key":"SMITH"},{"data":"Zap","floor":8.0,"key":"SMITH"},{"floor":12.0,"key":"REST"},{"data":"Double Energy","floor":15.0,"key":"SMITH"},{"data":"Electrodynamics","floor":23.0,"key":"SMITH"},{"data":"Discovery","floor":28.0,"key":"SMITH"},{"floor":32,"key":"REST"},{"data":"Buffer","floor":40,"key":"SMITH"},{"data":"Creative AI","floor":44,"key":"SMITH"},{"data":"Apotheosis","floor":49,"key":"SMITH"}],"neow_cost":"NO_GOLD","seed_source_timestamp":529570350680200,"circlet_count":0,"master_deck":["AscendersBane","Defend_B","Defend_B","Zap+1","Dualcast","Ball Lightning","Redo+1","Sunder","White Noise+1","Double Energy+1","Auto Shields","Compile Driver","Conserve Battery","Sweeping Beam","Electrodynamics+1","Gash","Chill","Double Energy","Tempest","Discovery+1","Storm","Conserve Battery","Hologram","Consume","Reinforced Body","Buffer+1","Rainbow","Clumsy","Hologram+1","Defragment","Fusion","Creative AI+1","Sunder","Madness","Madness","Conserve Battery+1","Consume+1","Apotheosis+1","Enlightenment","Defragment","Gash+1","Stack+1","Melter+1"],"special_seed":0,"relics":["Cracked Core","Bird Faced Urn","Matryoshka","Omamori","FossilizedHelix","Du-Vu Doll","Tiny House","Question Card","Cables","Bag of Marbles","Blood Vial","Bottled Lightning","Calling Bell","Dream Catcher","Mercury Hourglass","Prayer Wheel","Mango","MawBank"],"potions_floor_usage":[42,50],"damage_taken":[{"damage":4.0,"enemies":"Jaw Worm","floor":1.0,"turns":4.0},{"damage":0.0,"enemies":"Cultist","floor":3.0,"turns":3.0},{"damage":7.0,"enemies":"Small Slimes","floor":4.0,"turns":2.0},{"damage":0.0,"enemies":"2 Fungi Beasts","floor":5.0,"turns":2.0},{"damage":13.0,"enemies":"Lagavulin","floor":7.0,"turns":5.0},{"damage":27.0,"enemies":"Gremlin Nob","floor":10.0,"turns":4.0},{"damage":0.0,"enemies":"3 Louse","floor":11.0,"turns":1.0},{"damage":12.0,"enemies":"Slime Boss","floor":16.0,"turns":8.0},{"damage":1.0,"enemies":"Shell Parasite","floor":18.0,"turns":4.0},{"damage":0.0,"enemies":"3 Byrds","floor":21.0,"turns":2.0},{"damage":0.0,"enemies":"Centurion and Healer","floor":22.0,"turns":4.0},{"damage":33.0,"enemies":"Book of Stabbing","floor":24.0,"turns":5.0},{"damage":29.0,"enemies":"Slavers","floor":27.0,"turns":4.0},{"damage":6.0,"enemies":"Cultist and Chosen","floor":30.0,"turns":5.0},{"damage":47,"enemies":"Automaton","floor":33,"turns":10},{"damage":0,"enemies":"3 Shapes","floor":35,"turns":3},{"damage":33,"enemies":"Mind Bloom Boss Battle","floor":37,"turns":5},{"damage":0,"enemies":"3 Darklings","floor":39,"turns":3},{"damage":0,"enemies":"Spire Growth","floor":42,"turns":5},{"damage":0,"enemies":"Sphere and 2 Shapes","floor":47,"turns":2},{"damage":20,"enemies":"3 Darklings","floor":48,"turns":5},{"damage":104,"enemies":"Awakened One","floor":50,"turns":5}],"seed_played":"-4927420046975486056","potions_obtained":[{"floor":3.0,"key":"PowerPotion"},{"floor":4.0,"key":"Ancient Potion"},{"floor":10.0,"key":"Explosive Potion"},{"floor":11.0,"key":"EntropicBrew"},{"floor":16.0,"key":"AttackPotion"},{"floor":17.0,"key":"SkillPotion"},{"floor":22.0,"key":"Block Potion"},{"floor":24.0,"key":"Swift Potion"},{"floor":39,"key":"Poison Potion"},{"floor":42,"key":"SpeedPotion"},{"floor":48,"key":"SkillPotion"}],"is_trial":false,"path_per_floor":["M","?","M","M","M","R","E","R","T","E","M","R","$","?","R","B",null,"M","?","$","M","M","R","E","?","T","E","R","$","M","T","R","B",null,"M","?","?","?","M","R","?","M","T","R","$","$","M","M","R","B"],"character_chosen":"DEFECT","items_purchased":["Discovery","Reinforced Body","Apotheosis","Enlightenment","GamblersBrew"],"campfire_rested":2,"item_purchase_floors":[20,29,45,45,46],"current_hp_per_floor":[64,64,64,59,61,61,58,58,58,33,33,55,55,48,48,38,71,74,74,74,76,80,80,49,49,49,26,26,26,26,26,50,15,64,72,72,65,65,73,73,61,79,79,79,79,79,85,77,77,0],"gold":47,"neow_bonus":"ONE_RARE_RELIC","is_prod":false,"is_daily":false,"chose_seed":false,"campfire_upgraded":8,"win_rate":0,"timestamp":1551161214,"path_taken":["M","?","M","?","M","R","E","R","T","E","M","R","$","?","R","BOSS","M","?","$","M","M","R","E","?","T","E","R","?","?","?","R","BOSS","M","?","?","?","?","R","?","M","T","R","?","$","M","M","R","BOSS"],"build_version":"2019-01-23","purchased_purges":2,"victory":false,"max_hp_per_floor":[75,75,75,75,75,75,75,75,75,75,75,75,75,75,75,75,80,80,80,80,80,80,80,80,80,80,80,80,80,80,80,80,80,80,80,80,94,94,94,94,94,94,94,94,94,94,94,94,94,94],"card_choices":[{"not_picked":["Hologram","Force Field"],"picked":"Ball Lightning","floor":1.0},{"not_picked":["Leap","Ball Lightning"],"picked":"White Noise","floor":3.0},{"not_picked":["Self Repair","Compile Driver"],"picked":"Double Energy","floor":4.0},{"not_picked":["Chill","Doom and Gloom"],"picked":"Auto Shields","floor":5.0},{"not_picked":["Scrape","Recycle"],"picked":"Compile Driver","floor":7.0},{"not_picked":["FTL","Ball Lightning"],"picked":"Conserve Battery","floor":10.0},{"not_picked":["Barrage","Rebound"],"picked":"Sweeping Beam","floor":11.0},{"not_picked":["Hyperbeam","Rainbow"],"picked":"Electrodynamics","floor":16.0},{"not_picked":["Compile Driver","Steam Power"],"picked":"Gash","floor":17.0},{"not_picked":["Aggregate+1","Compile Driver"],"picked":"Chill","floor":18.0},{"not_picked":["Beam Cell","Sweeping Beam"],"picked":"Storm","floor":21.0},{"not_picked":["Steam","Storm"],"picked":"Conserve Battery","floor":22.0},{"not_picked":["Coolheaded","Undo"],"picked":"Hologram","floor":24.0},{"not_picked":["Cold Snap+1","Doom and Gloom","Coolheaded"],"picked":"Consume","floor":27.0},{"not_picked":["Recycle","Doom and Gloom+1","Steam"],"picked":"Buffer","floor":30},{"not_picked":["Amplify","Hyperbeam","All For One"],"picked":"Rainbow","floor":33},{"not_picked":["Double Energy","Turbo","Skim"],"picked":"Hologram+1","floor":35},{"not_picked":["Ball Lightning","Conserve Battery","Gash"],"picked":"Defragment","floor":35},{"not_picked":["Reinforced Body","Redo","Stack"],"picked":"Fusion","floor":37},{"not_picked":["Hologram","Barrage","Sweeping Beam"],"picked":"Creative AI","floor":39},{"not_picked":["Doom and Gloom","Genetic Algorithm+1","Cold Snap"],"picked":"Sunder","floor":39},{"not_picked":["Steam","Sweeping Beam","Hologram"],"picked":"Conserve Battery+1","floor":42},{"not_picked":["Darkness","Beam Cell","Machine Learning"],"picked":"Consume+1","floor":42},{"not_picked":["Rebound","Redo+1","Compile Driver+1"],"picked":"Defragment","floor":47},{"not_picked":["Cold Snap","Compile Driver+1","Ball Lightning"],"picked":"Gash+1","floor":47},{"not_picked":["Sweeping Beam","Leap","Beam Cell"],"picked":"Stack+1","floor":48},{"not_picked":["Rebound","Steam","Buffer"],"picked":"Melter+1","floor":48}],"player_experience":860884,"relics_obtained":[{"floor":7.0,"key":"Matryoshka"},{"floor":9.0,"key":"Omamori"},{"floor":9.0,"key":"FossilizedHelix"},{"floor":10.0,"key":"Du-Vu Doll"},{"floor":24.0,"key":"Question Card"},{"floor":26.0,"key":"Cables"},{"floor":26.0,"key":"Bag of Marbles"},{"floor":27.0,"key":"Blood Vial"},{"floor":31,"key":"Bottled Lightning"},{"floor":34,"key":"Dream Catcher"},{"floor":34,"key":"Mercury Hourglass"},{"floor":34,"key":"Prayer Wheel"},{"floor":37,"key":"Mango"},{"floor":43,"key":"MawBank"}],"event_choices":[{"damage_healed":0.0,"max_hp_gain":0.0,"max_hp_loss":0.0,"gold_gain":0.0,"event_name":"Match and Keep!","player_choice":"2 cards matched","floor":2.0,"gold_loss":0.0,"damage_taken":0.0,"cards_obtained":["Redo","Sunder"]},{"cards_removed":["Strike_B"],"damage_healed":0.0,"max_hp_gain":0.0,"max_hp_loss":0.0,"gold_gain":0.0,"event_name":"Golden Wing","player_choice":"Card Removal","floor":14.0,"gold_loss":0.0,"damage_taken":7.0},{"damage_healed":0.0,"max_hp_gain":0.0,"max_hp_loss":0.0,"gold_gain":0.0,"cards_transformed":["Strike_B","Strike_B"],"event_name":"Drug Dealer","player_choice":"Became Test Subject","floor":19.0,"gold_loss":0.0,"damage_taken":0.0,"cards_obtained":["Double Energy","Tempest"]},{"damage_healed":0.0,"max_hp_gain":0.0,"max_hp_loss":0.0,"gold_gain":0.0,"event_name":"Beggar","player_choice":"Ignored","floor":25.0,"gold_loss":0.0,"damage_taken":0.0},{"damage_healed":0,"gold_gain":0,"player_choice":"Ignored","damage_taken":0,"max_hp_gain":0,"max_hp_loss":0,"event_name":"Tomb of Lord Red Mask","floor":36,"gold_loss":0},{"damage_healed":0,"gold_gain":0,"player_choice":"Fight","damage_taken":0,"max_hp_gain":0,"max_hp_loss":0,"event_name":"MindBloom","floor":37,"gold_loss":0},{"cards_removed":["Defend_B"],"damage_healed":0,"gold_gain":0,"player_choice":"Offered Basic","damage_taken":0,"max_hp_gain":0,"max_hp_loss":0,"event_name":"Bonfire Elementals","floor":38,"gold_loss":0},{"damage_healed":0,"gold_gain":0,"player_choice":"Embrace Madness","damage_taken":12,"max_hp_gain":0,"max_hp_loss":0,"event_name":"Winding Halls","floor":41,"gold_loss":0,"cards_obtained":["Madness","Madness"]}],"is_beta":false,"boss_relics":[{"not_picked":["Orrery","Philosopher\u0027s Stone"],"picked":"Tiny House"},{"not_picked":["Runic Pyramid","Coffee Dripper"],"picked":"Calling Bell"}],"items_purged_floors":[13,20],"is_endless":false,"potions_floor_spawned":[3,4,10,11,16,22,24,39,42,48],"killed_by":"Awakened One","ascension_level":12}