{"gold_per_floor":[219,235,14,24,24,24,57,107,178,191,218,233,233,233,233,310,360,370,370,370,344,344],"floor_reached":22,"playtime":694,"items_purged":[],"score":378,"play_id":"35f6c202-ad46-4ccc-beb5-619413e84159","local_time":"20191014012430","is_ascension_mode":true,"campfire_choices":[{"floor":6.0,"key":"REST"},{"floor":15,"key":"REST"}],"neow_cost":"NONE","seed_source_timestamp":57078208051500,"circlet_count":0,"master_deck":["AscendersBane","Strike_B","Strike_B","Strike_B","Defend_B","Defend_B","Defend_B","Defend_B","Zap","Dualcast","Go for the Eyes","Go for the Eyes","Cold Snap+1","Leap","Barrage","Reinforced Body","Compile Driver","Rainbow","Cold Snap","Chill","Decay","Loop"],"special_seed":0,"relics":["Cracked Core","Runic Capacitor","Pen Nib","Smiling Mask","Gremlin Horn","Boot","Tiny House","MutagenicStrength"],"potions_floor_usage":[16],"damage_taken":[{"damage":5.0,"enemies":"2 Louse","floor":1.0,"turns":3.0},{"damage":11.0,"enemies":"Jaw Worm","floor":2.0,"turns":4.0},{"damage":0.0,"enemies":"Cultist","floor":4.0,"turns":4.0},{"damage":18.0,"enemies":"Gremlin Nob","floor":7.0,"turns":4.0},{"damage":1.0,"enemies":"Looter","floor":10.0,"turns":3.0},{"damage":36.0,"enemies":"3 Sentries","floor":11.0,"turns":10.0},{"damage":8.0,"enemies":"2 Fungi Beasts","floor":12.0,"turns":3.0},{"damage":22,"enemies":"Slime Boss","floor":16,"turns":14},{"damage":31,"enemies":"Chosen","floor":18,"turns":5},{"damage":13,"enemies":"2 Thieves","floor":21,"turns":4},{"damage":19,"enemies":"Snake Plant","floor":22,"turns":2}],"seed_played":"-9004823808574597673","potions_obtained":[{"floor":1.0,"key":"FocusPotion"},{"floor":10.0,"key":"Regen Potion"},{"floor":11.0,"key":"PowerPotion"},{"floor":17,"key":"PowerPotion"},{"floor":21,"key":"EssenceOfSteel"}],"is_trial":false,"path_per_floor":["M","M","$","M","?","R","E","T","T","M","E","M","?","?","R","B",null,"M","?","?","M","M"],"character_chosen":"DEFECT","items_purchased":["Runic Capacitor"],"campfire_rested":2,"item_purchase_floors":[3],"current_hp_per_floor":[59,48,48,48,48,69,51,51,51,50,29,21,14,14,35,13,62,31,31,31,18,0],"gold":344,"neow_bonus":"HUNDRED_GOLD","is_prod":false,"is_daily":false,"chose_seed":false,"campfire_upgraded":0,"win_rate":0,"timestamp":1571041470,"path_taken":["M","M","$","M","?","R","E","?","T","?","E","M","?","?","R","BOSS","M","?","?","?","M"],"build_version":"2019-07-17","purchased_purges":0,"victory":false,"max_hp_per_floor":[71,71,71,71,71,71,71,71,71,71,71,71,71,71,71,71,76,76,76,76,76,76],"card_choices":[{"not_picked":["Steam Power","Static Discharge"],"picked":"Go for the Eyes","floor":1.0},{"not_picked":["Sweeping Beam","Beam Cell"],"picked":"Go for the Eyes","floor":2.0},{"not_picked":["Conserve Battery","Darkness"],"picked":"Cold Snap","floor":4.0},{"not_picked":["Beam Cell","Stack"],"picked":"Leap","floor":7.0},{"not_picked":["Conserve Battery","Go for the Eyes"],"picked":"Barrage","floor":10.0},{"not_picked":["Capacitor","Tempest"],"picked":"Reinforced Body","floor":11.0},{"not_picked":["Redo","Stack"],"picked":"Compile Driver","floor":12.0},{"not_picked":["Amplify","Reboot"],"picked":"Rainbow","floor":16},{"not_picked":["Turbo","Steam"],"picked":"Cold Snap","floor":17},{"not_picked":["Turbo","Sweeping Beam"],"picked":"Chill","floor":18},{"not_picked":["Stack","Chaos"],"picked":"Loop","floor":21}],"player_experience":698136,"relics_obtained":[{"floor":7.0,"key":"Pen Nib"},{"floor":8.0,"key":"Smiling Mask"},{"floor":9.0,"key":"Gremlin Horn"},{"floor":11.0,"key":"Boot"}],"event_choices":[{"damage_healed":0.0,"max_hp_gain":0.0,"max_hp_loss":0.0,"gold_gain":0.0,"event_name":"Liars Game","player_choice":"Ignored","floor":5.0,"gold_loss":0.0,"damage_taken":0.0},{"cards_removed":["Strike_B"],"damage_healed":0.0,"max_hp_gain":0.0,"max_hp_loss":0.0,"gold_gain":0.0,"event_name":"Golden Wing","player_choice":"Card Removal","floor":13.0,"gold_loss":0.0,"damage_taken":7.0},{"damage_healed":0,"gold_gain":0,"player_choice":"Searched \u00270\u0027 times","damage_taken":0,"max_hp_gain":0,"max_hp_loss":0,"event_name":"Dead Adventurer","floor":14,"gold_loss":0},{"damage_healed":0,"gold_gain":0,"player_choice":"Inject Mutagens","damage_taken":0,"relics_obtained":["MutagenicStrength"],"max_hp_gain":0,"max_hp_loss":0,"event_name":"Drug Dealer","floor":19,"gold_loss":0},{"damage_healed":0,"gold_gain":0,"player_choice":"Smashed Altar","damage_taken":0,"max_hp_gain":0,"max_hp_loss":0,"event_name":"Forgotten Altar","floor":20,"gold_loss":0,"cards_obtained":["Decay"]}],"is_beta":false,"boss_relics":[{"not_picked":["Calling Bell","Snecko Eye"],"picked":"Tiny House"}],"items_purged_floors":[],"is_endless":false,"potions_floor_spawned":[1,10,11,21],"killed_by":"Snake Plant","ascension_level":19}