{"gold_per_floor":[116,116,116,191,32,63,80,111,111,129,129,129,129,145,145,219,219,230,256,256,15,15,15,25,35,89,89,116,127,153,153],"floor_reached":31,"playtime":1394,"items_purged":["Strike_R","Searing Blow"],"score":629,"play_id":"76dd1e44-de7c-4e16-8b3b-38aef099f941","local_time":"20190813052447","is_ascension_mode":true,"campfire_choices":[{"data":"Whirlwind","floor":11,"key":"SMITH"},{"floor":13,"key":"REST"},{"data":"Rampage","floor":15,"key":"SMITH"},{"data":"True Grit","floor":23,"key":"SMITH"},{"data":"Offering","floor":27,"key":"SMITH"}],"neow_cost":"NONE","seed_source_timestamp":908059363337900,"circlet_count":0,"master_deck":["AscendersBane","Bash","Headbutt","Whirlwind+1","Rampage+1","Heavy Blade","Iron Wave+1","Thunderclap","Spot Weakness","Fiend Fire","Clothesline","Ghostly Armor","Offering+1","Rampage","Fire Breathing","Seeing Red","Seeing Red","Sword Boomerang","Burning Pact","Body Slam","Shrug It Off","True Grit+1","Power Through+1","Reaper","Clash","Uppercut","Bludgeon"],"relics":["Burning Blood","NeowsBlessing","Du-Vu Doll","Gambling Chip","Oddly Smooth Stone","Torii","Pandora\u0027s Box","Red Mask","Art of War","Meat on the Bone","Question Card"],"potions_floor_usage":[8,16,28,28,28,30],"damage_taken":[{"damage":0,"enemies":"Jaw Worm","floor":1,"turns":1},{"damage":0,"enemies":"3 Sentries","floor":6,"turns":1},{"damage":0,"enemies":"2 Louse","floor":7,"turns":1},{"damage":40,"enemies":"Lagavulin","floor":8,"turns":5},{"damage":1,"enemies":"Small Slimes","floor":10,"turns":3},{"damage":1,"enemies":"Looter","floor":14,"turns":2},{"damage":16,"enemies":"Hexaghost","floor":16,"turns":10},{"damage":6,"enemies":"Chosen","floor":18,"turns":3},{"damage":0,"enemies":"Masked Bandits","floor":19,"turns":1},{"damage":21,"enemies":"Shell Parasite","floor":24,"turns":3},{"damage":7,"enemies":"Snake Plant","floor":25,"turns":4},{"damage":6,"enemies":"Slavers","floor":28,"turns":1},{"damage":31,"enemies":"Shelled Parasite and Fungi","floor":29,"turns":4},{"damage":45,"enemies":"Gremlin Leader","floor":30,"turns":8},{"damage":31,"enemies":"Cultist and Chosen","floor":31,"turns":5}],"seed_played":"6563776298967736706","potions_obtained":[{"floor":7,"key":"Poison Potion"},{"floor":10,"key":"GamblersBrew"},{"floor":16,"key":"Poison Potion"},{"floor":22,"key":"EntropicBrew"},{"floor":25,"key":"PowerPotion"},{"floor":28,"key":"Weak Potion"}],"is_trial":false,"path_per_floor":["M","$","?","?","$","E","M","E","T","M","R","?","R","M","R","B",null,"M","?","?","$","?","R","M","M","T","R","E","M","E","M"],"character_chosen":"IRONCLAD","items_purchased":["Whirlwind","Shrug It Off","True Grit","Strength Potion"],"campfire_rested":1,"item_purchase_floors":[5,21,21,21],"current_hp_per_floor":[74,74,69,58,58,64,70,36,36,41,41,18,40,45,45,35,65,65,71,71,71,71,71,56,55,55,55,55,42,20,0],"gold":153,"neow_bonus":"THREE_ENEMY_KILL","is_prod":false,"is_daily":false,"chose_seed":false,"campfire_upgraded":4,"win_rate":0,"timestamp":1565666687,"path_taken":["M","$","?","?","$","E","M","E","T","M","R","?","R","M","R","BOSS","M","?","?","$","?","R","M","M","T","R","E","M","E","M"],"build_version":"2019-07-17","purchased_purges":2,"victory":false,"max_hp_per_floor":[75,75,75,75,75,75,75,75,75,75,75,75,75,75,75,75,75,75,75,75,75,75,75,75,75,75,75,75,75,75,75],"card_choices":[{"not_picked":["Pommel Strike","Clash"],"picked":"Headbutt","floor":1},{"not_picked":["Ghostly Armor","Clothesline"],"picked":"Rampage","floor":6},{"not_picked":["Cleave","Warcry"],"picked":"Heavy Blade","floor":7},{"not_picked":["Shrug It Off","Rage"],"picked":"Iron Wave","floor":8},{"not_picked":["Sword Boomerang","Clash"],"picked":"Thunderclap","floor":10},{"not_picked":["Sword Boomerang","Reckless Charge"],"picked":"Spot Weakness","floor":14},{"not_picked":["Immolate","Exhume"],"picked":"Fiend Fire","floor":16},{"not_picked":["Cleave","Hemokinesis"],"picked":"Sword Boomerang","floor":18},{"not_picked":["Headbutt","Pommel Strike+1"],"picked":"Burning Pact","floor":19},{"not_picked":["Bloodletting","Twin Strike"],"picked":"Power Through+1","floor":24},{"not_picked":["Bloodletting","Headbutt"],"picked":"Reaper","floor":25},{"not_picked":["Warcry","True Grit"],"picked":"Clash","floor":28},{"not_picked":["Perfected Strike","Heavy Blade"],"picked":"Uppercut","floor":29},{"not_picked":["Sword Boomerang","Thunderclap"],"picked":"Bludgeon","floor":30}],"player_experience":1873145,"relics_obtained":[{"floor":6,"key":"Gambling Chip"},{"floor":8,"key":"Oddly Smooth Stone"},{"floor":9,"key":"Torii"},{"floor":19,"key":"Red Mask"},{"floor":26,"key":"Art of War"},{"floor":28,"key":"Meat on the Bone"},{"floor":30,"key":"Question Card"}],"event_choices":[{"damage_healed":0,"gold_gain":0,"player_choice":"Success","damage_taken":5,"relics_obtained":["Du-Vu Doll"],"max_hp_gain":0,"max_hp_loss":0,"event_name":"Scrap Ooze","floor":3,"gold_loss":0},{"damage_healed":0,"gold_gain":75,"player_choice":"Gather Gold","damage_taken":11,"max_hp_gain":0,"max_hp_loss":0,"event_name":"World of Goop","floor":4,"gold_loss":0},{"damage_healed":0,"gold_gain":0,"player_choice":"Entered Light","damage_taken":23,"max_hp_gain":0,"max_hp_loss":0,"event_name":"Shining Light","floor":12,"gold_loss":0,"cards_upgraded":["Iron Wave","Defend_R"]},{"damage_healed":0,"gold_gain":0,"player_choice":"Fought Bandits","damage_taken":0,"max_hp_gain":0,"max_hp_loss":0,"event_name":"Masked Bandits","floor":19,"gold_loss":0},{"damage_healed":0,"gold_gain":0,"player_choice":"Read","damage_taken":0,"max_hp_gain":0,"max_hp_loss":0,"event_name":"The Library","floor":20,"gold_loss":0,"cards_obtained":["Body Slam"]},{"damage_healed":0,"gold_gain":0,"player_choice":"Got Potions","damage_taken":0,"max_hp_gain":0,"max_hp_loss":0,"event_name":"Lab","floor":22,"gold_loss":0}],"is_beta":false,"boss_relics":[{"not_picked":["Runic Cube","Orrery"],"picked":"Pandora\u0027s Box"}],"items_purged_floors":[5,21],"is_endless":false,"potions_floor_spawned":[7,10,16,25,28],"killed_by":"Cultist and Chosen","ascension_level":18}