{"gold_per_floor":[117,129,129,204,223,223,258,258,258,275,275,294,294,369,369,466,466,486,786,801,801,811,811,454,454,454,454,454,470,385,60,60,156,156,176,51,51,71,90,90,105,121,193,0,0,15,15,26,26,26],"floor_reached":50,"playtime":1163,"items_purged":["Strike_R","Strike_R","Bash"],"score":567,"play_id":"7c114612-feec-4dcd-9ea1-1716c8a425d9","local_time":"20190101145506","is_ascension_mode":false,"campfire_choices":[{"data":"Hemokinesis","floor":6.0,"key":"SMITH"},{"data":"Feed","floor":8.0,"key":"SMITH"},{"data":"Whirlwind","floor":13.0,"key":"SMITH"},{"data":"Shrug It Off","floor":15.0,"key":"SMITH"},{"floor":23.0,"key":"REST"},{"data":"Rupture","floor":25.0,"key":"SMITH"},{"data":"Iron Wave","floor":27.0,"key":"SMITH"},{"data":"Hemokinesis","floor":32.0,"key":"SMITH"},{"data":"Body Slam","floor":40.0,"key":"SMITH"},{"floor":49,"key":"REST"}],"neow_cost":"NONE","seed_source_timestamp":883680117255868,"circlet_count":0,"master_deck":["Defend_R+1","Defend_R+1","Defend_R","Defend_R","Shrug It Off+1","Hemokinesis+1","Shrug It Off","Feed+1","Hemokinesis+1","Whirlwind+1","Immolate","Iron Wave+1","Body Slam+1","Iron Wave+1","Rupture+1","True Grit+1","Hemokinesis+1","Offering+1","Body Slam+1","Shrug It Off+1","True Grit+1","Sword Boomerang+1","Body Slam+1","Parasite","Body Slam+1"],"special_seed":0,"relics":["Black Blood","Centennial Puzzle","Pear","Empty Cage","Old Coin","War Paint","Lee\u0027s Waffle","Bottled Tornado","Toxic Egg 2","Orichalcum","Kunai","Red Mask"],"potions_floor_usage":[],"damage_taken":[{"damage":11.0,"enemies":"Jaw Worm","floor":1.0,"turns":3.0},{"damage":0.0,"enemies":"Small Slimes","floor":2.0,"turns":3.0},{"damage":6.0,"enemies":"Cultist","floor":5.0,"turns":3.0},{"damage":34.0,"enemies":"3 Sentries","floor":7.0,"turns":9.0},{"damage":11.0,"enemies":"2 Fungi Beasts","floor":10.0,"turns":2.0},{"damage":4.0,"enemies":"Blue Slaver","floor":12.0,"turns":1.0},{"damage":27.0,"enemies":"Slime Boss","floor":16.0,"turns":8.0},{"damage":21.0,"enemies":"3 Byrds","floor":18.0,"turns":4.0},{"damage":21.0,"enemies":"Shell Parasite","floor":20.0,"turns":5.0},{"damage":23.0,"enemies":"Chosen and Byrds","floor":22.0,"turns":7.0},{"damage":16.0,"enemies":"Cultist and Chosen","floor":29.0,"turns":4.0},{"damage":98.0,"enemies":"Automaton","floor":33.0,"turns":12.0},{"damage":10.0,"enemies":"Orb Walker","floor":35.0,"turns":2.0},{"damage":10.0,"enemies":"3 Shapes","floor":38.0,"turns":4.0},{"damage":42.0,"enemies":"Sphere and 2 Shapes","floor":39.0,"turns":3.0},{"damage":19.0,"enemies":"4 Shapes","floor":41.0,"turns":5.0},{"damage":27.0,"enemies":"3 Darklings","floor":42.0,"turns":3.0},{"damage":14.0,"enemies":"Spire Growth","floor":46.0,"turns":3.0},{"damage":18,"enemies":"Writhing Mass","floor":48,"turns":5},{"damage":104,"enemies":"Time Eater","floor":50,"turns":10}],"seed_played":"711635881470134551","potions_obtained":[{"floor":2.0,"key":"FearPotion"},{"floor":10.0,"key":"Ancient Potion"},{"floor":12.0,"key":"SkillPotion"},{"floor":16.0,"key":"SkillPotion"},{"floor":38.0,"key":"SteroidPotion"},{"floor":41.0,"key":"GamblersBrew"},{"floor":42.0,"key":"SneckoOil"}],"is_trial":false,"path_per_floor":["M","M","?","?","M","R","E","R","T","M","?","M","R","?","R","B",null,"M","?","M","T","M","R","$","R","T","R","?","M","?","$","R","B",null,"M","$","?","M","M","R","M","M","T","?","$","M","?","M","R","B"],"character_chosen":"IRONCLAD","items_purchased":["Lee\u0027s Waffle","Iron Wave","Rupture","Orichalcum","Hemokinesis"],"campfire_rested":2,"item_purchase_floors":[24,24,24,31,31],"current_hp_per_floor":[83,88,81,73,73,73,45,45,55,54,54,60,60,49,49,32,110,99,99,84,84,67,101,121,121,121,121,121,115,115,115,115,23,125,125,125,125,129,97,97,88,71,71,71,71,67,67,59,97,0],"gold":26,"neow_bonus":"TEN_PERCENT_HP_BONUS","is_prod":false,"is_daily":false,"chose_seed":false,"campfire_upgraded":8,"win_rate":0,"timestamp":1546350906,"path_taken":["M","M","?","?","M","R","E","R","T","?","?","M","R","?","R","BOSS","M","?","M","?","?","R","?","R","T","R","?","M","?","$","R","BOSS","M","$","?","M","M","R","M","M","T","?","$","M","?","?","R","BOSS"],"build_version":"2018-12-20","purchased_purges":3,"victory":false,"max_hp_per_floor":[88,88,88,88,88,88,88,88,98,102,102,106,106,106,106,110,110,114,114,114,114,114,114,121,121,121,121,121,125,125,125,125,125,125,125,125,125,129,129,129,129,129,129,129,129,129,129,129,129,129],"card_choices":[{"not_picked":["Armaments","Wild Strike"],"picked":"Shrug It Off","floor":1.0},{"not_picked":["Flex","Armaments"],"picked":"Hemokinesis","floor":2.0},{"not_picked":["Thunderclap","Combust"],"picked":"Shrug It Off","floor":5.0},{"not_picked":["Heavy Blade","Intimidate"],"picked":"Feed","floor":7.0},{"not_picked":["Dropkick","Fire Breathing"],"picked":"Hemokinesis","floor":10.0},{"not_picked":["Warcry","Body Slam"],"picked":"Whirlwind","floor":12.0},{"not_picked":["Bludgeon","Offering"],"picked":"Immolate","floor":16.0},{"not_picked":["Twin Strike","Combust","Havoc"],"picked":"SKIP","floor":18.0},{"not_picked":["Heavy Blade","Spot Weakness"],"picked":"Iron Wave+1","floor":20.0},{"not_picked":["Twin Strike","Corruption"],"picked":"Body Slam+1","floor":22.0},{"not_picked":["Headbutt","Entrench"],"picked":"True Grit+1","floor":29.0},{"not_picked":["Demon Form","Immolate"],"picked":"Offering+1","floor":33.0},{"not_picked":["Armaments+1","Burning Pact+1"],"picked":"Inflame+1","floor":35.0},{"not_picked":["Sentinel+1","Ghostly Armor+1"],"picked":"Body Slam","floor":38.0},{"not_picked":["Havoc+1","Carnage+1"],"picked":"Shrug It Off+1","floor":39.0},{"not_picked":["Sentinel+1","Warcry+1"],"picked":"True Grit+1","floor":41.0},{"not_picked":["Clothesline","Body Slam"],"picked":"Sword Boomerang+1","floor":42.0},{"not_picked":["Searing Blow+1","Havoc+1"],"picked":"Body Slam+1","floor":46.0},{"not_picked":["Infernal Blade+1","Thunderclap+1"],"picked":"Body Slam+1","floor":48}],"player_experience":562740,"relics_obtained":[{"floor":7.0,"key":"Centennial Puzzle"},{"floor":9.0,"key":"Pear"},{"floor":21.0,"key":"War Paint"},{"floor":26.0,"key":"Bottled Tornado"},{"floor":43.0,"key":"Kunai"}],"event_choices":[{"cards_removed":["Strike_R"],"damage_healed":0.0,"max_hp_gain":0.0,"max_hp_loss":0.0,"gold_gain":0.0,"event_name":"Golden Wing","player_choice":"Card Removal","floor":3.0,"gold_loss":0.0,"damage_taken":7.0},{"damage_healed":0.0,"max_hp_gain":0.0,"max_hp_loss":0.0,"gold_gain":75.0,"event_name":"FaceTrader","player_choice":"Touch","floor":4.0,"gold_loss":0.0,"damage_taken":8.0},{"damage_healed":0.0,"max_hp_gain":0.0,"max_hp_loss":0.0,"gold_gain":0.0,"event_name":"Living Wall","player_choice":"Grow","floor":11.0,"gold_loss":0.0,"damage_taken":0.0,"cards_upgraded":["Hemokinesis"]},{"damage_healed":0.0,"max_hp_gain":0.0,"max_hp_loss":0.0,"gold_gain":75.0,"event_name":"World of Goop","player_choice":"Gather Gold","floor":14.0,"gold_loss":0.0,"damage_taken":11.0},{"damage_healed":0.0,"max_hp_gain":0.0,"max_hp_loss":0.0,"gold_gain":0.0,"event_name":"The Mausoleum","player_choice":"Opened","floor":19.0,"gold_loss":0.0,"damage_taken":0.0,"relics_obtained":["Old Coin"]},{"damage_healed":0.0,"max_hp_gain":0.0,"max_hp_loss":0.0,"gold_gain":0.0,"event_name":"Ghosts","player_choice":"Ignored","floor":28.0,"gold_loss":0.0,"damage_taken":0.0},{"damage_healed":0.0,"max_hp_gain":0.0,"max_hp_loss":0.0,"gold_gain":0.0,"event_name":"Addict","player_choice":"Obtained Relic","floor":30.0,"gold_loss":85.0,"damage_taken":0.0,"relics_obtained":["Toxic Egg 2"]},{"cards_removed":["Inflame"],"damage_healed":0.0,"max_hp_gain":0.0,"max_hp_loss":0.0,"gold_gain":0.0,"event_name":"Falling","player_choice":"Removed Power","floor":37.0,"gold_loss":0.0,"damage_taken":0.0},{"damage_healed":0.0,"max_hp_gain":0.0,"max_hp_loss":0.0,"gold_gain":0.0,"event_name":"Tomb of Lord Red Mask","player_choice":"Paid","floor":44.0,"gold_loss":193.0,"damage_taken":0.0,"relics_obtained":["Red Mask"]},{"damage_healed":0.0,"max_hp_gain":0.0,"max_hp_loss":0.0,"gold_gain":0.0,"event_name":"Mysterious Sphere","player_choice":"Ignored","floor":47.0,"gold_loss":0.0,"damage_taken":0.0}],"is_beta":false,"boss_relics":[{"not_picked":["Ectoplasm","Busted Crown"],"picked":"Empty Cage"},{"not_picked":["Velvet Choker","Lizard Tail"],"picked":"Black Blood"}],"items_purged_floors":[24,31,36],"is_endless":false,"potions_floor_spawned":[2,10,12,16,38,41,42],"killed_by":"Time Eater","ascension_level":0}