{"gold_per_floor":[20,37,53,63,83,83,109,109,132,57,207,207,218,218,218,218],"floor_reached":16,"playtime":502,"items_purged":["Strike_R"],"score":204,"play_id":"1ff14cbb-ec3c-485d-8e2f-4e8a815f297a","local_time":"20190225212016","is_ascension_mode":true,"campfire_choices":[{"data":"Searing Blow","floor":6.0,"key":"SMITH"},{"data":"Searing Blow+1","floor":8.0,"key":"SMITH"},{"data":"Searing Blow+2","floor":15.0,"key":"SMITH"}],"neow_cost":"NO_GOLD","seed_source_timestamp":811095038429125,"circlet_count":0,"master_deck":["AscendersBane","Strike_R","Strike_R","Defend_R","Defend_R","Defend_R","Defend_R","Bash","Reaper","Searing Blow+3","Fire Breathing","Armaments","Flame Barrier","Pommel Strike","Armaments","Iron Wave"],"special_seed":0,"relics":["Burning Blood","Meat on the Bone","Orichalcum","Golden Idol"],"potions_floor_usage":[],"damage_taken":[{"damage":4.0,"enemies":"2 Louse","floor":1.0,"turns":3.0},{"damage":9.0,"enemies":"Jaw Worm","floor":2.0,"turns":4.0},{"damage":15.0,"enemies":"Small Slimes","floor":3.0,"turns":4.0},{"damage":10.0,"enemies":"3 Louse","floor":4.0,"turns":4.0},{"damage":14.0,"enemies":"Exordium Wildlife","floor":5.0,"turns":5.0},{"damage":28.0,"enemies":"3 Sentries","floor":7.0,"turns":11.0},{"damage":25.0,"enemies":"Lots of Slimes","floor":13.0,"turns":4.0},{"damage":60,"enemies":"Slime Boss","floor":16,"turns":7}],"seed_played":"-4196812818370332456","potions_obtained":[{"floor":2.0,"key":"Poison Potion"},{"floor":3.0,"key":"SkillPotion"}],"is_trial":false,"path_per_floor":["M","M","M","M","M","R","E","R","T","$","?","?","M","?","R","B"],"character_chosen":"IRONCLAD","items_purchased":[],"campfire_rested":0,"item_purchase_floors":[],"current_hp_per_floor":[74,71,62,70,62,62,44,44,44,44,44,37,42,42,42,0],"gold":218,"neow_bonus":"TRANSFORM_TWO_CARDS","is_prod":false,"is_daily":false,"chose_seed":false,"campfire_upgraded":3,"win_rate":0,"timestamp":1551126016,"path_taken":["M","M","M","M","M","R","E","R","T","$","?","?","M","?","R","BOSS"],"build_version":"2019-01-23","purchased_purges":1,"victory":false,"max_hp_per_floor":[75,75,75,75,75,75,75,75,75,75,75,75,75,68,68,68],"card_choices":[{"not_picked":["Clash","Havoc"],"picked":"Fire Breathing","floor":1.0},{"not_picked":["Sword Boomerang","True Grit"],"picked":"Armaments","floor":2.0},{"not_picked":["Clothesline","Flex"],"picked":"Flame Barrier","floor":3.0},{"not_picked":["Body Slam","Havoc"],"picked":"Pommel Strike","floor":4.0},{"not_picked":["Rupture","Heavy Blade","Brutality"],"picked":"SKIP","floor":5.0},{"not_picked":["True Grit","Cleave"],"picked":"Armaments","floor":7.0},{"not_picked":["Flame Barrier","Berserk"],"picked":"Iron Wave","floor":13.0}],"player_experience":666637,"relics_obtained":[{"floor":7.0,"key":"Meat on the Bone"},{"floor":9.0,"key":"Orichalcum"}],"event_choices":[{"damage_healed":0.0,"max_hp_gain":0.0,"max_hp_loss":0.0,"gold_gain":150.0,"event_name":"Liars Game","player_choice":"AGREE","floor":11.0,"gold_loss":0.0,"damage_taken":0.0,"cards_obtained":["Doubt"]},{"cards_removed":["Doubt"],"damage_healed":0.0,"max_hp_gain":0.0,"max_hp_loss":0.0,"gold_gain":0.0,"event_name":"Golden Wing","player_choice":"Card Removal","floor":12.0,"gold_loss":0.0,"damage_taken":7.0},{"damage_healed":0.0,"max_hp_gain":0.0,"max_hp_loss":7.0,"gold_gain":0.0,"event_name":"Golden Idol","player_choice":"Lose Max HP","floor":14.0,"gold_loss":0.0,"damage_taken":0.0,"relics_obtained":["Golden Idol"]}],"is_beta":false,"boss_relics":[],"items_purged_floors":[10],"is_endless":false,"potions_floor_spawned":[2,3],"killed_by":"Slime Boss","ascension_level":20}