{"gold_per_floor":[119,130,16,16,31,31,71,71,71,102,127,127],"floor_reached":12,"playtime":398,"items_purged":["Strike_B"],"score":203,"play_id":"6747ef18-c305-4cb9-86f2-0fa945f3a241","local_time":"20190616085916","is_ascension_mode":true,"campfire_choices":[{"data":"Zap","floor":6,"key":"SMITH"},{"data":"Buffer","floor":8,"key":"SMITH"}],"neow_cost":"NONE","seed_source_timestamp":376982191090200,"circlet_count":0,"master_deck":["AscendersBane","Strike_B","Strike_B","Strike_B","Defend_B","Defend_B","Defend_B","Defend_B","Zap+1","Dualcast","Cold Snap","Cold Snap","Auto Shields","Injury","Conserve Battery","Buffer+1","Steam","Genetic Algorithm"],"relics":["Cracked Core","NeowsBlessing","Golden Idol","Singing Bowl","Shuriken","Letter Opener"],"potions_floor_usage":[10,12],"damage_taken":[{"damage":0,"enemies":"Cultist","floor":1,"turns":1},{"damage":0,"enemies":"2 Louse","floor":2,"turns":1},{"damage":0,"enemies":"Jaw Worm","floor":5,"turns":1},{"damage":13,"enemies":"Lagavulin","floor":7,"turns":9},{"damage":0,"enemies":"3 Sentries","floor":10,"turns":11},{"damage":15,"enemies":"Exordium Wildlife","floor":11,"turns":7},{"damage":42,"enemies":"Gremlin Nob","floor":12,"turns":6}],"seed_played":"1005679884294412265","potions_obtained":[{"floor":7,"key":"EssenceOfSteel"},{"floor":11,"key":"FearPotion"}],"is_trial":false,"path_per_floor":["M","M","$","?","M","R","E","R","T","E","M","E"],"character_chosen":"DEFECT","items_purchased":["Auto Shields"],"campfire_rested":0,"item_purchase_floors":[3],"current_hp_per_floor":[64,64,64,64,64,64,51,51,51,51,36,0],"gold":127,"neow_bonus":"THREE_ENEMY_KILL","is_prod":false,"is_daily":false,"chose_seed":false,"campfire_upgraded":2,"win_rate":0,"timestamp":1560668356,"path_taken":["M","?","$","?","M","R","E","R","T","E","M","E"],"build_version":"2019-01-23","purchased_purges":1,"victory":false,"max_hp_per_floor":[71,71,71,71,71,71,71,71,71,71,71,71],"card_choices":[{"not_picked":["Stack","Melter"],"picked":"Cold Snap","floor":1},{"not_picked":["Static Discharge","Turbo"],"picked":"Cold Snap","floor":2},{"not_picked":["Darkness","Beam Cell"],"picked":"Conserve Battery","floor":5},{"not_picked":["Sweeping Beam","Conserve Battery"],"picked":"Buffer","floor":7},{"not_picked":["Conserve Battery","Recycle"],"picked":"Steam","floor":10},{"not_picked":["Fusion","Glacier"],"picked":"Genetic Algorithm","floor":11}],"player_experience":1372917,"relics_obtained":[{"floor":7,"key":"Singing Bowl"},{"floor":9,"key":"Shuriken"},{"floor":10,"key":"Letter Opener"}],"event_choices":[{"damage_healed":0,"gold_gain":0,"player_choice":"Take Wound","damage_taken":0,"relics_obtained":["Golden Idol"],"max_hp_gain":0,"max_hp_loss":0,"event_name":"Golden Idol","floor":4,"gold_loss":0,"cards_obtained":["Injury"]}],"is_beta":false,"boss_relics":[],"items_purged_floors":[3],"is_endless":false,"potions_floor_spawned":[7,11],"killed_by":"Gremlin Nob","ascension_level":16}