{"gold_per_floor":[115,38,38,50,66,66,100,175,202,237,237,237,253,268,268,347,347,347,347,38,38,38,38,38,38,38,38,38,38,38,38,38,38,38,38,38,38,38,38,38,38,38,38,38,38,38,38,38,38,38,38],"floor_reached":51,"playtime":3329,"items_purged":[],"score":1495,"play_id":"855d6072-f791-45a0-a6cb-7f026f1fecc2","local_time":"20190713233321","is_ascension_mode":true,"campfire_choices":[{"data":"Streamline","floor":6.0,"key":"SMITH"},{"floor":11.0,"key":"REST"},{"data":"Zap","floor":15.0,"key":"SMITH"},{"floor":29.0,"key":"REST"},{"data":"Barrage","floor":32.0,"key":"SMITH"},{"floor":40,"key":"REST"},{"floor":47,"key":"REST"},{"floor":49,"key":"REST"}],"neow_cost":"NONE","seed_source_timestamp":0,"circlet_count":0,"master_deck":["AscendersBane","Defend_B","Defend_B","Defend_B","Zap+1","Dualcast","Coolheaded","Undo","Streamline+1","Steam","FTL","Cold Snap","Fission+1","Doom and Gloom","Biased Cognition","Loop+1","Heatsinks","Rip and Tear+1","Bite","Bite","Bite","Bite","Bite","Glacier","Hologram","Barrage+1","Echo Form","Sweeping Beam+1","Defragment+1","Regret","Stack+1","Hologram","Darkness","Storm+1","Hello World","Electrodynamics","Go for the Eyes+1","Cold Snap"],"special_seed":0,"relics":["Cracked Core","NeowsBlessing","Bag of Marbles","Dream Catcher","Mummified Hand","Ectoplasm","Runic Capacitor","Centennial Puzzle","Cables","Bag of Preparation","Empty Cage","Turnip","Pear","Omamori","Mercury Hourglass"],"potions_floor_usage":[33,46,50,51],"damage_taken":[{"damage":0.0,"enemies":"Cultist","floor":1.0,"turns":1.0},{"damage":0.0,"enemies":"Jaw Worm","floor":4.0,"turns":1.0},{"damage":0.0,"enemies":"Small Slimes","floor":5.0,"turns":1.0},{"damage":25.0,"enemies":"Lagavulin","floor":7.0,"turns":5.0},{"damage":21.0,"enemies":"3 Sentries","floor":10.0,"turns":7.0},{"damage":0.0,"enemies":"2 Fungi Beasts","floor":13.0,"turns":1.0},{"damage":1.0,"enemies":"3 Louse","floor":14.0,"turns":3.0},{"damage":32.0,"enemies":"Hexaghost","floor":16.0,"turns":10.0},{"damage":0.0,"enemies":"Chosen","floor":18.0,"turns":5.0},{"damage":16.0,"enemies":"3 Byrds","floor":19.0,"turns":5.0},{"damage":0.0,"enemies":"Cultist and Chosen","floor":21.0,"turns":5.0},{"damage":42.0,"enemies":"Gremlin Leader","floor":23.0,"turns":7.0},{"damage":6.0,"enemies":"Sentry and Sphere","floor":25.0,"turns":8.0},{"damage":6.0,"enemies":"Snecko","floor":30.0,"turns":7.0},{"damage":0.0,"enemies":"Centurion and Healer","floor":31.0,"turns":5.0},{"damage":30,"enemies":"Automaton","floor":33,"turns":9},{"damage":3,"enemies":"3 Shapes","floor":35,"turns":3},{"damage":28,"enemies":"3 Darklings","floor":36,"turns":5},{"damage":34,"enemies":"2 Orb Walkers","floor":39,"turns":5},{"damage":30,"enemies":"Giant Head","floor":41,"turns":10},{"damage":15,"enemies":"4 Shapes","floor":44,"turns":10},{"damage":33,"enemies":"Reptomancer","floor":46,"turns":6},{"damage":10,"enemies":"Writhing Mass","floor":48,"turns":3},{"damage":38,"enemies":"Donu and Deca","floor":50,"turns":8},{"damage":26,"enemies":"Awakened One","floor":51,"turns":3}],"seed_played":"-2452844329708277747","potions_obtained":[{"floor":3.0,"key":"FocusPotion"},{"floor":3.0,"key":"FocusPotion"},{"floor":7.0,"key":"Explosive Potion"},{"floor":10.0,"key":"Regen Potion"},{"floor":16.0,"key":"Dexterity Potion"},{"floor":19.0,"key":"GamblersBrew"},{"floor":25.0,"key":"Ancient Potion"},{"floor":44,"key":"AttackPotion"},{"floor":46,"key":"Strength Potion"}],"is_trial":false,"path_per_floor":["M","$","?","M","M","R","E","?","T","E","R","?","M","M","R","B",null,"M","M","$","M","?","E","?","M","T","?","?","R","M","M","R","B",null,"M","M","?","$","?","R","E","?","T","M","?","E","R","M","R","B","B"],"character_chosen":"DEFECT","items_purchased":["Undo","Runic Capacitor","Heatsinks"],"campfire_rested":5,"item_purchase_floors":[2,20,20],"current_hp_per_floor":[64,64,64,64,64,64,39,28,28,7,28,28,28,27,27,10,56,56,40,40,40,40,14,14,22,22,10,10,26,34,40,40,18,45,54,40,40,40,14,30,36,36,36,33,33,14,33,31,50,22,0],"gold":38,"neow_bonus":"THREE_ENEMY_KILL","is_prod":false,"is_daily":false,"chose_seed":false,"campfire_upgraded":3,"win_rate":0,"timestamp":1563057201,"path_taken":["M","?","?","?","M","R","E","?","T","E","R","?","M","M","R","BOSS","M","M","$","M","?","E","?","M","T","?","?","R","M","M","R","BOSS","M","M","?","?","?","R","E","?","T","?","?","E","R","M","R","BOSS","BOSS"],"build_version":"2019-07-05","purchased_purges":0,"victory":false,"max_hp_per_floor":[71,71,71,71,71,71,71,71,71,71,71,71,71,71,71,71,71,71,71,71,71,49,49,49,49,49,54,54,54,54,54,54,54,54,54,54,54,54,54,54,64,64,64,64,64,64,64,64,64,64,64],"card_choices":[{"not_picked":["Cold Snap","Chaos"],"picked":"Coolheaded","floor":1.0},{"not_picked":["Turbo","BootSequence"],"picked":"Streamline","floor":4.0},{"not_picked":["Streamline","Leap"],"picked":"Steam","floor":5.0},{"not_picked":["Recycle","Streamline"],"picked":"FTL","floor":7.0},{"not_picked":["Gash","Ball Lightning"],"picked":"Cold Snap","floor":10.0},{"not_picked":["Ball Lightning","Turbo"],"picked":"Fission","floor":11.0},{"not_picked":["Redo","Rebound"],"picked":"Doom and Gloom","floor":13.0},{"not_picked":["Sweeping Beam","Beam Cell","Chaos"],"picked":"SKIP","floor":14.0},{"not_picked":["Hyperbeam","Multi-Cast"],"picked":"Biased Cognition","floor":16.0},{"not_picked":["Compile Driver","Coolheaded"],"picked":"Loop","floor":18.0},{"not_picked":["Redo","Go for the Eyes","Recycle"],"picked":"SKIP","floor":19.0},{"not_picked":["Coolheaded","Steam Power+1"],"picked":"Rip and Tear+1","floor":21.0},{"not_picked":["Beam Cell","Barrage"],"picked":"Glacier","floor":23.0},{"not_picked":["Leap","Lockon","Steam"],"picked":"SKIP","floor":25.0},{"not_picked":["Turbo","Reprogram"],"picked":"Redo+1","floor":29.0},{"not_picked":["Sweeping Beam+1","Steam"],"picked":"Hologram","floor":30.0},{"not_picked":["Gash+1","Chaos"],"picked":"Barrage","floor":31.0},{"not_picked":["Amplify","All For One"],"picked":"Echo Form","floor":33},{"not_picked":["Beam Cell","Recycle+1"],"picked":"Sweeping Beam+1","floor":35},{"not_picked":["Steam","FTL"],"picked":"Defragment+1","floor":36},{"not_picked":["Beam Cell","Go for the Eyes"],"picked":"Stack+1","floor":39},{"not_picked":["Gash","Conserve Battery"],"picked":"Hologram","floor":40},{"not_picked":["Leap","Turbo"],"picked":"Darkness","floor":41},{"not_picked":["Recycle","Beam Cell"],"picked":"Storm+1","floor":44},{"not_picked":["Barrage","Heatsinks"],"picked":"Electrodynamics","floor":46},{"not_picked":["Leap","Conserve Battery+1"],"picked":"Go for the Eyes+1","floor":48},{"not_picked":["Leap","Steam+1"],"picked":"Cold Snap","floor":49}],"player_experience":1165408,"relics_obtained":[{"floor":7.0,"key":"Bag of Marbles"},{"floor":9.0,"key":"Dream Catcher"},{"floor":10.0,"key":"Mummified Hand"},{"floor":23.0,"key":"Centennial Puzzle"},{"floor":26.0,"key":"Bag of Preparation"},{"floor":39,"key":"Turnip"},{"floor":41,"key":"Pear"},{"floor":43,"key":"Omamori"},{"floor":46,"key":"Mercury Hourglass"}],"event_choices":[{"damage_healed":0.0,"max_hp_gain":0.0,"max_hp_loss":0.0,"gold_gain":0.0,"event_name":"Lab","player_choice":"Got Potions","floor":3.0,"gold_loss":0.0,"damage_taken":0.0},{"damage_healed":0.0,"max_hp_gain":0.0,"max_hp_loss":0.0,"gold_gain":75.0,"event_name":"World of Goop","player_choice":"Gather Gold","floor":8.0,"gold_loss":0.0,"damage_taken":11.0},{"damage_healed":0.0,"max_hp_gain":0.0,"max_hp_loss":0.0,"gold_gain":0.0,"event_name":"Living Wall","player_choice":"Grow","floor":12.0,"gold_loss":0.0,"damage_taken":0.0,"cards_upgraded":["Fission"]},{"damage_healed":0.0,"max_hp_gain":0.0,"max_hp_loss":22.0,"gold_gain":0.0,"event_name":"Vampires","player_choice":"Became a vampire","floor":22.0,"gold_loss":0.0,"damage_taken":0.0,"cards_obtained":["Bite","Bite","Bite","Bite","Bite"]},{"damage_healed":0.0,"max_hp_gain":0.0,"max_hp_loss":0.0,"gold_gain":0.0,"event_name":"Addict","player_choice":"Stole Relic","floor":24.0,"gold_loss":0.0,"damage_taken":0.0,"relics_obtained":["Cables"],"cards_obtained":["Shame"]},{"damage_healed":0.0,"max_hp_gain":5.0,"max_hp_loss":0.0,"gold_gain":0.0,"event_name":"Forgotten Altar","player_choice":"Shed Blood","floor":27.0,"gold_loss":0.0,"damage_taken":17.0},{"damage_healed":0.0,"max_hp_gain":0.0,"max_hp_loss":0.0,"gold_gain":0.0,"event_name":"Accursed Blacksmith","player_choice":"Forge","floor":28.0,"gold_loss":0.0,"damage_taken":0.0,"cards_upgraded":["Loop"]},{"damage_healed":0,"gold_gain":275,"player_choice":"Desecrate","damage_taken":0,"max_hp_gain":0,"max_hp_loss":0,"event_name":"Golden Shrine","floor":37,"gold_loss":0,"cards_obtained":["Regret"]},{"damage_healed":0,"gold_gain":0,"player_choice":"Fight","damage_taken":0,"max_hp_gain":0,"max_hp_loss":0,"event_name":"Mysterious Sphere","floor":39,"gold_loss":0},{"damage_healed":0,"gold_gain":0,"player_choice":"Ignored","damage_taken":0,"max_hp_gain":0,"max_hp_loss":0,"event_name":"SecretPortal","floor":42,"gold_loss":0},{"damage_healed":0,"gold_gain":0,"cards_transformed":["Redo"],"player_choice":"Transformed","damage_taken":0,"max_hp_gain":0,"max_hp_loss":0,"event_name":"Transmorgrifier","floor":45,"gold_loss":0,"cards_obtained":["Hello World"]}],"is_beta":false,"boss_relics":[{"not_picked":["Lizard Tail","Runic Pyramid"],"picked":"Ectoplasm"},{"not_picked":["Busted Crown","Calling Bell"],"picked":"Empty Cage"}],"items_purged_floors":[],"is_endless":false,"potions_floor_spawned":[7,10,13,16,19,25,31,44,46,48],"killed_by":"Awakened One","ascension_level":20}