{"gold_per_floor":[114,128,128,144,159,159,159,11,41,41,61,100,100,100,100,228,228,246,79,79,79,79,79,103,103,103,127,142,142,180,204,204,324,324,347,347,347,196,529,559,559,586,610,658,366,33,53,87,87,87,87,87,11,39,39],"floor_reached":55,"playtime":3859,"items_purged":["Barrage+1","Defend_B","Defend_B","Defend_B","Zap+1"],"score":878,"play_id":"50ab11b0-65e7-4f7b-9779-f521b1d17de6","local_time":"20190328202411","is_ascension_mode":true,"campfire_choices":[{"data":"Coolheaded","floor":6.0,"key":"SMITH"},{"data":"Zap","floor":10.0,"key":"SMITH"},{"data":"Buffer","floor":13.0,"key":"SMITH"},{"floor":15.0,"key":"REST"},{"data":"Echo Form","floor":23.0,"key":"SMITH"},{"data":"Go for the Eyes","floor":25.0,"key":"SMITH"},{"data":"Beam Cell","floor":29.0,"key":"SMITH"},{"data":"Hologram","floor":32.0,"key":"SMITH"},{"floor":41.0,"key":"REST"},{"floor":49.0,"key":"RECALL"},{"data":"1","floor":52.0,"key":"LIFT"}],"neow_cost":"NONE","seed_source_timestamp":319815686852294,"circlet_count":0,"master_deck":["Defend_B","Dualcast+1","Go for the Eyes+1","Coolheaded+1","Buffer+1","All For One","Gash","Steam","Echo Form+1","Steam+1","Hologram+1","Flash of Steel","Beam Cell+1","Hologram+1","Stack","Gash","Thinking Ahead","Auto Shields","Turbo","Gash","Coolheaded+1"],"special_seed":0,"relics":["Cracked Core","Juzu Bracelet","Tiny Chest","Astrolabe","DataDisk","Mercury Hourglass","Fusion Hammer","Incense Burner","Omamori","Girya","Anchor","Bag of Marbles","PreservedInsect","Smiling Mask","Bottled Lightning"],"potions_floor_usage":[54,55,55],"damage_taken":[{"damage":2.0,"enemies":"Jaw Worm","floor":1.0,"turns":3.0},{"damage":0.0,"enemies":"Small Slimes","floor":2.0,"turns":3.0},{"damage":1.0,"enemies":"Cultist","floor":4.0,"turns":3.0},{"damage":20.0,"enemies":"Lots of Slimes","floor":5.0,"turns":6.0},{"damage":17.0,"enemies":"3 Louse","floor":11.0,"turns":4.0},{"damage":14.0,"enemies":"Gremlin Nob","floor":12.0,"turns":5.0},{"damage":15.0,"enemies":"Hexaghost","floor":16.0,"turns":10.0},{"damage":0.0,"enemies":"Shell Parasite","floor":18.0,"turns":5.0},{"damage":0.0,"enemies":"Chosen","floor":27.0,"turns":4.0},{"damage":0.0,"enemies":"Snecko","floor":28.0,"turns":7.0},{"damage":14.0,"enemies":"Book of Stabbing","floor":30.0,"turns":4.0},{"damage":0.0,"enemies":"3 Cultists","floor":31.0,"turns":5.0},{"damage":13.0,"enemies":"Collector","floor":33.0,"turns":11.0},{"damage":8.0,"enemies":"3 Darklings","floor":35.0,"turns":7.0},{"damage":12.0,"enemies":"Nemesis","floor":40.0,"turns":9.0},{"damage":5.0,"enemies":"Reptomancer","floor":42.0,"turns":6.0},{"damage":0.0,"enemies":"3 Shapes","floor":47.0,"turns":4.0},{"damage":0.0,"enemies":"Giant Head","floor":48.0,"turns":5.0},{"damage":10.0,"enemies":"Donu and Deca","floor":50.0,"turns":9.0},{"damage":57,"enemies":"Shield and Spear","floor":54,"turns":9},{"damage":13,"enemies":"The Heart","floor":55,"turns":2}],"seed_played":"2060602850043009757","potions_obtained":[{"floor":2.0,"key":"Dexterity Potion"},{"floor":11.0,"key":"FocusPotion"},{"floor":16.0,"key":"Weak Potion"},{"floor":28.0,"key":"Block Potion"},{"floor":33.0,"key":"GamblersBrew"}],"is_trial":false,"path_per_floor":["M","M","?","M","M","R","?","$","T","R","M","E","R","?","R","B",null,"M","$","?","?","$","R","T","R","T","M","M","R","E","M","R","B",null,"M","T","?","$","?","E","R","E","T","T","$","$","M","E","R","B",null,"R","$","E","B"],"character_chosen":"DEFECT","items_purchased":["All For One","Flash of Steel","Gash","Thinking Ahead","Auto Shields","Dexterity Potion","PowerPotion","Energy Potion","Gash"],"campfire_rested":2,"item_purchase_floors":[8,19,38,45,46,46,46,46,53],"current_hp_per_floor":[73,73,69,68,48,48,48,48,48,48,31,17,17,17,37,22,69,69,69,69,69,69,69,69,69,69,69,69,69,55,55,55,42,69,61,61,61,61,61,49,69,64,64,64,64,64,64,64,64,54,69,69,69,12,0],"gold":39,"neow_bonus":"RANDOM_COMMON_RELIC","is_prod":false,"is_daily":false,"chose_seed":false,"campfire_upgraded":7,"win_rate":0,"timestamp":1553829851,"path_taken":["M","M","?","M","M","R","?","$","T","R","M","E","R","?","R","BOSS","M","$","?","?","$","R","?","R","T","M","M","R","E","M","R","BOSS","M","?","?","$","?","E","R","E","T","?","?","$","M","E","R","BOSS","R","$","E","BOSS"],"build_version":"2019-01-23","purchased_purges":5,"victory":false,"max_hp_per_floor":[75,75,69,69,69,69,69,69,69,69,69,69,69,69,69,69,69,69,69,69,69,69,69,69,69,69,69,69,69,69,69,69,69,69,69,69,69,69,69,69,69,69,69,69,69,69,69,69,69,69,69,69,69,69,69],"card_choices":[{"not_picked":["Conserve Battery","Chill","Leap"],"picked":"SKIP","floor":1.0},{"not_picked":["Blizzard","Streamline","Compile Driver"],"picked":"SKIP","floor":2.0},{"not_picked":["Rebound","Beam Cell"],"picked":"Go for the Eyes","floor":4.0},{"not_picked":["Fission","Conserve Battery"],"picked":"Coolheaded","floor":5.0},{"not_picked":["Compile Driver","Glacier"],"picked":"Gash","floor":11.0},{"not_picked":["Redo","Cold Snap"],"picked":"Steam","floor":12.0},{"not_picked":["Multi-Cast","Amplify"],"picked":"Echo Form","floor":16.0},{"not_picked":["Melter","White Noise","Redo+1"],"picked":"SKIP","floor":18.0},{"not_picked":["Turbo+1","Sunder"],"picked":"Beam Cell","floor":27.0},{"not_picked":["Rebound","White Noise","Loop"],"picked":"SKIP","floor":28.0},{"not_picked":["Stack","Compile Driver"],"picked":"Hologram","floor":30.0},{"not_picked":["Sweeping Beam","Beam Cell","Steam+1"],"picked":"SKIP","floor":31.0},{"not_picked":["Compile Driver","Hologram+1"],"picked":"Stack","floor":35.0},{"not_picked":["Streamline+1","Beam Cell+1","Reinforced Body+1"],"picked":"SKIP","floor":40.0},{"not_picked":["Darkness","Reprogram","Hologram+1"],"picked":"SKIP","floor":42.0},{"not_picked":["Defragment+1","Beam Cell"],"picked":"Turbo","floor":47.0},{"not_picked":["Steam","Aggregate+1","Glacier"],"picked":"SKIP","floor":48.0},{"not_picked":["Barrage+1","Static Discharge+1"],"picked":"Coolheaded+1","floor":54}],"player_experience":70680,"relics_obtained":[{"floor":9.0,"key":"Tiny Chest"},{"floor":24.0,"key":"DataDisk"},{"floor":30.0,"key":"Mercury Hourglass"},{"floor":36.0,"key":"Incense Burner"},{"floor":37.0,"key":"Omamori"},{"floor":40.0,"key":"Girya"},{"floor":42.0,"key":"Anchor"},{"floor":43.0,"key":"Bag of Marbles"},{"floor":44.0,"key":"PreservedInsect"},{"floor":48.0,"key":"Smiling Mask"},{"floor":54,"key":"Bottled Lightning"}],"event_choices":[{"damage_healed":0.0,"max_hp_gain":0.0,"max_hp_loss":6.0,"gold_gain":0.0,"event_name":"Golden Idol","player_choice":"Lose Max HP","floor":3.0,"gold_loss":0.0,"damage_taken":0.0,"relics_obtained":["Golden Idol"]},{"damage_healed":0.0,"max_hp_gain":0.0,"max_hp_loss":0.0,"gold_gain":0.0,"cards_transformed":["Strike_B"],"event_name":"Transmorgrifier","player_choice":"Transformed","floor":7.0,"gold_loss":0.0,"damage_taken":0.0,"cards_obtained":["Buffer"]},{"damage_healed":0.0,"max_hp_gain":0.0,"max_hp_loss":0.0,"gold_gain":0.0,"event_name":"Upgrade Shrine","player_choice":"Upgraded","floor":14.0,"gold_loss":0.0,"damage_taken":0.0,"cards_upgraded":["Dualcast"]},{"damage_healed":0.0,"max_hp_gain":0.0,"max_hp_loss":0.0,"gold_gain":0.0,"event_name":"Cursed Tome","player_choice":"Ignored","floor":20.0,"gold_loss":0.0,"damage_taken":0.0},{"damage_healed":0.0,"max_hp_gain":0.0,"max_hp_loss":0.0,"gold_gain":0.0,"event_name":"Wheel of Change","player_choice":"Relic","floor":37.0,"gold_loss":0.0,"damage_taken":0.0},{"damage_healed":0.0,"max_hp_gain":0.0,"max_hp_loss":0.0,"gold_gain":333.0,"event_name":"The Moai Head","player_choice":"Gave Idol","floor":39.0,"relics_lost":["Golden Idol"],"gold_loss":0.0,"damage_taken":0.0}],"is_beta":false,"boss_relics":[{"not_picked":["Coffee Dripper","Inserter"],"picked":"Astrolabe"},{"not_picked":["FrozenCore","Nuclear Battery"],"picked":"Fusion Hammer"}],"items_purged_floors":[19,38,45,46,53],"is_endless":false,"potions_floor_spawned":[2,11,16,28,33,47,48],"killed_by":"The Heart","ascension_level":3}