{"path_per_floor":["M","$","?","$","?","E","T","?","T","R","E","M","M","M","R","B",null,"M","$","M","?","?","R","E","R","T","M","$"],"character_chosen":"THE_SILENT","items_purchased":["Bag of Marbles","Noxious Fumes"],"gold_per_floor":[111,111,111,36,36,61,61,61,87,87,121,135,145,161,161,263,293,305,82,93,93,73,73,101,101,101,115,15,15],"floor_reached":29,"campfire_rested":2,"playtime":1036,"current_hp_per_floor":[70,70,70,70,63,63,63,68,68,68,68,64,64,61,61,16,80,47,47,25,25,25,49,16,40,40,9,9,0],"items_purged":["Injury","Concentrate"],"gold":15,"score":344,"play_id":"d527b191-f3c3-4130-af26-40f598065101","local_time":"20180428103159","is_prod":false,"is_daily":false,"chose_seed":false,"is_ascension_mode":true,"campfire_upgraded":2,"timestamp":1524907919,"path_taken":["M","$","?","$","?","E","?","?","T","R","E","?","M","M","R","BOSS","M","$","M","?","?","R","E","R","T","?","?","E"],"build_version":"2018-04-26","seed_source_timestamp":1501742365220204,"purchased_purges":3,"victory":false,"master_deck":["Defend_G","Defend_G","Defend_G","Defend_G","Strike_G","Strike_G","Strike_G","Strike_G","Strike_G","Survivor","Neutralize+1","Dagger Throw+1","Well Laid Plans+1","Choke","Caltrops+1","Deadly Poison+1","Adrenaline","Skewer","Outmaneuver","Noxious Fumes+1","Choke","Panacea","Neutralize","Acrobatics+1"],"max_hp_per_floor":[70,70,70,70,70,70,70,75,75,75,75,75,75,75,75,75,80,80,80,80,80,80,80,80,80,80,80,80,80],"relics":["Ring of the Snake","NeowsBlessing","Lantern","Frozen Egg 2","Happy Flower","Omamori","Tiny House","Bag of Marbles","Ice Cream","Molten Egg 2"],"card_choices":[{"not_picked":["Slice","Dagger Spray"],"picked":"Dagger Throw","floor":1},{"not_picked":["Riddle With Holes","Dagger Throw"],"picked":"Well Laid Plans","floor":6},{"not_picked":["Dodge and Roll","Accuracy"],"picked":"Choke","floor":11},{"not_picked":["Prepared","Dagger Throw"],"picked":"Concentrate","floor":12},{"not_picked":["Dash","Choke"],"picked":"Caltrops","floor":13},{"not_picked":["PiercingWail","Calculated Gamble"],"picked":"Deadly Poison","floor":14},{"not_picked":["Envenom","Tactician"],"picked":"Adrenaline","floor":16},{"not_picked":["Dodge and Roll","Deflect"],"picked":"Skewer","floor":17},{"not_picked":["Sucker Punch","PiercingWail"],"picked":"Outmaneuver","floor":18},{"not_picked":["Dagger Throw","Escape Plan"],"picked":"Choke","floor":20},{"not_picked":["Backflip","Masterful Stab"],"picked":"Acrobatics","floor":27}],"player_experience":272809,"potions_floor_usage":[16,16,16,29,29],"damage_taken":[{"damage":0,"enemies":"2 Louse","floor":1,"turns":1},{"damage":0,"enemies":"3 Sentries","floor":6,"turns":1},{"damage":0,"enemies":"Gremlin Nob","floor":11,"turns":1},{"damage":4,"enemies":"Cultist","floor":12,"turns":3},{"damage":0,"enemies":"Small Slimes","floor":13,"turns":4},{"damage":3,"enemies":"Blue Slaver","floor":14,"turns":3},{"damage":45,"enemies":"Slime Boss","floor":16,"turns":10},{"damage":33,"enemies":"2 Thieves","floor":18,"turns":4},{"damage":22,"enemies":"Spheric Guardian","floor":20,"turns":4},{"damage":33,"enemies":"Gremlin Leader","floor":24,"turns":6},{"damage":31,"enemies":"Chosen and Byrds","floor":27,"turns":4},{"damage":10,"enemies":"Slavers","floor":29,"turns":1}],"event_choices":[{"event_name":"Accursed Blacksmith","player_choice":"Forge","floor":3,"damage_taken":0},{"event_name":"Golden Wing","player_choice":"Card Removal","floor":5,"damage_taken":0},{"event_name":"Big Fish","player_choice":"Donut","floor":8,"damage_taken":0},{"event_name":"Match and Keep!","player_choice":"2 cards matched","floor":21,"damage_taken":0},{"event_name":"The Woman in Blue","player_choice":"Bought 1 Potion","floor":22,"damage_taken":0}],"boss_relics":[{"not_picked":["Eternal Feather","Philosopher\u0027s Stone"],"picked":"Tiny House"}],"potions_floor_spawned":[11,13,14,20,27],"seed_played":"-963260652764256737","killed_by":"Slavers","ascension_level":3,"is_trial":false}