{"gold_per_floor":[114,264,264,281,2,29,29,59,86,113,128,128],"floor_reached":12,"playtime":302,"items_purged":[],"score":224,"play_id":"c80f4355-911d-4f6f-b7a5-09867222c3d6","local_time":"20190708003540","is_ascension_mode":true,"campfire_choices":[],"neow_cost":"NONE","seed_source_timestamp":141077659335000,"circlet_count":0,"master_deck":["AscendersBane","Strike_R","Strike_R","Strike_R+1","Strike_R+1","Strike_R","Defend_R","Defend_R","Defend_R","Defend_R","Bash+1","Headbutt","Doubt","Shockwave","Second Wind","Whirlwind","Flex","Armaments"],"relics":["Burning Blood","NeowsBlessing","Question Card","Whetstone","Bottled Flame","Art of War","Pantograph"],"potions_floor_usage":[8,8],"damage_taken":[{"damage":0,"enemies":"Jaw Worm","floor":1,"turns":1},{"damage":0,"enemies":"2 Louse","floor":4,"turns":2},{"damage":0,"enemies":"3 Sentries","floor":6,"turns":1},{"damage":24,"enemies":"Gremlin Nob","floor":8,"turns":4},{"damage":55,"enemies":"3 Sentries","floor":10,"turns":10},{"damage":0,"enemies":"Cultist","floor":11,"turns":3},{"damage":22,"enemies":"Exordium Thugs","floor":12,"turns":2}],"seed_played":"-6589770478910031090","potions_obtained":[{"floor":1,"key":"Fire Potion"},{"floor":6,"key":"SkillPotion"}],"is_trial":false,"path_per_floor":["M","?","?","M","$","E","$","E","T","E","M","M"],"character_chosen":"IRONCLAD","items_purchased":["Question Card"],"campfire_rested":0,"item_purchase_floors":[5],"current_hp_per_floor":[74,74,74,75,75,75,75,57,57,8,14,0],"gold":128,"neow_bonus":"THREE_ENEMY_KILL","is_prod":false,"is_daily":false,"chose_seed":false,"campfire_upgraded":0,"win_rate":0,"timestamp":1562538940,"path_taken":["M","?","?","?","?","E","$","E","T","E","?","M"],"build_version":"2019-07-05","purchased_purges":0,"victory":false,"max_hp_per_floor":[75,75,75,75,75,75,75,75,75,75,75,75],"card_choices":[{"not_picked":["Seeing Red","Twin Strike"],"picked":"Headbutt","floor":1},{"not_picked":["Armaments","Combust"],"picked":"Shockwave","floor":4},{"not_picked":["Cleave","Burning Pact","Shockwave"],"picked":"Second Wind","floor":6},{"not_picked":["Iron Wave","Berserk","Thunderclap"],"picked":"Whirlwind","floor":8},{"not_picked":["Battle Trance","Body Slam","Headbutt"],"picked":"Flex","floor":10},{"not_picked":["Headbutt","Heavy Blade","Shrug It Off"],"picked":"Armaments","floor":11}],"player_experience":1637881,"relics_obtained":[{"floor":6,"key":"Whetstone"},{"floor":8,"key":"Bottled Flame"},{"floor":9,"key":"Art of War"},{"floor":10,"key":"Pantograph"}],"event_choices":[{"damage_healed":0,"gold_gain":150,"player_choice":"AGREE","damage_taken":0,"max_hp_gain":0,"max_hp_loss":0,"event_name":"Liars Game","floor":2,"gold_loss":0,"cards_obtained":["Doubt"]},{"damage_healed":0,"gold_gain":0,"player_choice":"Forge","damage_taken":0,"max_hp_gain":0,"max_hp_loss":0,"event_name":"Accursed Blacksmith","floor":3,"gold_loss":0,"cards_upgraded":["Bash"]}],"is_beta":false,"boss_relics":[],"items_purged_floors":[],"is_endless":false,"potions_floor_spawned":[1,6],"killed_by":"Exordium Thugs","ascension_level":17}