{"gold_per_floor":[119,136,136,104,131,131,160,160,228,243,243,275,275,304,304,408,408,420,420,420,436,455,483,483,495,495,507,301,301,336,350,350,445,445,465,478,478,478,489,518,571,571,571,571,581,593,180,209,209,209,209,209,4,33,33],"floor_reached":56,"playtime":3378,"items_purged":["Strike_G","Strike_G","Pain"],"score":1379,"play_id":"cc8b9b0a-7922-4568-8d42-70c81864eef0","local_time":"20190721232056","is_ascension_mode":true,"campfire_choices":[{"data":"Neutralize","floor":6,"key":"SMITH"},{"data":"Dodge and Roll","floor":8,"key":"SMITH"},{"data":"Adrenaline","floor":13,"key":"SMITH"},{"floor":15,"key":"REST"},{"floor":24,"key":"REST"},{"floor":32,"key":"RECALL"},{"floor":42,"key":"REST"},{"floor":44,"key":"REST"},{"floor":49,"key":"REST"},{"floor":52,"key":"REST"}],"neow_cost":"NONE","seed_source_timestamp":1033836955120888,"circlet_count":0,"master_deck":["Strike_G","Defend_G","Defend_G","Defend_G","Defend_G","Defend_G","Survivor","Neutralize+1","Well Laid Plans","Noxious Fumes","Dodge and Roll+1","Noxious Fumes","Adrenaline+1","PiercingWail","Wraith Form v2","PiercingWail","After Image","Deadly Poison","Deadly Poison","Blur","Corpse Explosion","Caltrops","Flash of Steel","Backflip","Footwork","A Thousand Cuts","Sucker Punch+1","Escape Plan","Dark Shackles","Well Laid Plans","Deadly Poison+1","Well Laid Plans","After Image"],"relics":["Ring of the Snake","Bag of Marbles","PreservedInsect","Strawberry","Singing Bowl","Bird Faced Urn","Odd Mushroom","Fusion Hammer","MutagenicStrength","Happy Flower","Blue Candle","Pantograph","Cursed Key","Vajra","Incense Burner","Calipers","Bronze Scales","Anchor"],"potions_floor_usage":[16,41,45,55,55,55],"damage_taken":[{"damage":0,"enemies":"Cultist","floor":1,"turns":3},{"damage":11,"enemies":"Jaw Worm","floor":2,"turns":4},{"damage":28,"enemies":"3 Sentries","floor":7,"turns":6},{"damage":0,"enemies":"Small Slimes","floor":10,"turns":4},{"damage":12,"enemies":"Gremlin Nob","floor":12,"turns":5},{"damage":7,"enemies":"The Mushroom Lair","floor":14,"turns":5},{"damage":7,"enemies":"The Guardian","floor":16,"turns":12},{"damage":3,"enemies":"Shell Parasite","floor":18,"turns":8},{"damage":0,"enemies":"Chosen","floor":21,"turns":8},{"damage":3,"enemies":"Centurion and Healer","floor":22,"turns":7},{"damage":9,"enemies":"Gremlin Leader","floor":23,"turns":6},{"damage":0,"enemies":"Snecko","floor":25,"turns":6},{"damage":6,"enemies":"Sentry and Sphere","floor":27,"turns":4},{"damage":5,"enemies":"Slavers","floor":30,"turns":2},{"damage":0,"enemies":"Centurion and Healer","floor":31,"turns":5},{"damage":0,"enemies":"Automaton","floor":33,"turns":10},{"damage":0,"enemies":"3 Shapes","floor":35,"turns":3},{"damage":6,"enemies":"3 Darklings","floor":36,"turns":4},{"damage":6,"enemies":"Transient","floor":39,"turns":5},{"damage":21,"enemies":"Reptomancer","floor":40,"turns":7},{"damage":12,"enemies":"2 Orb Walkers","floor":41,"turns":4},{"damage":3,"enemies":"Sphere and 2 Shapes","floor":45,"turns":6},{"damage":7,"enemies":"4 Shapes","floor":46,"turns":4},{"damage":9,"enemies":"Nemesis","floor":48,"turns":7},{"damage":34,"enemies":"Donu and Deca","floor":50,"turns":9},{"damage":1,"enemies":"Shield and Spear","floor":54,"turns":6},{"damage":109,"enemies":"The Heart","floor":55,"turns":11}],"seed_played":"-749768878620630144","potions_obtained":[{"floor":1,"key":"SpeedPotion"},{"floor":2,"key":"SteroidPotion"},{"floor":16,"key":"Fruit Juice"},{"floor":23,"key":"Ancient Potion"},{"floor":41,"key":"Poison Potion"},{"floor":45,"key":"Fire Potion"},{"floor":54,"key":"AttackPotion"}],"is_trial":false,"path_per_floor":["M","M","?","?","T","R","E","R","T","M","?","E","R","?","R","B",null,"M","?","?","M","M","E","R","M","T","M","$","?","E","M","R","B",null,"M","M","?","?","M","E","?","R","T","R","M","M","$","E","R","B",null,"R","$","E","B",null],"character_chosen":"THE_SILENT","items_purchased":["Caltrops","Flash of Steel","Calipers","Well Laid Plans"],"campfire_rested":6,"item_purchase_floors":[28,28,47,53],"current_hp_per_floor":[70,59,64,64,64,64,43,43,43,43,43,31,31,30,54,58,87,86,86,86,87,86,82,87,89,89,83,83,83,86,91,91,91,91,91,91,91,91,87,83,87,95,95,95,97,97,97,96,99,76,99,99,99,98,6],"gold":33,"neow_bonus":"RANDOM_COMMON_RELIC","is_prod":false,"is_daily":false,"chose_seed":false,"campfire_upgraded":3,"win_rate":0,"timestamp":1563765656,"path_taken":["M","M","?","?","?","R","E","R","T","M","?","E","R","?","R","BOSS","M","?","?","?","M","E","R","M","T","?","$","?","E","M","R","BOSS","M","M","?","?","M","E","?","R","T","R","M","M","$","E","R","BOSS","R","$","E","BOSS"],"build_version":"2019-07-17","purchased_purges":3,"victory":true,"max_hp_per_floor":[70,70,75,75,75,75,82,82,82,82,82,82,82,82,82,87,87,87,87,87,87,87,87,87,89,89,89,89,89,89,91,91,91,91,91,91,91,91,91,93,95,95,95,95,97,97,97,99,99,99,99,99,99,99,99],"card_choices":[{"not_picked":["Footwork","Acrobatics"],"picked":"Well Laid Plans","floor":1},{"not_picked":["Accuracy","Finisher"],"picked":"Noxious Fumes","floor":2},{"not_picked":["Deflect","Prepared"],"picked":"Dodge and Roll","floor":7},{"not_picked":["Expertise","Poisoned Stab"],"picked":"Noxious Fumes","floor":10},{"not_picked":["Sucker Punch","Crippling Poison"],"picked":"Adrenaline","floor":12},{"not_picked":["Outmaneuver","Leg Sweep"],"picked":"PiercingWail","floor":14},{"not_picked":["Adrenaline","Glass Knife"],"picked":"Wraith Form v2","floor":16},{"not_picked":["Slice","Blade Dance"],"picked":"PiercingWail","floor":18},{"not_picked":["Outmaneuver+1","PiercingWail"],"picked":"Deadly Poison","floor":21},{"not_picked":["Dagger Throw","Well Laid Plans"],"picked":"Deadly Poison","floor":22},{"not_picked":["Deflect","Blade Dance"],"picked":"Blur","floor":23},{"not_picked":["Accuracy+1","Outmaneuver","Eviscerate"],"picked":"Singing Bowl","floor":25},{"not_picked":["Outmaneuver","Noxious Fumes"],"picked":"Corpse Explosion","floor":27},{"not_picked":["Dagger Spray","Calculated Gamble"],"picked":"Footwork","floor":30},{"not_picked":["Blade Dance","All Out Attack","Terror"],"picked":"Singing Bowl","floor":31},{"not_picked":["Storm of Steel","Unload"],"picked":"A Thousand Cuts","floor":33},{"not_picked":["Dagger Spray+1","Eviscerate+1"],"picked":"Sucker Punch+1","floor":35},{"not_picked":["All Out Attack+1","Flying Knee"],"picked":"Escape Plan","floor":36},{"not_picked":["Panacea","HandOfGreed"],"picked":"Dark Shackles","floor":38},{"not_picked":["Reflex+1","Escape Plan"],"picked":"Well Laid Plans","floor":39},{"not_picked":["Dagger Throw","Endless Agony","Flying Knee"],"picked":"Singing Bowl","floor":40},{"not_picked":["Quick Slash","Doppelganger","Outmaneuver+1"],"picked":"Singing Bowl","floor":41},{"not_picked":["Acrobatics+1","Riddle With Holes+1","Dagger Spray+1"],"picked":"Singing Bowl","floor":45},{"not_picked":["Escape Plan","Flying Knee"],"picked":"Deadly Poison+1","floor":46},{"not_picked":["Slice+1","Glass Knife","Prepared"],"picked":"Singing Bowl","floor":48},{"not_picked":["Cloak And Dagger","Sucker Punch+1"],"picked":"After Image","floor":54}],"player_experience":290023,"relics_obtained":[{"floor":5,"key":"PreservedInsect"},{"floor":7,"key":"Strawberry"},{"floor":9,"key":"Singing Bowl"},{"floor":12,"key":"Bird Faced Urn"},{"floor":14,"key":"Odd Mushroom"},{"floor":23,"key":"Happy Flower"},{"floor":26,"key":"Blue Candle"},{"floor":30,"key":"Pantograph"},{"floor":40,"key":"Vajra"},{"floor":41,"key":"Incense Burner"},{"floor":48,"key":"Bronze Scales"},{"floor":54,"key":"Anchor"}],"event_choices":[{"damage_healed":0,"gold_gain":0,"player_choice":"Donut","damage_taken":0,"max_hp_gain":5,"max_hp_loss":0,"event_name":"Big Fish","floor":3,"gold_loss":0},{"damage_healed":0,"gold_gain":0,"player_choice":"Left Gold","damage_taken":0,"max_hp_gain":0,"max_hp_loss":0,"event_name":"World of Goop","floor":4,"gold_loss":32},{"cards_removed":["Strike_G"],"damage_healed":0,"gold_gain":0,"player_choice":"Forget","damage_taken":0,"max_hp_gain":0,"max_hp_loss":0,"event_name":"Living Wall","floor":11,"gold_loss":0},{"damage_healed":0,"gold_gain":0,"player_choice":"Fought Mushrooms","damage_taken":0,"max_hp_gain":0,"max_hp_loss":0,"event_name":"Mushrooms","floor":14,"gold_loss":0},{"damage_healed":0,"gold_gain":0,"player_choice":"Inject Mutagens","damage_taken":0,"relics_obtained":["MutagenicStrength"],"max_hp_gain":0,"max_hp_loss":0,"event_name":"Drug Dealer","floor":19,"gold_loss":0},{"damage_healed":0,"gold_gain":0,"cards_transformed":["Strike_G"],"player_choice":"Transformed","damage_taken":0,"max_hp_gain":0,"max_hp_loss":0,"event_name":"Transmorgrifier","floor":20,"gold_loss":0,"cards_obtained":["After Image"]},{"damage_healed":0,"gold_gain":0,"player_choice":"Read","damage_taken":0,"max_hp_gain":0,"max_hp_loss":0,"event_name":"The Library","floor":29,"gold_loss":0,"cards_obtained":["Backflip"]},{"damage_healed":0,"gold_gain":0,"player_choice":"Ignored","damage_taken":0,"max_hp_gain":0,"max_hp_loss":0,"event_name":"Tomb of Lord Red Mask","floor":37,"gold_loss":0},{"damage_healed":0,"gold_gain":0,"player_choice":"Memory 1","damage_taken":0,"max_hp_gain":0,"max_hp_loss":0,"event_name":"SensoryStone","floor":38,"gold_loss":0},{"damage_healed":0,"gold_gain":0,"player_choice":"Fight","damage_taken":0,"max_hp_gain":0,"max_hp_loss":0,"event_name":"Mysterious Sphere","floor":41,"gold_loss":0}],"is_beta":false,"boss_relics":[{"not_picked":["Runic Pyramid","Orrery"],"picked":"Fusion Hammer"},{"not_picked":["Velvet Choker","Ring of the Serpent"],"picked":"Cursed Key"}],"items_purged_floors":[28,47,53],"is_endless":false,"potions_floor_spawned":[1,2,16,23,25,27,30,36,40,41,45,54],"ascension_level":1}