{"gold_per_floor":[116,6,6,21,121,121,155,171,171,171,171,9,9,25,25,118,118,139,139,139,31,33,33,46,46],"floor_reached":25,"playtime":958,"items_purged":["Strike_G"],"score":448,"play_id":"55068408-01ff-4593-8bf0-12506acba2b6","local_time":"20190314225244","is_ascension_mode":true,"campfire_choices":[{"data":"Predator","floor":6.0,"key":"SMITH"},{"floor":13.0,"key":"DIG"},{"floor":15.0,"key":"DIG"},{"floor":23,"key":"REST"}],"neow_cost":"NONE","seed_source_timestamp":8694197989986,"circlet_count":0,"master_deck":["AscendersBane","Defend_G","Defend_G","Defend_G","Defend_G","Defend_G","Strike_G","Strike_G","Strike_G","Strike_G","Survivor","Neutralize","Backflip","Bouncing Flask","PiercingWail","Predator+1","Dash","Well Laid Plans","Caltrops","Blur","Adrenaline","Noxious Fumes+1","Dark Shackles","Dash","Deflect+1","Cloak And Dagger"],"special_seed":0,"relics":["Ring of the Snake","NeowsBlessing","Shovel","Sundial","Golden Idol","Ginger","Boot","Dream Catcher","Fusion Hammer"],"potions_floor_usage":[16,16,24],"damage_taken":[{"damage":0.0,"enemies":"2 Louse","floor":1.0,"turns":1.0},{"damage":0.0,"enemies":"Cultist","floor":4.0,"turns":1.0},{"damage":0.0,"enemies":"3 Sentries","floor":7.0,"turns":1.0},{"damage":4.0,"enemies":"Small Slimes","floor":8.0,"turns":3.0},{"damage":21.0,"enemies":"Gremlin Gang","floor":14.0,"turns":4.0},{"damage":17,"enemies":"Slime Boss","floor":16,"turns":13},{"damage":10,"enemies":"Spheric Guardian","floor":18,"turns":6},{"damage":26,"enemies":"Colosseum Slavers","floor":19,"turns":5},{"damage":3,"enemies":"2 Thieves","floor":22,"turns":4},{"damage":15,"enemies":"Sentry and Sphere","floor":24,"turns":8},{"damage":14,"enemies":"Snake Plant","floor":25,"turns":2}],"seed_played":"-960125410361065276","potions_obtained":[{"floor":3.0,"key":"SteroidPotion"},{"floor":3.0,"key":"FearPotion"},{"floor":7.0,"key":"GhostInAJar"},{"floor":14.0,"key":"Dexterity Potion"},{"floor":22,"key":"Block Potion"}],"is_trial":false,"path_per_floor":["M","$","?","M","?","R","E","M","T","?","?","$","R","M","R","B",null,"M","?","?","$","M","R","M","M"],"character_chosen":"THE_SILENT","items_purchased":["Bouncing Flask","PiercingWail","Caltrops","Dark Shackles"],"campfire_rested":1,"item_purchase_floors":[2,2,12,21],"current_hp_per_floor":[59,59,59,59,59,59,59,55,55,55,44,44,44,23,23,6,47,37,11,11,11,8,26,11,0],"gold":46,"neow_bonus":"THREE_ENEMY_KILL","is_prod":false,"is_daily":false,"chose_seed":false,"campfire_upgraded":1,"win_rate":0,"timestamp":1552600364,"path_taken":["M","$","?","?","?","R","E","?","T","?","?","?","R","M","R","BOSS","M","?","?","$","M","R","M","M"],"build_version":"2019-01-23","purchased_purges":1,"victory":false,"max_hp_per_floor":[66,66,66,66,66,66,66,66,66,60,60,60,60,60,60,60,60,60,60,60,60,60,60,60,60],"card_choices":[{"not_picked":["Cloak And Dagger","Distraction"],"picked":"Backflip","floor":1.0},{"not_picked":["Deadly Poison","All Out Attack"],"picked":"Predator","floor":4.0},{"not_picked":["Doppelganger","Blade Dance"],"picked":"Dash","floor":7.0},{"not_picked":["Slice","Blade Dance"],"picked":"Well Laid Plans","floor":8.0},{"not_picked":["Dodge and Roll","Flechettes"],"picked":"Blur","floor":14.0},{"not_picked":["Grand Finale","Wraith Form v2"],"picked":"Adrenaline","floor":16},{"not_picked":["Underhanded Strike","Deflect"],"picked":"Noxious Fumes","floor":18},{"not_picked":["Outmaneuver","Skewer"],"picked":"Dash","floor":22},{"not_picked":["Dagger Throw","Blade Dance"],"picked":"Deflect+1","floor":23},{"not_picked":["Poisoned Stab","Dagger Spray"],"picked":"Cloak And Dagger","floor":24}],"player_experience":704147,"relics_obtained":[{"floor":7.0,"key":"Shovel"},{"floor":9.0,"key":"Sundial"},{"floor":13.0,"key":"Boot"},{"floor":15.0,"key":"Dream Catcher"}],"event_choices":[{"damage_healed":0.0,"max_hp_gain":0.0,"max_hp_loss":0.0,"gold_gain":0.0,"event_name":"Lab","player_choice":"Got Potions","floor":3.0,"gold_loss":0.0,"damage_taken":0.0},{"damage_healed":0.0,"max_hp_gain":0.0,"max_hp_loss":0.0,"gold_gain":100.0,"event_name":"Wheel of Change","player_choice":"Gold","floor":5.0,"gold_loss":0.0,"damage_taken":0.0},{"damage_healed":0.0,"max_hp_gain":0.0,"max_hp_loss":6.0,"gold_gain":0.0,"event_name":"Golden Idol","player_choice":"Lose Max HP","floor":10.0,"gold_loss":0.0,"damage_taken":0.0,"relics_obtained":["Golden Idol"]},{"damage_healed":0.0,"max_hp_gain":0.0,"max_hp_loss":0.0,"gold_gain":0.0,"event_name":"Scrap Ooze","player_choice":"Success","floor":11.0,"gold_loss":0.0,"damage_taken":11.0,"relics_obtained":["Ginger"]},{"damage_healed":0,"gold_gain":0,"player_choice":"Fight","damage_taken":0,"max_hp_gain":0,"max_hp_loss":0,"event_name":"Colosseum","floor":19,"gold_loss":0},{"damage_healed":0,"gold_gain":0,"player_choice":"Fled From Nobs","damage_taken":0,"max_hp_gain":0,"max_hp_loss":0,"event_name":"Colosseum","floor":19,"gold_loss":0},{"damage_healed":0,"gold_gain":0,"player_choice":"Forge","damage_taken":0,"max_hp_gain":0,"max_hp_loss":0,"event_name":"Accursed Blacksmith","floor":20,"gold_loss":0,"cards_upgraded":["Noxious Fumes"]}],"is_beta":false,"boss_relics":[{"not_picked":["Runic Dome","Ectoplasm"],"picked":"Fusion Hammer"}],"items_purged_floors":[12],"is_endless":false,"potions_floor_spawned":[7,14,19,22],"killed_by":"Snake Plant","ascension_level":20}