{"gold_per_floor":[117,117,128,145,155,155,172,172,172,172,247,48,67,78,78,152,152,164,177,1,16,16,16],"floor_reached":23,"playtime":613,"items_purged":[],"score":435,"play_id":"d2c727e2-9245-4c81-9b10-e97b800e4015","local_time":"20190722013123","is_ascension_mode":true,"campfire_choices":[{"data":"Zap","floor":6,"key":"SMITH"},{"data":"Biased Cognition","floor":8,"key":"SMITH"},{"data":"Static Discharge","floor":10,"key":"SMITH"},{"data":"Apotheosis","floor":15,"key":"SMITH"}],"neow_cost":"NONE","seed_source_timestamp":56410903158600,"circlet_count":0,"master_deck":["AscendersBane","Strike_B","Strike_B","Strike_B","Strike_B","Defend_B","Defend_B","Defend_B","Defend_B","Zap+1","Dualcast","Core Surge","Hologram","Stack","Static Discharge+1","Biased Cognition+1","Melter","Apotheosis+1","Sunder","Chill","Electrodynamics","Conserve Battery","Capacitor","Seek","Coolheaded+1","RitualDagger"],"relics":["Cracked Core","FossilizedHelix","Shuriken","Inserter"],"potions_floor_usage":[7,14,16,21],"damage_taken":[{"damage":4,"enemies":"2 Louse","floor":1,"turns":2},{"damage":0,"enemies":"Jaw Worm","floor":3,"turns":2},{"damage":0,"enemies":"Cultist","floor":4,"turns":3},{"damage":7,"enemies":"3 Louse","floor":5,"turns":4},{"damage":3,"enemies":"Looter","floor":7,"turns":3},{"damage":0,"enemies":"Blue Slaver","floor":13,"turns":4},{"damage":5,"enemies":"Exordium Thugs","floor":14,"turns":3},{"damage":0,"enemies":"Slime Boss","floor":16,"turns":5},{"damage":8,"enemies":"Shell Parasite","floor":18,"turns":5},{"damage":8,"enemies":"Spheric Guardian","floor":19,"turns":4},{"damage":18,"enemies":"Snake Plant","floor":21,"turns":3},{"damage":24,"enemies":"Book of Stabbing","floor":23,"turns":3}],"seed_played":"-185816503643387891","potions_obtained":[{"floor":3,"key":"Regen Potion"},{"floor":4,"key":"Strength Potion"},{"floor":13,"key":"FearPotion"},{"floor":19,"key":"Swift Potion"}],"is_trial":false,"path_per_floor":["M","?","M","M","M","R","M","R","T","R","?","$","M","M","R","B",null,"M","M","$","M","?","E"],"character_chosen":"DEFECT","items_purchased":["Apotheosis","Seek"],"campfire_rested":0,"item_purchase_floors":[12,20],"current_hp_per_floor":[60,25,25,25,18,18,24,24,24,24,13,13,13,8,8,8,55,47,39,39,21,15,0],"gold":16,"neow_bonus":"ONE_RANDOM_RARE_CARD","is_prod":false,"is_daily":false,"chose_seed":false,"campfire_upgraded":4,"win_rate":0,"timestamp":1563751883,"path_taken":["M","?","M","M","M","R","M","R","T","R","?","?","M","M","R","BOSS","M","M","$","M","?","E"],"build_version":"2019-07-17","purchased_purges":0,"victory":false,"max_hp_per_floor":[71,71,71,71,71,71,71,71,71,71,71,71,71,71,71,71,71,71,71,71,71,71,71],"card_choices":[{"not_picked":["Sweeping Beam","Stack"],"picked":"Hologram","floor":1},{"not_picked":["Recycle","Rebound"],"picked":"Stack","floor":3},{"not_picked":["Force Field","Turbo"],"picked":"Static Discharge","floor":4},{"not_picked":["Turbo","Gash"],"picked":"Biased Cognition","floor":5},{"not_picked":["Barrage","Steam"],"picked":"Melter","floor":7},{"not_picked":["Conserve Battery","Steam"],"picked":"Sunder","floor":13},{"not_picked":["Thunder Strike","Stack"],"picked":"Chill","floor":14},{"not_picked":["Biased Cognition","Meteor Strike"],"picked":"Electrodynamics","floor":16},{"not_picked":["Beam Cell","Barrage"],"picked":"Conserve Battery","floor":18},{"not_picked":["Stack","Darkness+1"],"picked":"Capacitor","floor":19},{"not_picked":["Doom and Gloom","Heatsinks"],"picked":"Coolheaded+1","floor":21}],"player_experience":1722725,"relics_obtained":[{"floor":9,"key":"Shuriken"}],"event_choices":[{"damage_healed":0,"gold_gain":0,"player_choice":"Success","damage_taken":35,"relics_obtained":["FossilizedHelix"],"max_hp_gain":0,"max_hp_loss":0,"event_name":"Scrap Ooze","floor":2,"gold_loss":0},{"damage_healed":0,"gold_gain":75,"player_choice":"Gather Gold","damage_taken":11,"max_hp_gain":0,"max_hp_loss":0,"event_name":"World of Goop","floor":11,"gold_loss":0},{"damage_healed":0,"gold_gain":0,"player_choice":"Joined the Cult","damage_taken":6,"max_hp_gain":0,"max_hp_loss":0,"event_name":"Nest","floor":22,"gold_loss":0,"cards_obtained":["RitualDagger"]}],"is_beta":false,"boss_relics":[{"not_picked":["Sozu","Philosopher\u0027s Stone"],"picked":"Inserter"}],"items_purged_floors":[],"is_endless":false,"potions_floor_spawned":[3,4,5,13,19],"killed_by":"Book of Stabbing","ascension_level":17}