{"gold_per_floor":[115,126,176,188,338,338,373,373,373,399,410,410,8,20,20,20],"floor_reached":16,"playtime":510,"items_purged":["Doubt"],"score":204,"play_id":"46e8b261-f618-45be-8fa0-68e414e5802a","local_time":"20190718215138","is_ascension_mode":true,"campfire_choices":[{"data":"Armaments","floor":6,"key":"SMITH"},{"data":"Demon Form","floor":8,"key":"SMITH"},{"data":"Iron Wave","floor":12,"key":"SMITH"},{"data":"Metallicize","floor":15,"key":"SMITH"}],"neow_cost":"NONE","seed_source_timestamp":522621465174700,"circlet_count":0,"master_deck":["AscendersBane","Strike_R","Strike_R","Strike_R","Strike_R","Strike_R","Defend_R","Defend_R","Defend_R","Defend_R","Bash+1","Armaments+1","Iron Wave+1","Demon Form+1","Anger","Ghostly Armor","Clash","Metallicize+1","Thunderclap"],"relics":["Burning Blood","Paper Frog","Boot","Letter Opener","Bag of Preparation"],"potions_floor_usage":[7,10,14,16],"damage_taken":[{"damage":6,"enemies":"Cultist","floor":1,"turns":3},{"damage":14,"enemies":"Jaw Worm","floor":2,"turns":5},{"damage":2,"enemies":"2 Louse","floor":4,"turns":3},{"damage":32,"enemies":"3 Sentries","floor":7,"turns":9},{"damage":20,"enemies":"Lagavulin","floor":10,"turns":6},{"damage":15,"enemies":"Red Slaver","floor":11,"turns":4},{"damage":18,"enemies":"Exordium Wildlife","floor":14,"turns":6},{"damage":14,"enemies":"Hexaghost","floor":16,"turns":11}],"seed_played":"-3980524954102819648","potions_obtained":[{"floor":1,"key":"EssenceOfSteel"},{"floor":7,"key":"LiquidBronze"},{"floor":14,"key":"Poison Potion"}],"is_trial":false,"path_per_floor":["M","M","?","M","?","R","E","R","T","E","M","R","$","M","R","B"],"character_chosen":"IRONCLAD","items_purchased":["Bag of Preparation","Metallicize","Regen Potion"],"campfire_rested":0,"item_purchase_floors":[13,13,13],"current_hp_per_floor":[68,60,53,57,57,57,31,31,31,17,8,8,8,11,11,0],"gold":20,"neow_bonus":"UPGRADE_CARD","is_prod":false,"is_daily":false,"chose_seed":false,"campfire_upgraded":4,"win_rate":0,"timestamp":1563479498,"path_taken":["M","M","?","?","?","R","E","R","T","E","M","R","$","M","R","BOSS"],"build_version":"2019-07-17","purchased_purges":1,"victory":false,"max_hp_per_floor":[75,75,75,75,75,75,75,75,75,75,75,75,75,75,75,75],"card_choices":[{"not_picked":["Havoc","Rage"],"picked":"Armaments","floor":1},{"not_picked":["Clothesline","Perfected Strike"],"picked":"Iron Wave","floor":2},{"not_picked":["Thunderclap","Clash"],"picked":"Demon Form","floor":4},{"not_picked":["Exhume","Armaments"],"picked":"Anger","floor":7},{"not_picked":["Havoc","Power Through"],"picked":"Ghostly Armor","floor":10},{"not_picked":["Dropkick","Twin Strike"],"picked":"Clash","floor":11},{"not_picked":["Havoc","Warcry"],"picked":"Thunderclap","floor":14}],"player_experience":1677459,"relics_obtained":[{"floor":7,"key":"Paper Frog"},{"floor":9,"key":"Boot"},{"floor":10,"key":"Letter Opener"}],"event_choices":[{"damage_healed":0,"gold_gain":50,"player_choice":"Touch","damage_taken":7,"max_hp_gain":0,"max_hp_loss":0,"event_name":"FaceTrader","floor":3,"gold_loss":0},{"damage_healed":0,"gold_gain":150,"player_choice":"AGREE","damage_taken":0,"max_hp_gain":0,"max_hp_loss":0,"event_name":"Liars Game","floor":5,"gold_loss":0,"cards_obtained":["Doubt"]}],"is_beta":false,"boss_relics":[],"items_purged_floors":[13],"is_endless":false,"potions_floor_spawned":[1,7,14],"killed_by":"Hexaghost","ascension_level":17}