{"path_per_floor":["M","?","?","M","M","R","E","M","T","E","$","M","R","?","R","B",null,"M","M","M","?","M","R","E","$","T","?","M","M","M","M","R","B",null,"M","?","$","?","?","R","E","M","T","E","?","$","M","M","R","B"],"character_chosen":"IRONCLAD","items_purchased":["Shuriken","Vajra","Block Potion","Meat on the Bone","Gremlin Horn"],"gold_per_floor":[109,109,109,126,140,140,171,188,263,295,52,62,62,137,137,233,233,250,264,282,282,293,293,321,119,419,334,351,365,383,396,396,497,497,515,515,197,197,197,197,228,246,246,274,274,14,25,42,42,42],"floor_reached":51,"campfire_rested":1,"playtime":3201,"current_hp_per_floor":[72,56,90,90,82,82,80,80,90,39,39,40,40,29,59,64,100,92,95,91,91,96,96,90,90,90,90,82,80,82,67,67,14,100,100,100,100,100,90,90,74,95,95,96,96,96,99,110,110,68],"items_purged":["Defend_R"],"gold":42,"play_id":"1bb258c0-54f6-41cc-b085-9dc135033add","is_prod":false,"is_daily":false,"is_ascension_mode":true,"campfire_upgraded":6,"path_taken":["M","?","?","M","?","R","E","M","T","E","$","M","R","?","R","BOSS","M","M","M","?","M","R","E","$","T","?","M","M","M","M","R","BOSS","M","?","$","?","?","R","E","M","T","E","?","$","M","?","R","BOSS"],"build_version":"2018-01-25-PROD3","purchased_purges":3,"victory":true,"master_deck":["Strike_R+1","Strike_R+1","Strike_R+1","Strike_R+1","Strike_R+1","Defend_R+1","Defend_R+1","Defend_R+1","Twin Strike+1","Flex+1","Spot Weakness+1","Heavy Blade+1","Limit Break+1","Uppercut+1","Iron Wave+1","Heavy Blade+1","Intimidate","Flex+1","Reaper","Madness","Madness","Pommel Strike+1"],"max_hp_per_floor":[80,80,90,90,90,90,90,90,100,100,100,100,100,100,100,100,100,100,100,100,100,100,100,100,100,100,100,100,100,100,100,100,100,100,100,100,100,100,100,100,102,104,104,106,106,106,108,110,110,110],"relics":["Black Blood","Centennial Puzzle","Pear","War Paint","Shuriken","Anchor","Vajra","Old Coin","Prayer Wheel","Philosopher\u0027s Stone","Meat on the Bone","Singing Bowl","Torii","Letter Opener","Gremlin Horn"],"card_choices":[{"not_picked":["Armaments","Intimidate"],"picked":"Twin Strike"},{"not_picked":["True Grit","Carnage"],"picked":"Flex"},{"not_picked":["Shockwave","Twin Strike"],"picked":"Spot Weakness"},{"not_picked":["Hemokinesis","Sword Boomerang"],"picked":"Heavy Blade"},{"not_picked":["Demon Form","Dark Embrace"],"picked":"Limit Break"},{"not_picked":["Flame Barrier","True Grit"],"picked":"Uppercut"},{"not_picked":["Whirlwind","Flex"],"picked":"Iron Wave"},{"not_picked":["Pommel Strike","Seeing Red"],"picked":"Heavy Blade"},{"not_picked":["Twin Strike","Headbutt"],"picked":"Intimidate"},{"not_picked":["Iron Wave","Limit Break"],"picked":"Flex"},{"not_picked":["Berserk","Feed"],"picked":"Reaper"},{"not_picked":["Havoc","Dual Wield"],"picked":"Pommel Strike"}],"player_experience":143563,"potions_floor_usage":[12,16,22,24,24,29,33,33,48,50,50,50],"damage_taken":[{"damage":14,"enemies":"Small Slimes","floor":1,"turns":4},{"damage":1,"enemies":"Cultist","floor":4,"turns":3},{"damage":14,"enemies":"Blue Slaver","floor":5,"turns":4},{"damage":8,"enemies":"Gremlin Nob","floor":7,"turns":3},{"damage":6,"enemies":"Looter","floor":8,"turns":2},{"damage":57,"enemies":"3 Sentries","floor":10,"turns":6},{"damage":5,"enemies":"Gremlin Gang","floor":12,"turns":2},{"damage":1,"enemies":"Slime Boss","floor":16,"turns":4},{"damage":18,"enemies":"Shell Parasite","floor":18,"turns":3},{"damage":7,"enemies":"Chosen","floor":19,"turns":3},{"damage":14,"enemies":"3 Cultists","floor":20,"turns":4},{"damage":5,"enemies":"Snake Plant","floor":22,"turns":2},{"damage":16,"enemies":"Gremlin Leader","floor":24,"turns":6},{"damage":18,"enemies":"Snecko","floor":28,"turns":3},{"damage":12,"enemies":"Slaver and Parasite","floor":29,"turns":3},{"damage":8,"enemies":"Chosen and Byrds","floor":30,"turns":4},{"damage":25,"enemies":"Snake Plant","floor":31,"turns":3},{"damage":63,"enemies":"Automaton","floor":33,"turns":8},{"damage":7,"enemies":"Orb Walker","floor":35,"turns":3},{"damage":40,"enemies":"2 Orb Walkers","floor":41,"turns":4},{"damage":12,"enemies":"3 Darklings","floor":42,"turns":3},{"damage":11,"enemies":"Giant Head","floor":44,"turns":5},{"damage":20,"enemies":"4 Shapes","floor":47,"turns":3},{"damage":26,"enemies":"Maw","floor":48,"turns":5},{"damage":88,"enemies":"Donu and Deca","floor":50,"turns":6}],"event_choices":[{"event_name":"Shining Light","player_choice":"Entered Light","floor":2,"damage_taken":0},{"event_name":"Bonfire Elementals","player_choice":"RARE","floor":3,"damage_taken":0},{"event_name":"World of Goop","player_choice":"Gather Gold","floor":14,"damage_taken":0},{"event_name":"Back to Basics","player_choice":"Simplicity","floor":21,"damage_taken":0},{"event_name":"Addict","player_choice":"Obtained Relic","floor":27,"damage_taken":0},{"event_name":"Tomb of Lord Red Mask","player_choice":"Ignored","floor":36,"damage_taken":0},{"event_name":"Winding Halls","player_choice":"Embrace Madness","floor":39,"damage_taken":0},{"event_name":"Mysterious Sphere","player_choice":"Ignore","floor":45,"damage_taken":0}],"boss_relics":[{"not_picked":["Question Card","Lizard Tail"],"picked":"Black Blood"},{"not_picked":["Black Star","Pandora\u0027s Box"],"picked":"Philosopher\u0027s Stone"}],"potions_floor_spawned":[4,10,12,18,19,29,31,35,41,47,48],"seed_played":"5677452507474018846","ascension_level":3,"is_trial":false}