{"gold_per_floor":[218,238,238,34,34,34,54,79,124,145,145,178,178,219,219,313,313,329,244,244,85,105,105,128,128,128,144,187,187],"floor_reached":29,"playtime":1036,"items_purged":["Injury","Strike_B"],"score":545,"play_id":"8c539fec-9abf-488b-bf48-7e30c95b5fe2","local_time":"20190627195756","is_ascension_mode":true,"campfire_choices":[{"data":"Zap","floor":6,"key":"SMITH"},{"data":"Defragment","floor":11,"key":"SMITH"},{"data":"Loop","floor":13,"key":"SMITH"},{"data":"Consume","floor":15,"key":"SMITH"},{"data":"Seek","floor":23,"key":"SMITH"},{"data":"White Noise","floor":25,"key":"SMITH"}],"neow_cost":"NONE","seed_source_timestamp":848349372414700,"circlet_count":0,"master_deck":["AscendersBane","Strike_B","Strike_B","Defend_B+1","Defend_B","Defend_B","Defend_B","Zap+1","Dualcast","Coolheaded","Sweeping Beam","Defragment+1","Hologram","Loop+1","Ball Lightning","Leap","BootSequence","White Noise+1","Consume+1","Seek+1","Conserve Battery","Storm","Redo+1","Cold Snap","Aggregate","Gash","Conserve Battery","Core Surge","Force Field","Go for the Eyes"],"relics":["Cracked Core","Golden Idol","Bag of Marbles","Vajra","Blue Candle","Orrery","Nloth\u0027s Gift","Pear","Smiling Mask"],"potions_floor_usage":[2,27,27,28,28,29],"damage_taken":[{"damage":2,"enemies":"Jaw Worm","floor":1,"turns":4},{"damage":5,"enemies":"Small Slimes","floor":2,"turns":3},{"damage":0,"enemies":"Cultist","floor":7,"turns":3},{"damage":10,"enemies":"Red Slaver","floor":8,"turns":3},{"damage":6,"enemies":"Gremlin Gang","floor":10,"turns":3},{"damage":17,"enemies":"Lagavulin","floor":12,"turns":6},{"damage":21,"enemies":"3 Sentries","floor":14,"turns":5},{"damage":0,"enemies":"Hexaghost","floor":16,"turns":8},{"damage":10,"enemies":"Chosen","floor":18,"turns":5},{"damage":0,"enemies":"Shell Parasite","floor":22,"turns":4},{"damage":6,"enemies":"Snecko","floor":24,"turns":6},{"damage":8,"enemies":"Centurion and Healer","floor":27,"turns":4},{"damage":29,"enemies":"Gremlin Leader","floor":28,"turns":6},{"damage":16,"enemies":"Snake Plant","floor":29,"turns":2}],"seed_played":"-3206573575345715435","potions_obtained":[{"floor":1,"key":"Fire Potion"},{"floor":7,"key":"Ancient Potion"},{"floor":14,"key":"EntropicBrew"},{"floor":16,"key":"PowerPotion"},{"floor":27,"key":"LiquidBronze"},{"floor":28,"key":"Ancient Potion"}],"is_trial":false,"path_per_floor":["M","M","?","$","?","R","M","M","T","M","R","E","R","E","R","B",null,"M","?","?","$","M","R","M","R","T","M","E","M"],"character_chosen":"DEFECT","items_purchased":["Defragment","Hologram","Gash"],"campfire_rested":0,"item_purchase_floors":[4,4,21],"current_hp_per_floor":[62,57,57,57,57,57,57,47,47,41,41,24,24,3,3,3,54,44,44,44,44,44,44,38,38,48,40,11,0],"gold":187,"neow_bonus":"HUNDRED_GOLD","is_prod":false,"is_daily":false,"chose_seed":false,"campfire_upgraded":6,"win_rate":0,"timestamp":1561658276,"path_taken":["M","M","?","$","?","R","M","M","T","M","R","E","R","E","R","BOSS","M","?","?","$","M","R","M","R","T","M","E","M"],"build_version":"2019-01-23","purchased_purges":2,"victory":false,"max_hp_per_floor":[71,71,71,71,71,71,71,71,71,71,71,71,71,71,71,71,71,71,71,71,71,71,71,71,71,81,81,81,81],"card_choices":[{"not_picked":["Doom and Gloom","Leap"],"picked":"Coolheaded","floor":1},{"not_picked":["Storm","Rebound"],"picked":"Sweeping Beam","floor":2},{"not_picked":["Beam Cell","Compile Driver"],"picked":"Ball Lightning","floor":7},{"not_picked":["Steam","Lockon"],"picked":"Leap","floor":8},{"not_picked":["Amplify","Steam"],"picked":"BootSequence","floor":10},{"not_picked":["Melter","Compile Driver"],"picked":"White Noise","floor":12},{"not_picked":["Melter","Ball Lightning"],"picked":"Consume","floor":14},{"not_picked":["All For One","Machine Learning"],"picked":"Seek","floor":16},{"not_picked":["Streamline","Glacier"],"picked":"Conserve Battery","floor":17},{"not_picked":["Steam","Reinforced Body"],"picked":"Storm","floor":17},{"not_picked":["Coolheaded","Barrage"],"picked":"Redo","floor":17},{"not_picked":["Steam Power","Darkness"],"picked":"Cold Snap","floor":17},{"not_picked":["Turbo","Rip and Tear"],"picked":"Aggregate","floor":18},{"not_picked":["Ball Lightning","Barrage"],"picked":"Conserve Battery","floor":22},{"not_picked":["Seek","Rebound"],"picked":"Core Surge","floor":24},{"not_picked":["Redo","Cold Snap"],"picked":"Force Field","floor":27},{"not_picked":["Beam Cell","Amplify"],"picked":"Go for the Eyes","floor":28}],"player_experience":1504183,"relics_obtained":[{"floor":9,"key":"Bag of Marbles"},{"floor":12,"key":"Vajra"},{"floor":14,"key":"Blue Candle"},{"floor":26,"key":"Pear"},{"floor":28,"key":"Smiling Mask"}],"event_choices":[{"damage_healed":0,"gold_gain":0,"player_choice":"Take Wound","damage_taken":0,"relics_obtained":["Golden Idol"],"max_hp_gain":0,"max_hp_loss":0,"event_name":"Golden Idol","floor":3,"gold_loss":0,"cards_obtained":["Injury"]},{"damage_healed":0,"gold_gain":0,"cards_transformed":["Strike_B"],"player_choice":"Change","damage_taken":0,"max_hp_gain":0,"max_hp_loss":0,"event_name":"Living Wall","floor":5,"gold_loss":0,"cards_obtained":["Loop"]},{"damage_healed":0,"gold_gain":0,"player_choice":"Obtained Relic","damage_taken":0,"relics_obtained":["War Paint"],"max_hp_gain":0,"max_hp_loss":0,"event_name":"Addict","floor":19,"gold_loss":85},{"damage_healed":0,"gold_gain":0,"player_choice":"Traded Relic","damage_taken":0,"relics_obtained":["Nloth\u0027s Gift"],"max_hp_gain":0,"max_hp_loss":0,"event_name":"N\u0027loth","floor":20,"relics_lost":["War Paint"],"gold_loss":0}],"is_beta":false,"boss_relics":[{"not_picked":["Philosopher\u0027s Stone","Runic Pyramid"],"picked":"Orrery"}],"items_purged_floors":[4,21],"is_endless":false,"potions_floor_spawned":[1,7,14,16,24,27,28],"killed_by":"Snake Plant","ascension_level":16}