{"gold_per_floor":[112,112,122,122,133,133,133,151,151,183,194,194,194,229,229,331,331,344,344,344,359,386,411,411,426,426,426,446,465,481,396,396,501,501,519,539,539,539,79,79,79,79,109,109,125,125,152,183,183,183],"floor_reached":51,"playtime":2549,"items_purged":["Decay"],"score":1004,"play_id":"047dfe7c-2581-4a73-9099-8c796b1e1784","local_time":"20180709184159","is_ascension_mode":true,"campfire_choices":[{"data":"Go for the Eyes","floor":6,"key":"SMITH"},{"floor":15,"key":"REST"},{"floor":24,"key":"REST"},{"floor":27,"key":"REST"},{"data":"Loop","floor":32,"key":"SMITH"},{"data":"Consume","floor":40,"key":"SMITH"},{"data":"Mind Blast","floor":42,"key":"SMITH"},{"data":"1","floor":44,"key":"LIFT"},{"data":"2","floor":49,"key":"LIFT"}],"neow_cost":"NONE","seed_source_timestamp":116724290867,"circlet_count":0,"master_deck":["Strike_B+1","Strike_B+1","Strike_B+1","Defend_B+1","Defend_B+1","Defend_B+1","Defend_B+1","Zap+1","Dualcast+1","Chaos+1","Defragment+1","Go for the Eyes+1","Ball Lightning+1","Cold Snap+1","Loop+1","Core Surge+1","Beam Cell+1","Ghostly+1","Ghostly+1","Ghostly+1","Ghostly+1","Ghostly+1","Stack+1","Loop+1","Sweeping Beam+1","Coolheaded+1","Compile Driver+1","Glacier+1","Rainbow+1","Consume+1","Mind Blast+1"],"relics":["Cracked Core","Torii","Ornamental Fan","Girya","Bronze Scales","Unceasing Top","Sozu","Red Mask","Whetstone","Cables","DataDisk","Busted Crown","Mark of the Bloom","Runic Capacitor","Tiny Chest","Omamori","Gremlin Horn"],"potions_floor_usage":[10,14,23],"damage_taken":[{"damage":7,"enemies":"Jaw Worm","floor":1,"turns":3},{"damage":3,"enemies":"Small Slimes","floor":3,"turns":3},{"damage":0,"enemies":"Cultist","floor":5,"turns":3},{"damage":8,"enemies":"Blue Slaver","floor":8,"turns":4},{"damage":18,"enemies":"Gremlin Nob","floor":10,"turns":4},{"damage":2,"enemies":"Exordium Thugs","floor":11,"turns":4},{"damage":11,"enemies":"3 Sentries","floor":14,"turns":7},{"damage":35,"enemies":"Hexaghost","floor":16,"turns":9},{"damage":6,"enemies":"3 Byrds","floor":18,"turns":2},{"damage":0,"enemies":"2 Thieves","floor":21,"turns":4},{"damage":21,"floor":22,"turns":6},{"damage":37,"enemies":"Gremlin Leader","floor":23,"turns":12},{"damage":1,"enemies":"3 Cultists","floor":25,"turns":5},{"damage":2,"enemies":"Cultist and Chosen","floor":28,"turns":5},{"damage":0,"enemies":"Snecko","floor":29,"turns":7},{"damage":0,"enemies":"Slaver and Parasite","floor":30,"turns":6},{"damage":9,"enemies":"Automaton","floor":33,"turns":12},{"damage":0,"enemies":"Orb Walker","floor":35,"turns":5},{"damage":2,"enemies":"3 Darklings","floor":36,"turns":7},{"damage":0,"enemies":"Maw","floor":45,"turns":5},{"damage":0,"enemies":"2 Orb Walkers","floor":48,"turns":4},{"damage":0,"enemies":"Awakened One","floor":50,"turns":12}],"seed_played":"-3808206195934370552","potions_obtained":[{"floor":4,"key":"FairyPotion"},{"floor":4,"key":"SkillPotion"},{"floor":4,"key":"PowerPotion"},{"floor":10,"key":"FairyPotion"},{"floor":16,"key":"Weak Potion"}],"is_trial":false,"path_per_floor":["M","?","M","?","M","R","?","M","T","E","M","?","?","E","R","B",null,"M","?","?","M","?","E","R","M","T","R","M","M","M","?","R","B",null,"M","M","?","?","$","R","?","R","T","R","M","?","T","E","R","B"],"character_chosen":"DEFECT","items_purchased":["Runic Capacitor","Consume","Mind Blast"],"campfire_rested":3,"item_purchase_floors":[39,39,39],"current_hp_per_floor":[68,68,65,65,65,65,58,50,50,32,30,27,27,16,38,3,75,69,69,37,37,16,3,14,13,13,24,22,22,22,22,22,13,37,37,35,35,35,35,35,35,35,35,35,35,35,35,35,35,35],"gold":183,"neow_bonus":"UPGRADE_CARD","is_prod":false,"is_daily":false,"chose_seed":false,"campfire_upgraded":4,"win_rate":0,"timestamp":1531158119,"path_taken":["M","?","M","?","?","R","?","M","T","E","M","?","?","E","R","BOSS","M","?","?","?","?","E","R","?","T","R","M","M","M","?","R","BOSS","M","M","?","?","$","R","?","R","T","R","?","?","?","E","R","BOSS"],"build_version":"2018-07-05","purchased_purges":1,"victory":true,"max_hp_per_floor":[75,75,75,75,75,75,75,75,75,75,75,75,75,75,75,75,75,75,75,37,37,37,37,37,37,37,37,37,37,37,37,37,37,37,37,37,37,37,37,37,37,37,37,37,37,37,37,37,37,37],"card_choices":[{"not_picked":["Beam Cell","Rebound"],"picked":"Chaos","floor":1},{"not_picked":["FTL","White Noise"],"picked":"Defragment","floor":3},{"not_picked":["Compile Driver","Undo"],"picked":"Go for the Eyes","floor":5},{"not_picked":["Turbo","Go for the Eyes"],"picked":"Ball Lightning","floor":8},{"not_picked":["Meteor Strike","Lockon"],"picked":"Cold Snap","floor":10},{"not_picked":["Conserve Battery","Undo"],"picked":"Loop","floor":11},{"not_picked":["Recycle","Creative AI","Darkness"],"picked":"SKIP","floor":14},{"not_picked":["Amplify","Fission"],"picked":"Core Surge","floor":16},{"not_picked":["Chaos","BootSequence+1"],"picked":"Beam Cell","floor":18},{"not_picked":["Beam Cell","Sunder"],"picked":"Stack+1","floor":21},{"not_picked":["Stack","Leap"],"picked":"Loop","floor":22},{"not_picked":["Leap","Steam Power"],"picked":"Sweeping Beam","floor":23},{"not_picked":["Skim+1","Leap"],"picked":"Coolheaded","floor":25},{"not_picked":["Rebound","Reprogram+1","Gash"],"picked":"SKIP","floor":28},{"not_picked":["Coolheaded+1","Redo"],"picked":"Compile Driver","floor":29},{"not_picked":["Conserve Battery","White Noise"],"picked":"Glacier+1","floor":30},{"not_picked":["All For One","Seek"],"picked":"Rainbow","floor":33},{"not_picked":["Cold Snap"],"picked":"SKIP","floor":35},{"not_picked":["Gash+1"],"picked":"SKIP","floor":36},{"not_picked":["Ball Lightning"],"picked":"SKIP","floor":45},{"not_picked":["Self Repair+1"],"picked":"SKIP","floor":48}],"player_experience":520081,"relics_obtained":[{"floor":9,"key":"Ornamental Fan"},{"floor":10,"key":"Girya"},{"floor":14,"key":"Unceasing Top"},{"floor":22,"key":"Red Mask"},{"floor":23,"key":"Whetstone"},{"floor":26,"key":"Cables"},{"floor":43,"key":"Tiny Chest"},{"floor":47,"key":"Omamori"},{"floor":48,"key":"Gremlin Horn"}],"event_choices":[{"event_name":"Big Fish","player_choice":"Box","floor":2,"damage_taken":0},{"event_name":"The Lab","player_choice":"Got Potions","floor":4,"damage_taken":0},{"event_name":"Golden Wing","player_choice":"Card Removal","floor":7,"damage_taken":0},{"event_name":"Scrap Ooze","player_choice":"success","floor":12,"damage_taken":3},{"event_name":"Golden Idol","player_choice":"Ignored","floor":13,"damage_taken":0},{"event_name":"Wheel of Change","player_choice":"Curse","floor":19,"damage_taken":0},{"event_name":"Ghosts","player_choice":"Became a Ghost","floor":20,"damage_taken":0},{"event_name":"Masked Bandits","player_choice":"Fought over 359 gold","floor":22,"damage_taken":0},{"event_name":"Addict","player_choice":"Obtained Relic","floor":31,"damage_taken":0},{"event_name":"MindBloom","player_choice":"Upgrade","floor":37,"damage_taken":0},{"event_name":"Tomb of Lord Red Mask","player_choice":"Ignored","floor":38,"damage_taken":0},{"event_name":"Mysterious Sphere","player_choice":"Ignore","floor":41,"damage_taken":0},{"event_name":"Bonfire Elementals","player_choice":"BASIC","floor":46,"damage_taken":0}],"boss_relics":[{"not_picked":["Orrery","Runic Dome"],"picked":"Sozu"},{"not_picked":["Empty Cage","Runic Pyramid"],"picked":"Busted Crown"}],"items_purged_floors":[39],"is_endless":false,"potions_floor_spawned":[10,11,16,22,23,25,29,30,35,36],"ascension_level":4}