{"gold_per_floor":[110,123,123,134,134,134,159,203,203,259,259,294,313,338,338,338],"floor_reached":16,"playtime":462,"items_purged":[],"score":193,"play_id":"dd90fe7b-7e72-43be-b9e7-09cbfcc9d981","local_time":"20190520035104","is_ascension_mode":true,"campfire_choices":[{"data":"Zap","floor":6,"key":"SMITH"},{"data":"Auto Shields","floor":11,"key":"SMITH"},{"floor":15,"key":"REST"}],"neow_cost":"PERCENT_DAMAGE","seed_source_timestamp":535217855050100,"circlet_count":0,"master_deck":["AscendersBane","Strike_B","Strike_B","Strike_B","Strike_B","Defend_B","Defend_B+1","Defend_B","Defend_B","Zap+1","Dualcast+1","Coolheaded","Auto Shields+1","Beam Cell","Injury","Sweeping Beam","Stack","Capacitor","Leap"],"relics":["Cracked Core","Gambling Chip","Golden Idol","Potion Belt","Bronze Scales","Tiny Chest","Letter Opener","War Paint"],"potions_floor_usage":[7,8,13],"damage_taken":[{"damage":2,"enemies":"Jaw Worm","floor":1,"turns":3},{"damage":0,"enemies":"2 Louse","floor":2,"turns":3},{"damage":1,"enemies":"Cultist","floor":4,"turns":4},{"damage":2,"enemies":"Large Slime","floor":7,"turns":6},{"damage":22,"enemies":"Lagavulin","floor":8,"turns":6},{"damage":33,"enemies":"Gremlin Nob","floor":12,"turns":4},{"damage":0,"enemies":"Red Slaver","floor":13,"turns":3},{"damage":31,"enemies":"Slime Boss","floor":16,"turns":3}],"seed_played":"-4983263475863941502","potions_obtained":[{"floor":2,"key":"Regen Potion"},{"floor":4,"key":"Fire Potion"},{"floor":12,"key":"Block Potion"}],"is_trial":false,"path_per_floor":["M","M","?","M","?","R","M","E","T","T","R","E","M","T","R","B"],"character_chosen":"DEFECT","items_purchased":[],"campfire_rested":1,"item_purchase_floors":[],"current_hp_per_floor":[44,44,49,48,48,48,60,38,38,38,38,5,5,5,27,0],"gold":338,"neow_bonus":"ONE_RARE_RELIC","is_prod":false,"is_daily":false,"chose_seed":false,"campfire_upgraded":2,"win_rate":0,"timestamp":1558317064,"path_taken":["M","M","?","M","?","R","M","E","T","?","R","E","?","?","R","BOSS"],"build_version":"2019-01-23","purchased_purges":0,"victory":false,"max_hp_per_floor":[71,71,76,76,76,76,76,76,76,76,76,76,76,76,76,76],"card_choices":[{"not_picked":["Streamline","Steam"],"picked":"Coolheaded","floor":1},{"not_picked":["FTL","Hologram"],"picked":"Auto Shields","floor":2},{"not_picked":["Turbo","Steam Power"],"picked":"Beam Cell","floor":4},{"not_picked":["Double Energy","Gash"],"picked":"Sweeping Beam","floor":7},{"not_picked":["Coolheaded","Machine Learning"],"picked":"Stack","floor":8},{"not_picked":["Reboot","Reprogram"],"picked":"Capacitor","floor":12},{"not_picked":["Cold Snap","Blizzard"],"picked":"Leap","floor":13}],"player_experience":1169778,"relics_obtained":[{"floor":8,"key":"Potion Belt"},{"floor":9,"key":"Bronze Scales"},{"floor":10,"key":"Tiny Chest"},{"floor":12,"key":"Letter Opener"},{"floor":14,"key":"War Paint"}],"event_choices":[{"damage_healed":0,"gold_gain":0,"player_choice":"Donut","damage_taken":0,"max_hp_gain":5,"max_hp_loss":0,"event_name":"Big Fish","floor":3,"gold_loss":0},{"damage_healed":0,"gold_gain":0,"player_choice":"Take Wound","damage_taken":0,"relics_obtained":["Golden Idol"],"max_hp_gain":0,"max_hp_loss":0,"event_name":"Golden Idol","floor":5,"gold_loss":0,"cards_obtained":["Injury"]}],"is_beta":false,"boss_relics":[],"items_purged_floors":[],"is_endless":false,"potions_floor_spawned":[2,4,12],"killed_by":"Slime Boss","ascension_level":15}