{"gold_per_floor":[109,123,143,162,172,172,203,203,203,5,5,5,24,57,57,57],"floor_reached":16,"playtime":557,"items_purged":["Strike_G"],"score":202,"play_id":"5faaef37-fce4-4d6b-a38b-123d986c4c9d","local_time":"20190623163453","is_ascension_mode":true,"campfire_choices":[{"data":"Neutralize","floor":6,"key":"SMITH"},{"floor":8,"key":"REST"},{"data":"Caltrops","floor":11,"key":"SMITH"},{"floor":15,"key":"REST"}],"neow_cost":"NONE","seed_source_timestamp":491038845666100,"circlet_count":0,"master_deck":["AscendersBane","Defend_G","Defend_G","Defend_G","Defend_G","Defend_G","Strike_G","Strike_G","Strike_G","Survivor","Neutralize+1","Poisoned Stab+1","Terror+1","Infinite Blades","Backflip","Flechettes","Deadly Poison","Caltrops+1","Backstab","Deflect","Deadly Poison"],"relics":["Ring of the Snake","Dodecahedron","Mummified Hand","Orichalcum"],"potions_floor_usage":[4,14,14],"damage_taken":[{"damage":0,"enemies":"Small Slimes","floor":1,"turns":5},{"damage":6,"enemies":"Jaw Worm","floor":2,"turns":6},{"damage":5,"enemies":"2 Louse","floor":3,"turns":2},{"damage":1,"enemies":"2 Fungi Beasts","floor":4,"turns":5},{"damage":0,"enemies":"3 Louse","floor":5,"turns":3},{"damage":30,"enemies":"Gremlin Nob","floor":7,"turns":4},{"damage":0,"enemies":"Looter","floor":13,"turns":2},{"damage":11,"enemies":"3 Sentries","floor":14,"turns":7},{"damage":33,"enemies":"Slime Boss","floor":16,"turns":3}],"seed_played":"-252776840524723881","potions_obtained":[{"floor":3,"key":"Weak Potion"},{"floor":7,"key":"SkillPotion"},{"floor":13,"key":"EssenceOfSteel"}],"is_trial":false,"path_per_floor":["M","M","M","M","M","R","E","R","T","$","R","?","M","E","R","B"],"character_chosen":"THE_SILENT","items_purchased":["Caltrops","Backstab"],"campfire_rested":2,"item_purchase_floors":[10,10],"current_hp_per_floor":[59,53,48,47,47,47,17,36,36,36,36,16,16,5,24,0],"gold":57,"neow_bonus":"REMOVE_CARD","is_prod":false,"is_daily":false,"chose_seed":false,"campfire_upgraded":2,"win_rate":0,"timestamp":1561300493,"path_taken":["M","M","M","M","M","R","E","R","T","$","R","?","M","E","R","BOSS"],"build_version":"2019-01-23","purchased_purges":1,"victory":false,"max_hp_per_floor":[66,66,66,66,66,66,66,66,66,66,66,66,66,66,66,66],"card_choices":[{"not_picked":["Outmaneuver","Backflip"],"picked":"Poisoned Stab","floor":1},{"not_picked":["Underhanded Strike","Prepared"],"picked":"Terror","floor":2},{"not_picked":["Blade Dance","Expertise"],"picked":"Infinite Blades","floor":3},{"not_picked":["Grand Finale","PiercingWail"],"picked":"Backflip","floor":4},{"not_picked":["Dagger Spray","Prepared"],"picked":"Flechettes","floor":5},{"not_picked":["Concentrate","Cloak And Dagger"],"picked":"Deadly Poison","floor":7},{"not_picked":["Dodge and Roll","Cloak And Dagger"],"picked":"Deflect","floor":13},{"not_picked":["Dagger Throw","Infinite Blades"],"picked":"Deadly Poison","floor":14}],"player_experience":1461709,"relics_obtained":[{"floor":7,"key":"Dodecahedron"},{"floor":9,"key":"Mummified Hand"},{"floor":14,"key":"Orichalcum"}],"event_choices":[{"damage_healed":0,"gold_gain":0,"player_choice":"Entered Light","damage_taken":20,"max_hp_gain":0,"max_hp_loss":0,"event_name":"Shining Light","floor":12,"gold_loss":0,"cards_upgraded":["Terror","Poisoned Stab"]}],"is_beta":false,"boss_relics":[],"items_purged_floors":[10],"is_endless":false,"potions_floor_spawned":[3,7,13],"killed_by":"Slime Boss","ascension_level":16}