{"gold_per_floor":[109,125,125,139,153,153,188,188,214,229,229,308,324,324,324,324],"floor_reached":16,"playtime":1419,"items_purged":[],"score":102,"play_id":"60ffdfb4-e40c-42cc-8c30-4a54db39da6a","local_time":"20190526175728","is_ascension_mode":false,"campfire_choices":[{"floor":6,"key":"REST"},{"floor":11,"key":"REST"},{"floor":15,"key":"REST"}],"neow_cost":"NONE","seed_source_timestamp":174522988861328,"circlet_count":0,"master_deck":["Strike_R","Strike_R","Strike_R+1","Strike_R","Strike_R","Defend_R","Defend_R","Defend_R+1","Defend_R+1","Bash","Armaments+1","Combust","Infernal Blade","Rage","Reaper"],"relics":["Burning Blood","Golden Idol","Oddly Smooth Stone","War Paint","Happy Flower"],"potions_floor_usage":[7,12,16],"damage_taken":[{"damage":10,"enemies":"Jaw Worm","floor":1,"turns":5},{"damage":12,"enemies":"2 Louse","floor":2,"turns":4},{"damage":13,"enemies":"Small Slimes","floor":4,"turns":3},{"damage":15,"enemies":"Exordium Wildlife","floor":5,"turns":3},{"damage":32,"enemies":"Lagavulin","floor":7,"turns":5},{"damage":1,"enemies":"Looter","floor":10,"turns":4},{"damage":26,"enemies":"3 Sentries","floor":12,"turns":6},{"damage":15,"enemies":"Red Slaver","floor":13,"turns":4},{"damage":67,"enemies":"Hexaghost","floor":16,"turns":14}],"seed_played":"-817124090078425336","potions_obtained":[{"floor":5,"key":"Poison Potion"},{"floor":7,"key":"PowerPotion"},{"floor":10,"key":"LiquidBronze"}],"is_trial":false,"path_per_floor":["M","M","?","M","M","R","E","?","T","M","R","?","M","?","R","B"],"character_chosen":"IRONCLAD","items_purchased":[],"campfire_rested":3,"item_purchase_floors":[],"current_hp_per_floor":[76,70,50,43,34,58,32,16,16,21,45,37,32,32,56,0],"gold":324,"neow_bonus":"THREE_CARDS","is_prod":false,"is_daily":false,"chose_seed":false,"campfire_upgraded":0,"win_rate":0.0,"timestamp":1558907848,"path_taken":["M","M","?","M","M","R","E","?","T","M","R","?","?","?","R","BOSS"],"build_version":"2019-01-23","purchased_purges":0,"victory":false,"max_hp_per_floor":[80,80,80,80,80,80,80,80,80,80,80,80,80,80,80,80],"card_choices":[{"not_picked":["Power Through","True Grit"],"picked":"Armaments","floor":0},{"not_picked":["Warcry","Pommel Strike","Power Through"],"picked":"SKIP","floor":1},{"not_picked":["Burning Pact","Clash"],"picked":"Combust","floor":2},{"not_picked":["Clothesline","Dropkick"],"picked":"Infernal Blade","floor":4},{"not_picked":["Pommel Strike","Clothesline"],"picked":"Rage","floor":5},{"not_picked":["Clothesline","Intimidate","Body Slam"],"picked":"SKIP","floor":7},{"not_picked":["Searing Blow","Iron Wave"],"picked":"Reaper","floor":10},{"not_picked":["Flex","Pommel Strike","Body Slam"],"picked":"SKIP","floor":13}],"player_experience":3349,"relics_obtained":[{"floor":7,"key":"Oddly Smooth Stone"},{"floor":9,"key":"War Paint"}],"event_choices":[{"damage_healed":0,"gold_gain":0,"player_choice":"Take Damage","damage_taken":20,"relics_obtained":["Golden Idol"],"max_hp_gain":0,"max_hp_loss":0,"event_name":"Golden Idol","floor":3,"gold_loss":0},{"damage_healed":0,"gold_gain":0,"player_choice":"Entered Light","damage_taken":16,"max_hp_gain":0,"max_hp_loss":0,"event_name":"Shining Light","floor":8,"gold_loss":0,"cards_upgraded":["Defend_R","Strike_R"]},{"damage_healed":0,"gold_gain":0,"player_choice":"Searched \u00273\u0027 times","damage_taken":0,"relics_obtained":["Happy Flower"],"max_hp_gain":0,"max_hp_loss":0,"event_name":"Dead Adventurer","floor":12,"gold_loss":0},{"damage_healed":0,"gold_gain":0,"player_choice":"Leave","damage_taken":0,"max_hp_gain":0,"max_hp_loss":0,"event_name":"FaceTrader","floor":14,"gold_loss":0}],"is_beta":false,"boss_relics":[],"items_purged_floors":[],"is_endless":false,"potions_floor_spawned":[5,7,10],"killed_by":"Hexaghost","ascension_level":0}