{"gold_per_floor":[111,111,123,141,154,184,184,201,201,201,236,236,246,271,271,345,345,363,363,122,122,122,122,47,47,47,47,62,75,75,75,75,75],"floor_reached":33,"playtime":1150,"items_purged":["Strike_R"],"score":518,"play_id":"1fd6f0df-e2c0-45dd-b3e3-da4b15008f2b","local_time":"20190610014344","is_ascension_mode":true,"campfire_choices":[{"data":"Whirlwind","floor":7,"key":"SMITH"},{"data":"Clothesline","floor":10,"key":"SMITH"},{"data":"Shockwave","floor":12,"key":"SMITH"},{"data":"Strike_R","floor":15,"key":"PURGE"},{"data":"RitualDagger","floor":23,"key":"SMITH"},{"data":"Seeing Red","floor":27,"key":"SMITH"},{"data":"Body Slam","floor":30,"key":"SMITH"},{"data":"Flex","floor":32,"key":"SMITH"}],"neow_cost":"NONE","seed_source_timestamp":248154072458800,"circlet_count":0,"master_deck":["AscendersBane","Defend_R","Defend_R","Defend_R","Defend_R","Bash+1","Clothesline+1","Thunderclap","Flex+1","Seeing Red+1","Headbutt","Whirlwind+1","Second Wind","Shockwave+1","Clash","Anger","Double Tap+1","Clash","Shrug It Off","Body Slam+1","Metallicize","RitualDagger+1","Clash+1","Sentinel"],"relics":["Burning Blood","Ancient Tea Set","Blue Candle","Juzu Bracelet","Peace Pipe","Eternal Feather","Du-Vu Doll"],"potions_floor_usage":[6,14,16,29,33,33],"damage_taken":[{"damage":7,"enemies":"2 Louse","floor":1,"turns":2},{"damage":6,"enemies":"Cultist","floor":3,"turns":4},{"damage":2,"enemies":"Jaw Worm","floor":4,"turns":3},{"damage":17,"enemies":"Exordium Thugs","floor":5,"turns":4},{"damage":8,"enemies":"Gremlin Nob","floor":6,"turns":3},{"damage":12,"enemies":"Lots of Slimes","floor":8,"turns":3},{"damage":0,"enemies":"3 Sentries","floor":11,"turns":2},{"damage":2,"enemies":"3 Louse","floor":13,"turns":3},{"damage":25,"enemies":"Lagavulin","floor":14,"turns":5},{"damage":13,"enemies":"Slime Boss","floor":16,"turns":7},{"damage":25,"enemies":"Spheric Guardian","floor":18,"turns":4},{"damage":9,"enemies":"Shell Parasite","floor":28,"turns":4},{"damage":44,"enemies":"Shelled Parasite and Fungi","floor":29,"turns":7},{"damage":74,"enemies":"Champ","floor":33,"turns":9}],"seed_played":"6993704254408937062","potions_obtained":[{"floor":4,"key":"Weak Potion"},{"floor":5,"key":"AttackPotion"},{"floor":11,"key":"SteroidPotion"},{"floor":14,"key":"Energy Potion"},{"floor":16,"key":"Regen Potion"},{"floor":28,"key":"Energy Potion"},{"floor":29,"key":"SpeedPotion"}],"is_trial":false,"path_per_floor":["M","?","M","M","M","E","R","M","T","R","E","R","M","E","R","B",null,"M","?","$","?","?","R","?","$","T","R","M","M","R","?","R","B"],"character_chosen":"IRONCLAD","items_purchased":["Shrug It Off","Body Slam","Metallicize"],"campfire_rested":0,"item_purchase_floors":[20,20,20],"current_hp_per_floor":[67,67,67,71,60,58,58,52,52,52,58,58,62,43,43,36,65,46,46,46,40,55,67,67,67,67,75,72,34,46,46,58,0],"gold":75,"neow_bonus":"REMOVE_CARD","is_prod":false,"is_daily":false,"chose_seed":false,"campfire_upgraded":7,"win_rate":0,"timestamp":1560123824,"path_taken":["M","?","M","M","M","E","R","M","T","R","E","R","M","E","R","BOSS","M","?","$","?","?","R","?","?","T","R","M","M","R","?","R","BOSS"],"build_version":"2019-01-23","purchased_purges":1,"victory":false,"max_hp_per_floor":[75,75,75,75,75,75,75,75,75,75,75,75,75,75,75,75,75,75,75,75,75,75,75,75,75,75,75,75,75,75,75,75,75],"card_choices":[{"not_picked":["Rupture","Cleave"],"picked":"Clothesline","floor":1},{"not_picked":["Cleave","Clash"],"picked":"Flex","floor":3},{"not_picked":["Headbutt","Corruption"],"picked":"Seeing Red","floor":4},{"not_picked":["Burning Pact","Havoc"],"picked":"Headbutt","floor":5},{"not_picked":["Clash","Inflame"],"picked":"Whirlwind","floor":6},{"not_picked":["Dropkick","Intimidate"],"picked":"Second Wind","floor":8},{"not_picked":["Ghostly Armor","Clash"],"picked":"Shockwave","floor":11},{"not_picked":["Cleave","Twin Strike"],"picked":"Clash","floor":13},{"not_picked":["Fire Breathing","Seeing Red"],"picked":"Anger","floor":14},{"not_picked":["Brutality","Juggernaut"],"picked":"Double Tap","floor":16},{"not_picked":["Body Slam","Flex"],"picked":"Clash","floor":18},{"not_picked":["Clothesline","Disarm"],"picked":"Clash+1","floor":28},{"not_picked":["Combust","Reckless Charge"],"picked":"Sentinel","floor":29}],"player_experience":1259319,"relics_obtained":[{"floor":6,"key":"Ancient Tea Set"},{"floor":9,"key":"Blue Candle"},{"floor":11,"key":"Juzu Bracelet"},{"floor":14,"key":"Peace Pipe"},{"floor":26,"key":"Du-Vu Doll"}],"event_choices":[{"damage_healed":0,"gold_gain":0,"cards_transformed":["Strike_R"],"player_choice":"Change","damage_taken":0,"max_hp_gain":0,"max_hp_loss":0,"event_name":"Living Wall","floor":2,"gold_loss":0,"cards_obtained":["Thunderclap"]},{"damage_healed":0,"gold_gain":0,"player_choice":"Upgraded","damage_taken":0,"max_hp_gain":0,"max_hp_loss":0,"event_name":"Upgrade Shrine","floor":19,"gold_loss":0,"cards_upgraded":["Double Tap"]},{"damage_healed":0,"gold_gain":0,"player_choice":"Joined the Cult","damage_taken":6,"max_hp_gain":0,"max_hp_loss":0,"event_name":"Nest","floor":21,"gold_loss":0,"cards_obtained":["RitualDagger"]},{"damage_healed":15,"gold_gain":0,"player_choice":"Heal","damage_taken":0,"max_hp_gain":0,"max_hp_loss":0,"event_name":"The Library","floor":22,"gold_loss":0},{"cards_removed":["Strike_R"],"damage_healed":0,"gold_gain":0,"player_choice":"Gave Gold","damage_taken":0,"max_hp_gain":0,"max_hp_loss":0,"event_name":"Beggar","floor":24,"gold_loss":75},{"damage_healed":0,"gold_gain":0,"player_choice":"Forge","damage_taken":0,"max_hp_gain":0,"max_hp_loss":0,"event_name":"Accursed Blacksmith","floor":31,"gold_loss":0,"cards_upgraded":["Bash"]}],"is_beta":false,"boss_relics":[{"not_picked":["Runic Dome","Ectoplasm"],"picked":"Eternal Feather"}],"items_purged_floors":[20],"is_endless":false,"potions_floor_spawned":[4,5,11,14,16,28,29],"killed_by":"Champ","ascension_level":16}