{"gold_per_floor":[114,124,124,137,137,168,184,184,211,221,18,18,34,50,50,50],"floor_reached":16,"playtime":491,"items_purged":["Strike_R"],"score":187,"play_id":"18436b50-9f2a-4950-8b77-d7f5fbfe3640","local_time":"20190523182911","is_ascension_mode":true,"campfire_choices":[{"data":"Body Slam","floor":8,"key":"SMITH"},{"data":"Armaments","floor":12,"key":"SMITH"},{"data":"True Grit","floor":15,"key":"SMITH"}],"neow_cost":"NONE","seed_source_timestamp":847086413323200,"circlet_count":0,"master_deck":["AscendersBane","Strike_R","Strike_R","Strike_R+1","Defend_R","Defend_R","Defend_R","Defend_R","Bash+1","Anger","Armaments+1","Metallicize","Feel No Pain","Body Slam+1","Pommel Strike","Inflame","Shrug It Off","Headbutt","True Grit+1"],"relics":["Burning Blood","Blood Vial","Boot","Omamori"],"potions_floor_usage":[6,13,14,16],"damage_taken":[{"damage":2,"enemies":"Jaw Worm","floor":1,"turns":3},{"damage":10,"enemies":"Small Slimes","floor":2,"turns":3},{"damage":6,"enemies":"Cultist","floor":4,"turns":3},{"damage":17,"enemies":"Lagavulin","floor":6,"turns":6},{"damage":11,"enemies":"Exordium Wildlife","floor":7,"turns":5},{"damage":7,"enemies":"Looter","floor":10,"turns":4},{"damage":21,"enemies":"Large Slime","floor":13,"turns":5},{"damage":9,"enemies":"2 Fungi Beasts","floor":14,"turns":4},{"damage":36,"enemies":"Slime Boss","floor":16,"turns":7}],"seed_played":"1660126680459786758","potions_obtained":[{"floor":4,"key":"FearPotion"},{"floor":6,"key":"SpeedPotion"},{"floor":10,"key":"SteroidPotion"},{"floor":13,"key":"Regen Potion"},{"floor":14,"key":"LiquidBronze"}],"is_trial":false,"path_per_floor":["M","M","?","M","?","E","M","R","T","M","$","R","M","M","R","B"],"character_chosen":"IRONCLAD","items_purchased":["Inflame","Shrug It Off"],"campfire_rested":0,"item_purchase_floors":[11,11],"current_hp_per_floor":[74,71,64,66,43,34,31,31,31,32,32,32,19,30,30,0],"gold":50,"neow_bonus":"RANDOM_COMMON_RELIC","is_prod":false,"is_daily":false,"chose_seed":false,"campfire_upgraded":3,"win_rate":0,"timestamp":1558628951,"path_taken":["M","M","?","M","?","E","M","R","T","M","?","R","?","M","R","BOSS"],"build_version":"2019-01-23","purchased_purges":1,"victory":false,"max_hp_per_floor":[75,75,75,75,75,75,75,75,75,75,75,75,75,75,75,75],"card_choices":[{"not_picked":["True Grit","Evolve"],"picked":"Anger","floor":1},{"not_picked":["Cleave","Rage"],"picked":"Armaments","floor":2},{"not_picked":["Power Through","Intimidate"],"picked":"Metallicize","floor":4},{"not_picked":["Immolate","Fire Breathing"],"picked":"Feel No Pain","floor":6},{"not_picked":["Sentinel","Bloodletting"],"picked":"Body Slam","floor":7},{"not_picked":["Dropkick","Heavy Blade"],"picked":"Pommel Strike","floor":10},{"not_picked":["Rupture","Sword Boomerang"],"picked":"Headbutt","floor":13},{"not_picked":["Clash","Inflame"],"picked":"True Grit","floor":14}],"player_experience":1190371,"relics_obtained":[{"floor":6,"key":"Boot"},{"floor":9,"key":"Omamori"}],"event_choices":[{"cards_removed":["Strike_R"],"damage_healed":0,"gold_gain":0,"player_choice":"Card Removal","damage_taken":7,"max_hp_gain":0,"max_hp_loss":0,"event_name":"Golden Wing","floor":3,"gold_loss":0},{"damage_healed":0,"gold_gain":0,"player_choice":"Entered Light","damage_taken":23,"max_hp_gain":0,"max_hp_loss":0,"event_name":"Shining Light","floor":5,"gold_loss":0,"cards_upgraded":["Strike_R","Bash"]}],"is_beta":false,"boss_relics":[],"items_purged_floors":[11],"is_endless":false,"potions_floor_spawned":[4,6,10,13,14],"killed_by":"Slime Boss","ascension_level":16}