{"gold_per_floor":[113,113,113,113,113,146,146,181,181,181,181,212,229,249,249,323,323,336,336,336,87,12],"floor_reached":22,"playtime":434,"items_purged":["Strike_B"],"score":446,"play_id":"820b97f8-75df-4d25-b9da-cee2b43b5982","local_time":"20190613034755","is_ascension_mode":true,"campfire_choices":[{"data":"Zap","floor":7,"key":"SMITH"},{"data":"White Noise","floor":11,"key":"SMITH"},{"data":"Fission","floor":15,"key":"SMITH"}],"neow_cost":"NONE","seed_source_timestamp":99059214836700,"circlet_count":0,"master_deck":["AscendersBane","Defend_B","Defend_B","Defend_B","Zap+1","Dualcast","Ball Lightning","Machine Learning","Stack","White Noise+1","Stack","Gash","Fission+1","Meteor Strike","Steam Power+1","White Noise+1","Machine Learning+1","Gash","RitualDagger","Loop","Fusion"],"relics":["Cracked Core","NeowsBlessing","Regal Pillow","Strawberry","Dodecahedron","Boot","Blood Vial","Astrolabe"],"potions_floor_usage":[12,13,18,22],"damage_taken":[{"damage":0,"enemies":"2 Louse","floor":1,"turns":1},{"damage":0,"enemies":"Gremlin Nob","floor":6,"turns":1},{"damage":0,"enemies":"3 Sentries","floor":8,"turns":2},{"damage":36,"enemies":"Gremlin Nob","floor":12,"turns":4},{"damage":7,"enemies":"Jaw Worm","floor":13,"turns":2},{"damage":7,"enemies":"Small Slimes","floor":14,"turns":2},{"damage":16,"enemies":"Hexaghost","floor":16,"turns":9},{"damage":7,"enemies":"3 Byrds","floor":18,"turns":2},{"damage":34,"enemies":"2 Thieves","floor":22,"turns":3}],"seed_played":"-3470884642607212401","potions_obtained":[{"floor":8,"key":"Strength Potion"},{"floor":12,"key":"Swift Potion"},{"floor":16,"key":"SneckoOil"},{"floor":18,"key":"Explosive Potion"}],"is_trial":false,"path_per_floor":["M","$","?","$","?","E","R","E","T","?","R","E","M","M","R","B",null,"M","?","?","$","M"],"character_chosen":"DEFECT","items_purchased":["Loop","Fusion"],"campfire_rested":0,"item_purchase_floors":[21,21],"current_hp_per_floor":[64,64,64,64,69,69,69,76,76,65,65,29,24,19,19,5,64,59,53,29,29,0],"gold":12,"neow_bonus":"THREE_ENEMY_KILL","is_prod":false,"is_daily":false,"chose_seed":false,"campfire_upgraded":3,"win_rate":0,"timestamp":1560390475,"path_taken":["M","$","?","$","?","E","R","E","T","?","R","E","M","M","R","BOSS","M","?","?","$","M"],"build_version":"2019-01-23","purchased_purges":1,"victory":false,"max_hp_per_floor":[71,71,71,71,76,76,76,83,83,83,83,83,83,83,83,83,83,83,83,88,88,88],"card_choices":[{"not_picked":["Lockon","Rebound"],"picked":"Ball Lightning","floor":1},{"not_picked":["Streamline","Ball Lightning"],"picked":"Stack","floor":6},{"not_picked":["Rebound","Conserve Battery"],"picked":"White Noise","floor":8},{"not_picked":["Scrape","Rebound"],"picked":"Stack","floor":12},{"not_picked":["Heatsinks","Hologram"],"picked":"Gash","floor":13},{"not_picked":["Force Field","Steam"],"picked":"Fission","floor":14},{"not_picked":["Seek","Biased Cognition"],"picked":"Meteor Strike","floor":16},{"not_picked":["Reinforced Body+1","Compile Driver"],"picked":"Gash","floor":18}],"player_experience":1317641,"relics_obtained":[{"floor":6,"key":"Regal Pillow"},{"floor":8,"key":"Strawberry"},{"floor":9,"key":"Dodecahedron"},{"floor":12,"key":"Blood Vial"}],"event_choices":[{"damage_healed":0,"gold_gain":0,"cards_transformed":["Strike_B"],"player_choice":"Change","damage_taken":0,"max_hp_gain":0,"max_hp_loss":0,"event_name":"Living Wall","floor":3,"gold_loss":0,"cards_obtained":["Machine Learning"]},{"damage_healed":0,"gold_gain":0,"player_choice":"Donut","damage_taken":0,"max_hp_gain":5,"max_hp_loss":0,"event_name":"Big Fish","floor":5,"gold_loss":0},{"damage_healed":0,"gold_gain":0,"player_choice":"Success","damage_taken":11,"relics_obtained":["Boot"],"max_hp_gain":0,"max_hp_loss":0,"event_name":"Scrap Ooze","floor":10,"gold_loss":0},{"damage_healed":0,"gold_gain":0,"player_choice":"Joined the Cult","damage_taken":6,"max_hp_gain":0,"max_hp_loss":0,"event_name":"Nest","floor":19,"gold_loss":0,"cards_obtained":["RitualDagger"]},{"damage_healed":0,"gold_gain":0,"player_choice":"Shed Blood","damage_taken":29,"max_hp_gain":5,"max_hp_loss":0,"event_name":"Forgotten Altar","floor":20,"gold_loss":0}],"is_beta":false,"boss_relics":[{"not_picked":["Empty Cage","Philosopher\u0027s Stone"],"picked":"Astrolabe"}],"items_purged_floors":[21],"is_endless":false,"potions_floor_spawned":[8,12,16,18],"killed_by":"2 Thieves","ascension_level":16}