{"gold_per_floor":[119,294,294,310,323,323,337,347,347,347,376,376,394,344,344,447,447,457,732,503,503,503,503,535,545,545,545,545,545,870,691,691,793,793,812,812,1811,1811,1823,1851,1851,1866,1866,1866,1866,15,25,25,25,25],"floor_reached":51,"playtime":1327,"items_purged":["Regret","Strike_R","Normality"],"score":984,"play_id":"fdeb1c4f-51a7-4eb3-98b2-0b5af8782d0b","local_time":"20190924013257","is_ascension_mode":false,"campfire_choices":[{"data":"Flex","floor":6.0,"key":"SMITH"},{"data":"Searing Blow","floor":12.0,"key":"SMITH"},{"data":"Searing Blow+1","floor":15.0,"key":"SMITH"},{"data":"Searing Blow+2","floor":23.0,"key":"SMITH"},{"data":"Searing Blow+3","floor":29.0,"key":"SMITH"},{"data":"Searing Blow+4","floor":32.0,"key":"SMITH"},{"floor":41.0,"key":"REST"},{"data":"Searing Blow+5","floor":44.0,"key":"SMITH"},{"data":"Searing Blow+6","floor":49.0,"key":"SMITH"}],"neow_cost":"NONE","seed_source_timestamp":8775415714435,"circlet_count":0,"master_deck":["Strike_R","Strike_R","Strike_R","Strike_R","Defend_R","Defend_R+1","Defend_R+1","Defend_R+1","Bash","Flex+1","Battle Trance","Searing Blow+7","Shockwave+1","Normality"],"special_seed":0,"relics":["Burning Blood","NeowsBlessing","Vajra","Strawberry","White Beast Statue","Velvet Choker","Akabeko","Juzu Bracelet","Nilry\u0027s Codex","Toy Ornithopter","The Courier","Old Coin","Snecko Eye","Magic Flower","Bottled Flame","Blue Candle","Centennial Puzzle","War Paint","Dodecahedron","Happy Flower","InkBottle","Mango","TungstenRod","Omamori","Dream Catcher","Frozen Eye"],"potions_floor_usage":[50,50],"damage_taken":[{"damage":0.0,"enemies":"2 Louse","floor":1.0,"turns":1.0},{"damage":0.0,"enemies":"Small Slimes","floor":4.0,"turns":1.0},{"damage":0.0,"enemies":"Cultist","floor":5.0,"turns":1.0},{"damage":2.0,"enemies":"Looter","floor":7.0,"turns":3.0},{"damage":3.0,"enemies":"3 Louse","floor":8.0,"turns":5.0},{"damage":9.0,"enemies":"Gremlin Nob","floor":11.0,"turns":4.0},{"damage":1.0,"enemies":"Exordium Wildlife","floor":13.0,"turns":4.0},{"damage":66.0,"enemies":"Hexaghost","floor":16.0,"turns":11.0},{"damage":0.0,"enemies":"Chosen","floor":18.0,"turns":3.0},{"damage":9.0,"enemies":"Gremlin Leader","floor":24.0,"turns":5.0},{"damage":7.0,"enemies":"3 Byrds","floor":25.0,"turns":5.0},{"damage":26.0,"enemies":"Slavers","floor":30.0,"turns":6.0},{"damage":95.0,"enemies":"Collector","floor":33.0,"turns":10.0},{"damage":19.0,"enemies":"3 Darklings","floor":35.0,"turns":5.0},{"damage":12.0,"enemies":"Orb Walker","floor":39.0,"turns":4.0},{"damage":80.0,"enemies":"Reptomancer","floor":40.0,"turns":8.0},{"damage":20.0,"enemies":"3 Darklings","floor":42.0,"turns":9.0},{"damage":15.0,"enemies":"4 Shapes","floor":47.0,"turns":4.0},{"damage":41,"enemies":"Donu and Deca","floor":50,"turns":8}],"seed_played":"-533994950706054401","potions_obtained":[{"floor":5.0,"key":"SpeedPotion"},{"floor":7.0,"key":"EntropicBrew"},{"floor":13.0,"key":"GamblersBrew"},{"floor":16.0,"key":"SteroidPotion"},{"floor":18.0,"key":"SpeedPotion"},{"floor":24.0,"key":"ElixirPotion"},{"floor":30.0,"key":"SkillPotion"},{"floor":33.0,"key":"Strength Potion"},{"floor":35.0,"key":"BloodPotion"},{"floor":39.0,"key":"ElixirPotion"},{"floor":40.0,"key":"EssenceOfSteel"},{"floor":42.0,"key":"BloodPotion"},{"floor":47.0,"key":"BloodPotion"}],"is_trial":false,"path_per_floor":["M","?","?","M","M","R","M","M","T","?","E","R","M","?","R","B",null,"M","?","$","T","?","R","E","M","T","?","?","R","E","$","R","B",null,"M","?","?","?","M","E","R","M","T","R","?","$","M","?","R","B",null],"character_chosen":"IRONCLAD","items_purchased":["Akabeko","BloodPotion","Regen Potion","Blue Candle","Centennial Puzzle","War Paint","Dodecahedron","Happy Flower","InkBottle","Mango","TungstenRod","Omamori","Dream Catcher","Frozen Eye","Swift Potion"],"campfire_rested":1,"item_purchase_floors":[20,31,31,46,46,46,46,46,46,46,46,46,46,46,46],"current_hp_per_floor":[80,80,64,70,76,76,80,80,80,75,72,72,77,77,77,17,87,87,87,87,87,71,71,68,67,67,50,50,50,58,58,58,7,92,79,79,79,79,73,23,50,47,47,47,47,61,95,95,95,97],"gold":25,"neow_bonus":"THREE_ENEMY_KILL","is_prod":false,"is_daily":false,"chose_seed":false,"campfire_upgraded":8,"win_rate":0,"timestamp":1569310377,"path_taken":["M","?","?","M","M","R","M","M","T","?","E","R","M","?","R","BOSS","M","?","$","?","?","R","E","M","T","?","?","R","E","$","R","BOSS","M","?","?","?","M","E","R","M","T","R","?","$","M","?","R","BOSS"],"build_version":"2019-09-23","purchased_purges":3,"victory":true,"max_hp_per_floor":[80,80,80,80,80,80,80,80,80,87,87,87,87,87,87,87,87,87,87,87,87,87,87,87,87,87,92,92,92,92,92,92,92,92,92,92,92,92,92,92,92,92,92,92,92,106,106,101,101,101],"card_choices":[{"not_picked":["True Grit","Heavy Blade"],"picked":"Flex","floor":1.0},{"not_picked":["Thunderclap","Cleave"],"picked":"Battle Trance","floor":4.0},{"not_picked":["Ghostly Armor","Sever Soul","Iron Wave"],"picked":"SKIP","floor":5.0},{"not_picked":["Hemokinesis","Anger"],"picked":"Searing Blow","floor":7.0},{"not_picked":["Headbutt","Wild Strike","Fire Breathing"],"picked":"SKIP","floor":8.0},{"not_picked":["Hemokinesis","Feel No Pain","Fire Breathing"],"picked":"SKIP","floor":11.0},{"not_picked":["Clothesline","Evolve","Disarm"],"picked":"SKIP","floor":13.0},{"not_picked":["Feel No Pain","Twin Strike+1","Anger"],"picked":"SKIP","floor":18.0},{"not_picked":["Pummel","Warcry","Pommel Strike"],"picked":"SKIP","floor":24.0},{"not_picked":["Shrug It Off","Iron Wave"],"picked":"Shockwave","floor":25.0},{"not_picked":["Havoc+1","Flame Barrier+1","Twin Strike"],"picked":"SKIP","floor":30.0},{"not_picked":["True Grit+1","Perfected Strike+1","Shrug It Off"],"picked":"SKIP","floor":35.0},{"not_picked":["Armaments","Headbutt","Ghostly Armor+1"],"picked":"SKIP","floor":39.0},{"not_picked":["Carnage","Rage","Spot Weakness"],"picked":"SKIP","floor":40.0},{"not_picked":["Blood for Blood+1","Pommel Strike+1","Entrench"],"picked":"SKIP","floor":42.0},{"not_picked":["Burning Pact","Thunderclap","Entrench+1"],"picked":"SKIP","floor":47.0}],"player_experience":1583665,"relics_obtained":[{"floor":9.0,"key":"Vajra"},{"floor":11.0,"key":"White Beast Statue"},{"floor":21.0,"key":"Juzu Bracelet"},{"floor":22.0,"key":"Nilry\u0027s Codex"},{"floor":24.0,"key":"Toy Ornithopter"},{"floor":26.0,"key":"The Courier"},{"floor":30.0,"key":"Old Coin"},{"floor":40.0,"key":"Magic Flower"},{"floor":43.0,"key":"Bottled Flame"}],"event_choices":[{"damage_healed":0.0,"max_hp_gain":0.0,"max_hp_loss":0.0,"gold_gain":175.0,"event_name":"Liars Game","player_choice":"AGREE","floor":2.0,"gold_loss":0.0,"damage_taken":0.0,"cards_obtained":["Doubt"]},{"damage_healed":0.0,"max_hp_gain":0.0,"max_hp_loss":0.0,"gold_gain":0.0,"event_name":"Shining Light","player_choice":"Entered Light","floor":3.0,"gold_loss":0.0,"damage_taken":16.0,"cards_upgraded":["Defend_R","Defend_R"]},{"damage_healed":0.0,"max_hp_gain":0.0,"max_hp_loss":0.0,"gold_gain":0.0,"event_name":"Scrap Ooze","player_choice":"Success","floor":10.0,"gold_loss":0.0,"damage_taken":12.0,"relics_obtained":["Strawberry"]},{"cards_removed":["Doubt"],"damage_healed":0.0,"max_hp_gain":0.0,"max_hp_loss":0.0,"gold_gain":0.0,"event_name":"The Cleric","player_choice":"Card Removal","floor":14.0,"gold_loss":50.0,"damage_taken":0.0},{"damage_healed":0.0,"max_hp_gain":0.0,"max_hp_loss":0.0,"gold_gain":275.0,"event_name":"Golden Shrine","player_choice":"Desecrate","floor":19.0,"gold_loss":0.0,"damage_taken":0.0,"cards_obtained":["Regret"]},{"damage_healed":0.0,"max_hp_gain":0.0,"max_hp_loss":0.0,"gold_gain":0.0,"event_name":"Cursed Tome","player_choice":"Obtained Book","floor":22.0,"gold_loss":0.0,"damage_taken":16.0},{"damage_healed":0.0,"max_hp_gain":5.0,"max_hp_loss":0.0,"gold_gain":0.0,"event_name":"Forgotten Altar","player_choice":"Shed Blood","floor":27.0,"gold_loss":0.0,"damage_taken":22.0},{"damage_healed":0.0,"max_hp_gain":0.0,"max_hp_loss":0.0,"gold_gain":0.0,"event_name":"Ghosts","player_choice":"Ignored","floor":28.0,"gold_loss":0.0,"damage_taken":0.0},{"damage_healed":0.0,"max_hp_gain":0.0,"max_hp_loss":0.0,"gold_gain":0.0,"event_name":"Mysterious Sphere","player_choice":"Ignored","floor":36.0,"gold_loss":0.0,"damage_taken":0.0},{"damage_healed":0.0,"max_hp_gain":0.0,"max_hp_loss":0.0,"gold_gain":999.0,"event_name":"MindBloom","player_choice":"Gold","floor":37.0,"gold_loss":0.0,"damage_taken":0.0,"cards_obtained":["Normality","Normality"]},{"damage_healed":0.0,"max_hp_gain":0.0,"max_hp_loss":0.0,"gold_gain":0.0,"event_name":"SensoryStone","player_choice":"Memory 1","floor":38.0,"gold_loss":0.0,"damage_taken":0.0},{"damage_healed":0.0,"max_hp_gain":0.0,"max_hp_loss":0.0,"gold_gain":0.0,"event_name":"Tomb of Lord Red Mask","player_choice":"Ignored","floor":45.0,"gold_loss":0.0,"damage_taken":0.0},{"damage_healed":0.0,"max_hp_gain":0.0,"max_hp_loss":5.0,"gold_gain":0.0,"event_name":"Winding Halls","player_choice":"Max HP","floor":48.0,"gold_loss":0.0,"damage_taken":0.0}],"is_beta":true,"boss_relics":[{"not_picked":["Coffee Dripper","Ectoplasm"],"picked":"Velvet Choker"},{"not_picked":["Runic Pyramid","Mark of Pain"],"picked":"Snecko Eye"}],"items_purged_floors":[20,31,46],"is_endless":false,"potions_floor_spawned":[5,7,13,16,18,24,25,30,33,35,39,40,42,47],"ascension_level":0}