{"gold_per_floor":[112,128,128,56,80,80,80,94,167,38,113,113,128,162,162,292,292,310,331,38,74,74,74,109,109,181,181,9,34,59,72,72,195,195,218,218,41,54,79,79,99,132,132,132,132,132,132,145,145,145,145,145,17,61,61],"floor_reached":55,"playtime":2851,"items_purged":["Strike_B","Strike_B","Strike_B","Strike_B"],"score":690,"play_id":"3aa71a79-c1de-4f04-9e40-5e09771dfd9a","local_time":"20190325014138","is_ascension_mode":false,"campfire_choices":[{"data":"Zap","floor":6.0,"key":"SMITH"},{"data":"Dualcast","floor":12.0,"key":"SMITH"},{"data":"Reboot","floor":15.0,"key":"SMITH"},{"data":"All For One","floor":23.0,"key":"SMITH"},{"floor":25.0,"key":"REST"},{"floor":27.0,"key":"RECALL"},{"data":"Beam Cell","floor":32.0,"key":"SMITH"},{"data":"Defend_B","floor":40,"key":"SMITH"},{"data":"Defend_B","floor":44,"key":"SMITH"},{"data":"Defend_B","floor":47,"key":"SMITH"},{"floor":49,"key":"REST"},{"data":"Defend_B","floor":52,"key":"SMITH"}],"neow_cost":"NONE","seed_source_timestamp":0,"circlet_count":0,"master_deck":["Defend_B+1","Defend_B+1","Defend_B+1","Defend_B+1","Zap+1","Dualcast+1","All For One+1","Reboot+1","Gash","Gash","Go for the Eyes+1","Steam+1","Finesse+1","Gash","Beam Cell+1","Hologram+1","Hologram+1","Stack+1","Hologram+1","Dark Shackles+1"],"special_seed":0,"relics":["FrozenCore","NeowsBlessing","Golden Idol","Toxic Egg 2","Vajra","Sozu","Red Mask","MutagenicStrength","Anchor","Pear","Ancient Tea Set","Bag of Preparation"],"potions_floor_usage":[50],"damage_taken":[{"damage":0.0,"enemies":"Cultist","floor":1.0,"turns":1.0},{"damage":0.0,"enemies":"Jaw Worm","floor":2.0,"turns":1.0},{"damage":0.0,"enemies":"Small Slimes","floor":5.0,"turns":1.0},{"damage":8.0,"enemies":"Red Slaver","floor":8.0,"turns":2.0},{"damage":2.0,"enemies":"Blue Slaver","floor":13.0,"turns":3.0},{"damage":25.0,"enemies":"Lagavulin","floor":14.0,"turns":5.0},{"damage":8.0,"enemies":"Hexaghost","floor":16.0,"turns":6.0},{"damage":0.0,"enemies":"Chosen","floor":18.0,"turns":3.0},{"damage":10.0,"enemies":"2 Thieves","floor":19.0,"turns":2.0},{"damage":3.0,"enemies":"Masked Bandits","floor":21.0,"turns":3.0},{"damage":0.0,"enemies":"Gremlin Leader","floor":24.0,"turns":4.0},{"damage":0.0,"enemies":"Centurion and Healer","floor":29.0,"turns":5.0},{"damage":24.0,"enemies":"Snecko","floor":30.0,"turns":6.0},{"damage":0.0,"enemies":"Snake Plant","floor":31.0,"turns":4.0},{"damage":11.0,"enemies":"Collector","floor":33.0,"turns":5.0},{"damage":0.0,"enemies":"Orb Walker","floor":35.0,"turns":1.0},{"damage":0,"enemies":"3 Darklings","floor":38,"turns":3},{"damage":0,"enemies":"4 Shapes","floor":39,"turns":2},{"damage":0,"enemies":"Jaw Worm Horde","floor":41,"turns":3},{"damage":18,"enemies":"Nemesis","floor":42,"turns":7},{"damage":6,"enemies":"Writhing Mass","floor":48,"turns":5},{"damage":30,"enemies":"Time Eater","floor":50,"turns":11},{"damage":57,"enemies":"Shield and Spear","floor":54,"turns":9},{"damage":32,"enemies":"The Heart","floor":55,"turns":2}],"seed_played":"3293448160522708999","potions_obtained":[{"floor":2.0,"key":"Fire Potion"},{"floor":5.0,"key":"SkillPotion"},{"floor":8.0,"key":"Strength Potion"}],"is_trial":false,"path_per_floor":["M","M","?","$","M","R","$","M","T","$","?","R","M","E","R","B",null,"M","M","$","?","?","R","E","R","T","R","$","M","M","M","R","B",null,"M","?","$","M","M","R","M","E","T","R","?","$","R","M","R","B",null,"R","$","E","B"],"character_chosen":"DEFECT","items_purchased":["All For One","Gash","Steam+1","Finesse+1","Gash","Stack+1","Hologram+1","Hologram+1","Dark Shackles+1"],"campfire_rested":2,"item_purchase_floors":[4,10,20,20,20,28,37,53,53],"current_hp_per_floor":[75,75,69,69,69,69,69,61,61,61,55,55,53,28,28,20,69,69,59,59,56,56,56,56,69,69,69,69,69,45,45,45,34,69,69,69,69,69,69,69,69,61,61,61,61,61,61,55,75,45,75,75,75,18,0],"gold":61,"neow_bonus":"THREE_ENEMY_KILL","is_prod":false,"is_daily":false,"chose_seed":false,"campfire_upgraded":9,"win_rate":0,"timestamp":1553503298,"path_taken":["M","?","?","?","M","R","?","M","T","$","?","R","M","E","R","BOSS","M","M","$","?","?","R","E","R","T","R","?","M","M","M","R","BOSS","M","?","$","M","M","R","M","E","T","R","?","?","R","M","R","BOSS","R","$","E","BOSS"],"build_version":"2019-01-23","purchased_purges":4,"victory":false,"max_hp_per_floor":[75,75,69,69,69,69,69,69,69,69,69,69,69,69,69,69,69,69,69,69,69,69,69,69,69,69,69,69,69,69,69,69,69,69,69,69,69,69,69,69,69,79,79,79,75,75,75,75,75,75,75,75,75,75,75],"card_choices":[{"not_picked":["Gash","Melter","Ball Lightning"],"picked":"SKIP","floor":1.0},{"not_picked":["Force Field","Beam Cell","Aggregate"],"picked":"SKIP","floor":2.0},{"not_picked":["Turbo","Redo","Compile Driver"],"picked":"SKIP","floor":5.0},{"not_picked":["Compile Driver","Conserve Battery"],"picked":"Reboot","floor":8.0},{"not_picked":["Cold Snap","Compile Driver","Loop"],"picked":"SKIP","floor":13.0},{"not_picked":["Turbo+1","Streamline"],"picked":"Gash","floor":14.0},{"not_picked":["Barrage","Glacier+1"],"picked":"Go for the Eyes+1","floor":18.0},{"not_picked":["Conserve Battery+1","Leap+1","Barrage+1"],"picked":"SKIP","floor":19.0},{"not_picked":["Ball Lightning+1","Melter+1","Hello World+1"],"picked":"SKIP","floor":24.0},{"not_picked":["Go for the Eyes","Gash"],"picked":"Beam Cell","floor":29.0},{"not_picked":["Compile Driver","Doom and Gloom","Recycle+1"],"picked":"SKIP","floor":30.0},{"not_picked":["Meteor Strike","Ball Lightning"],"picked":"Hologram+1","floor":31.0},{"not_picked":["Rebound","Gash+1","Streamline"],"picked":"SKIP","floor":35.0},{"not_picked":["Redo+1","Rebound+1","Turbo+1"],"picked":"SKIP","floor":38},{"not_picked":["White Noise+1","Tempest+1","Leap+1"],"picked":"SKIP","floor":39},{"not_picked":["Darkness+1","Hologram+1","Auto Shields+1"],"picked":"SKIP","floor":41},{"not_picked":["Redo+1","BootSequence+1"],"picked":"Stack+1","floor":42},{"not_picked":["Leap+1","All For One","Rebound+1"],"picked":"SKIP","floor":48},{"not_picked":["Echo Form","Consume+1","Glacier+1"],"picked":"SKIP","floor":54}],"player_experience":28612,"relics_obtained":[{"floor":9.0,"key":"Toxic Egg 2"},{"floor":14.0,"key":"Vajra"},{"floor":21.0,"key":"Red Mask"},{"floor":24.0,"key":"Anchor"},{"floor":42,"key":"Pear"},{"floor":43,"key":"Ancient Tea Set"},{"floor":54,"key":"Bag of Preparation"}],"event_choices":[{"damage_healed":0.0,"max_hp_gain":0.0,"max_hp_loss":6.0,"gold_gain":0.0,"event_name":"Golden Idol","player_choice":"Lose Max HP","floor":3.0,"gold_loss":0.0,"damage_taken":0.0,"relics_obtained":["Golden Idol"]},{"damage_healed":0.0,"max_hp_gain":0.0,"max_hp_loss":0.0,"gold_gain":75.0,"event_name":"FaceTrader","player_choice":"Touch","floor":11.0,"gold_loss":0.0,"damage_taken":6.0},{"damage_healed":0.0,"max_hp_gain":0.0,"max_hp_loss":0.0,"gold_gain":0.0,"event_name":"Masked Bandits","player_choice":"Fought Bandits","floor":21.0,"gold_loss":0.0,"damage_taken":0.0},{"damage_healed":0.0,"max_hp_gain":0.0,"max_hp_loss":0.0,"gold_gain":0.0,"event_name":"Drug Dealer","player_choice":"Inject Mutagens","floor":22.0,"gold_loss":0.0,"damage_taken":0.0,"relics_obtained":["MutagenicStrength"]},{"cards_removed":["Stack"],"damage_healed":0,"gold_gain":0,"player_choice":"Removed Skill","damage_taken":0,"max_hp_gain":0,"max_hp_loss":0,"event_name":"Falling","floor":36,"gold_loss":0},{"damage_healed":0,"gold_gain":0,"player_choice":"Max HP","damage_taken":0,"max_hp_gain":0,"max_hp_loss":4,"event_name":"Winding Halls","floor":45,"gold_loss":0}],"is_beta":false,"boss_relics":[{"not_picked":["Coffee Dripper","Calling Bell"],"picked":"Sozu"},{"not_picked":["Velvet Choker","White Beast Statue"],"picked":"FrozenCore"}],"items_purged_floors":[10,20,28,37],"is_endless":false,"potions_floor_spawned":[2,5,8,14,21,30,31,39,41],"killed_by":"The Heart","ascension_level":0}