{"gold_per_floor":[115,165,179,189,201,201,219,219,290,290,305,323,356,356],"floor_reached":14,"playtime":732,"items_purged":[],"score":165,"play_id":"c14a66a0-2135-45a3-868c-0a7bc909858b","local_time":"20190514195829","is_ascension_mode":true,"campfire_choices":[{"data":"Bash","floor":6,"key":"SMITH"},{"data":"Shockwave","floor":8,"key":"SMITH"},{"data":"Shrug It Off","floor":10,"key":"SMITH"}],"neow_cost":"NONE","seed_source_timestamp":74582645287600,"circlet_count":0,"master_deck":["AscendersBane","Strike_R","Strike_R","Strike_R","Strike_R","Strike_R","Defend_R","Defend_R","Defend_R","Defend_R","Bash+1","Shrug It Off+1","Shockwave+1","Corruption","Pommel Strike","Iron Wave","Whirlwind","Clash","Feel No Pain"],"relics":["Burning Blood","Question Card","Unceasing Top"],"potions_floor_usage":[11,13],"damage_taken":[{"damage":10,"enemies":"Small Slimes","floor":1,"turns":5},{"damage":2,"enemies":"Cultist","floor":3,"turns":4},{"damage":9,"enemies":"2 Louse","floor":4,"turns":3},{"damage":1,"enemies":"Blue Slaver","floor":5,"turns":4},{"damage":5,"enemies":"Exordium Thugs","floor":7,"turns":5},{"damage":34,"enemies":"Lots of Slimes","floor":11,"turns":5},{"damage":1,"enemies":"Looter","floor":12,"turns":3},{"damage":34,"enemies":"Gremlin Nob","floor":13,"turns":5},{"damage":22,"enemies":"The Mushroom Lair","floor":14,"turns":4}],"seed_played":"6765631511131877536","potions_obtained":[{"floor":1,"key":"Strength Potion"},{"floor":7,"key":"SkillPotion"},{"floor":11,"key":"Fire Potion"}],"is_trial":false,"path_per_floor":["M","?","M","M","M","R","M","R","T","R","M","M","E","?"],"character_chosen":"IRONCLAD","items_purchased":[],"campfire_rested":0,"item_purchase_floors":[],"current_hp_per_floor":[71,63,67,64,69,69,70,70,70,70,42,47,19,0],"gold":356,"neow_bonus":"TEN_PERCENT_HP_BONUS","is_prod":false,"is_daily":false,"chose_seed":false,"campfire_upgraded":3,"win_rate":0,"timestamp":1557856709,"path_taken":["M","?","?","M","M","R","M","R","T","R","M","M","E","?"],"build_version":"2019-01-23","purchased_purges":0,"victory":false,"max_hp_per_floor":[82,82,82,82,82,82,82,82,82,82,82,82,82,82],"card_choices":[{"not_picked":["Infernal Blade","Flex"],"picked":"Shrug It Off","floor":1},{"not_picked":["Clothesline","Sword Boomerang"],"picked":"Shockwave","floor":3},{"not_picked":["Warcry","Reckless Charge"],"picked":"Corruption","floor":4},{"not_picked":["Perfected Strike","Clothesline"],"picked":"Pommel Strike","floor":5},{"not_picked":["Body Slam","Heavy Blade"],"picked":"Iron Wave","floor":7},{"not_picked":["Sword Boomerang","Reaper","Anger"],"picked":"Whirlwind","floor":11},{"not_picked":["Clothesline","Hemokinesis","Heavy Blade"],"picked":"Clash","floor":12},{"not_picked":["Rage","Heavy Blade","Dark Embrace"],"picked":"Feel No Pain","floor":13}],"player_experience":1088150,"relics_obtained":[{"floor":9,"key":"Question Card"},{"floor":13,"key":"Unceasing Top"}],"event_choices":[{"damage_healed":0,"gold_gain":50,"player_choice":"Touch","damage_taken":8,"max_hp_gain":0,"max_hp_loss":0,"event_name":"FaceTrader","floor":2,"gold_loss":0},{"damage_healed":0,"gold_gain":0,"player_choice":"Fought Mushrooms","damage_taken":0,"max_hp_gain":0,"max_hp_loss":0,"event_name":"Mushrooms","floor":14,"gold_loss":0}],"is_beta":false,"boss_relics":[],"items_purged_floors":[],"is_endless":false,"potions_floor_spawned":[1,7,11],"killed_by":"The Mushroom Lair","ascension_level":15}