{"gold_per_floor":[109,109,122,122,137,117,117,136,136,148,161,161,179,179],"floor_reached":14,"playtime":343,"items_purged":[],"score":151,"play_id":"8cd0dd33-36f0-4ba3-a979-ebad297df0f1","local_time":"20190614004454","is_ascension_mode":true,"campfire_choices":[{"data":"Zap","floor":7,"key":"SMITH"},{"data":"Fusion","floor":12,"key":"SMITH"}],"neow_cost":"NONE","seed_source_timestamp":174573118693700,"circlet_count":0,"master_deck":["AscendersBane","Strike_B","Strike_B","Defend_B","Defend_B","Defend_B","Defend_B","Zap+1","Dualcast","Gash","Beam Cell","Compile Driver","Conserve Battery","Capacitor","Fusion+1","Fission"],"relics":["Cracked Core","Pen Nib"],"potions_floor_usage":[8,13,14],"damage_taken":[{"damage":0,"enemies":"Cultist","floor":1,"turns":4},{"damage":7,"enemies":"Small Slimes","floor":3,"turns":4},{"damage":12,"enemies":"Jaw Worm","floor":5,"turns":3},{"damage":6,"enemies":"Exordium Wildlife","floor":8,"turns":4},{"damage":3,"enemies":"Blue Slaver","floor":10,"turns":3},{"damage":6,"enemies":"Looter","floor":11,"turns":3},{"damage":16,"enemies":"Gremlin Gang","floor":13,"turns":6},{"damage":8,"enemies":"Gremlin Nob","floor":14,"turns":2}],"seed_played":"-7158174777551550365","potions_obtained":[{"floor":6,"key":"Explosive Potion"},{"floor":8,"key":"Strength Potion"},{"floor":11,"key":"Swift Potion"},{"floor":13,"key":"Fire Potion"}],"is_trial":false,"path_per_floor":["M","?","M","$","M","?","R","M","T","M","M","R","M","?"],"character_chosen":"DEFECT","items_purchased":[],"campfire_rested":0,"item_purchase_floors":[],"current_hp_per_floor":[64,57,50,50,38,38,38,32,32,29,23,23,7,0],"gold":179,"neow_bonus":"REMOVE_CARD","is_prod":false,"is_daily":false,"chose_seed":false,"campfire_upgraded":2,"win_rate":0,"timestamp":1560465894,"path_taken":["M","?","M","$","M","?","R","M","T","M","?","R","M","?"],"build_version":"2019-01-23","purchased_purges":0,"victory":false,"max_hp_per_floor":[71,71,71,71,71,71,71,71,71,71,71,71,71,71],"card_choices":[{"not_picked":["Steam","Compile Driver"],"picked":"Gash","floor":1},{"not_picked":["Heatsinks","Turbo"],"picked":"Beam Cell","floor":3},{"not_picked":["Multi-Cast","Redo"],"picked":"Compile Driver","floor":5},{"not_picked":["Beam Cell","Barrage"],"picked":"Conserve Battery","floor":8},{"not_picked":["Redo","Coolheaded"],"picked":"Capacitor","floor":10},{"not_picked":["Redo","Force Field"],"picked":"Fusion","floor":11},{"not_picked":["Sweeping Beam","Skim"],"picked":"Fission","floor":13}],"player_experience":1333691,"relics_obtained":[{"floor":9,"key":"Pen Nib"}],"event_choices":[{"cards_removed":["Strike_B"],"damage_healed":0,"gold_gain":0,"player_choice":"Card Removal","damage_taken":7,"max_hp_gain":0,"max_hp_loss":0,"event_name":"Golden Wing","floor":2,"gold_loss":0},{"damage_healed":0,"gold_gain":0,"player_choice":"Bought 1 Potion","damage_taken":0,"max_hp_gain":0,"max_hp_loss":0,"event_name":"The Woman in Blue","floor":6,"gold_loss":0},{"damage_healed":0,"gold_gain":0,"player_choice":"Searched \u00271\u0027 times","damage_taken":0,"max_hp_gain":0,"max_hp_loss":0,"event_name":"Dead Adventurer","floor":14,"gold_loss":0}],"is_beta":false,"boss_relics":[],"items_purged_floors":[],"is_endless":false,"potions_floor_spawned":[8,11,13],"killed_by":"Gremlin Nob","ascension_level":16}