{"gold_per_floor":[118,134,22,40,56,87,87,122,122,122,151,171,45,45,45,121,121,137,137,156,56,66,66,95,95,95,95,106,106,125,40,40,40],"floor_reached":33,"playtime":1614,"items_purged":["Shame","Defend_R"],"score":542,"play_id":"07d3b91f-e563-402f-be36-335339a0a562","local_time":"20190815035809","is_ascension_mode":true,"campfire_choices":[{"data":"Armaments","floor":7,"key":"SMITH"},{"floor":10,"key":"REST"},{"data":"Juggernaut","floor":15,"key":"SMITH"},{"data":"Uppercut","floor":23,"key":"SMITH"},{"data":"Spot Weakness","floor":25,"key":"SMITH"},{"data":"Metallicize","floor":27,"key":"SMITH"},{"data":"Rampage","floor":32,"key":"SMITH"}],"neow_cost":"CURSE","seed_source_timestamp":81472997658300,"circlet_count":0,"master_deck":["AscendersBane","Strike_R","Strike_R","Strike_R","Defend_R","Defend_R","Defend_R","Bash","Shrug It Off","Armaments+1","Uppercut+1","Power Through","Headbutt","Juggernaut+1","Clash","Battle Trance","Metallicize+1","Spot Weakness+1","Feed","Warcry","Evolve","Wild Strike","Pummel","Iron Wave+1","Rampage+1"],"relics":["Burning Blood","Thread and Needle","Charon\u0027s Ashes","Mercury Hourglass","Mummified Hand","Art of War","Empty Cage","Omamori","Darkstone Periapt","Sundial","Ice Cream"],"potions_floor_usage":[6,11,18,18,24,24,33],"damage_taken":[{"damage":7,"enemies":"Cultist","floor":1,"turns":4},{"damage":3,"enemies":"Small Slimes","floor":2,"turns":4},{"damage":2,"enemies":"2 Louse","floor":4,"turns":3},{"damage":4,"enemies":"Exordium Thugs","floor":5,"turns":8},{"damage":27,"enemies":"3 Sentries","floor":6,"turns":10},{"damage":20,"enemies":"Gremlin Nob","floor":8,"turns":4},{"damage":20,"enemies":"Lagavulin","floor":11,"turns":5},{"damage":3,"enemies":"Large Slime","floor":12,"turns":4},{"damage":12,"enemies":"Hexaghost","floor":16,"turns":7},{"damage":0,"enemies":"2 Thieves","floor":18,"turns":3},{"damage":18,"enemies":"3 Byrds","floor":20,"turns":4},{"damage":4,"enemies":"Centurion and Healer","floor":22,"turns":7},{"damage":14,"enemies":"Gremlin Leader","floor":24,"turns":8},{"damage":5,"enemies":"Snake Plant","floor":28,"turns":3},{"damage":9,"enemies":"Cultist and Chosen","floor":30,"turns":5},{"damage":70,"enemies":"Collector","floor":33,"turns":6}],"seed_played":"3948772187326907318","potions_obtained":[{"floor":5,"key":"SteroidPotion"},{"floor":8,"key":"Energy Potion"},{"floor":11,"key":"FearPotion"},{"floor":16,"key":"Explosive Potion"},{"floor":18,"key":"Block Potion"},{"floor":22,"key":"Block Potion"},{"floor":28,"key":"SteroidPotion"},{"floor":30,"key":"Strength Potion"}],"is_trial":false,"path_per_floor":["M","M","$","M","M","E","R","E","T","R","E","M","$","?","R","B",null,"M","?","M","$","M","R","E","R","T","R","M","?","M","$","R","B"],"character_chosen":"IRONCLAD","items_purchased":["Uppercut","Metallicize","Spot Weakness","Rampage"],"campfire_rested":1,"item_purchase_floors":[3,13,13,31],"current_hp_per_floor":[67,70,70,74,75,54,54,40,40,62,48,51,51,51,51,45,68,74,74,62,62,64,64,56,56,56,56,57,57,54,54,54,0],"gold":40,"neow_bonus":"ONE_RARE_RELIC","is_prod":false,"is_daily":false,"chose_seed":false,"campfire_upgraded":6,"win_rate":0,"timestamp":1565834289,"path_taken":["M","M","$","M","M","E","R","E","T","R","E","M","?","?","R","BOSS","M","?","M","?","M","R","E","R","T","R","M","?","M","$","R","BOSS"],"build_version":"2019-07-17","purchased_purges":2,"victory":false,"max_hp_per_floor":[75,75,75,75,75,75,75,75,75,75,75,75,75,75,75,75,75,75,75,75,75,75,75,75,75,75,75,75,75,75,75,75,75],"card_choices":[{"not_picked":["Havoc","Bloodletting"],"picked":"Shrug It Off","floor":1},{"not_picked":["Iron Wave","Fire Breathing"],"picked":"Armaments","floor":2},{"not_picked":["Disarm","Perfected Strike"],"picked":"Power Through","floor":4},{"not_picked":["Flex","Havoc"],"picked":"Headbutt","floor":5},{"not_picked":["Thunderclap","Wild Strike"],"picked":"Juggernaut","floor":6},{"not_picked":["Perfected Strike","Armaments"],"picked":"Clash","floor":8},{"not_picked":["Juggernaut","Combust"],"picked":"Battle Trance","floor":11},{"not_picked":["Entrench","Sentinel"],"picked":"Reckless Charge","floor":12},{"not_picked":["Demon Form","Brutality"],"picked":"Feed","floor":16},{"not_picked":["Flex","Thunderclap"],"picked":"Warcry","floor":18},{"not_picked":["Shrug It Off","Havoc"],"picked":"Evolve","floor":20},{"not_picked":["Bloodletting","Armaments","Cleave"],"picked":"SKIP","floor":22},{"not_picked":["Havoc","Thunderclap"],"picked":"Wild Strike","floor":24},{"not_picked":["Entrench","Sword Boomerang"],"picked":"Pummel","floor":28},{"not_picked":["Evolve+1","Power Through"],"picked":"Iron Wave+1","floor":30}],"player_experience":1909824,"relics_obtained":[{"floor":6,"key":"Charon\u0027s Ashes"},{"floor":8,"key":"Mercury Hourglass"},{"floor":9,"key":"Mummified Hand"},{"floor":11,"key":"Art of War"},{"floor":24,"key":"Darkstone Periapt"},{"floor":26,"key":"Sundial"}],"event_choices":[{"damage_healed":0,"gold_gain":0,"player_choice":"Ignored","damage_taken":0,"max_hp_gain":0,"max_hp_loss":0,"event_name":"Liars Game","floor":14,"gold_loss":0},{"cards_removed":["Reckless Charge"],"damage_healed":0,"gold_gain":0,"player_choice":"Gave Card","damage_taken":0,"relics_obtained":["Omamori"],"max_hp_gain":0,"max_hp_loss":0,"event_name":"WeMeetAgain","floor":19,"gold_loss":0},{"damage_healed":0,"gold_gain":0,"player_choice":"Stole Relic","damage_taken":0,"relics_obtained":["Ice Cream"],"max_hp_gain":0,"max_hp_loss":0,"event_name":"Addict","floor":29,"gold_loss":0,"cards_obtained":["Shame"]}],"is_beta":false,"boss_relics":[{"not_picked":["Orrery","Black Star"],"picked":"Empty Cage"}],"items_purged_floors":[3,21],"is_endless":false,"potions_floor_spawned":[5,8,11,16,18,22,28,30],"killed_by":"Collector","ascension_level":18}