{"path_per_floor":["M","M","?","?","T","E","M","R","T","R","E","$","T","M","R","B",null,"M","$","?","M","M","?","E","M","T","R","$","E","T","M","R","B",null,"M","M","?","M","?","E","R","?","T","$","M","M","R","M","R","B"],"character_chosen":"IRONCLAD","items_purchased":["Singing Bowl","Dropkick","Fire Potion","Lantern"],"gold_per_floor":[112,127,127,127,152,183,199,199,222,222,250,32,82,92,92,192,192,204,129,129,144,154,154,179,190,190,190,41,74,123,139,139,238,238,257,273,273,293,293,358,358,358,358,80,96,106,106,125,125,125],"floor_reached":51,"campfire_rested":2,"playtime":5265,"current_hp_per_floor":[68,70,75,75,75,49,54,54,54,54,46,46,46,36,36,35,68,62,62,62,55,48,48,49,55,55,55,55,24,24,28,52,26,84,86,72,72,55,55,36,36,36,36,36,33,43,43,45,72,46],"items_purged":["Strike_R","Dark Embrace","Strike_R"],"gold":125,"play_id":"b0c0048c-a2b5-4d35-86b6-63f6511266d3","is_prod":false,"is_daily":false,"is_ascension_mode":true,"campfire_upgraded":6,"path_taken":["M","?","?","?","?","E","?","R","T","R","E","$","?","M","R","BOSS","M","$","?","M","M","?","E","M","T","R","$","E","?","M","R","BOSS","M","M","?","M","?","E","R","?","T","$","M","M","R","M","R","BOSS"],"build_version":"2018-01-25-PROD3","purchased_purges":4,"victory":true,"master_deck":["Strike_R","Strike_R","Defend_R","Defend_R","Defend_R","Bash+1","Rampage+1","Pommel Strike+1","Warcry+1","Pummel","Dropkick","Seeing Red+1","Double Tap+1","Thunderclap+1","Uppercut+1","Warcry+1"],"max_hp_per_floor":[80,80,85,85,85,85,85,85,85,85,85,85,85,85,85,85,68,70,70,70,72,74,74,76,78,78,78,78,80,80,82,82,84,84,86,88,88,90,90,90,90,90,90,90,90,92,92,92,92,92],"relics":["Burning Blood","Omamori","Happy Flower","Bag of Marbles","Molten Egg","Singing Bowl","Bag of Preparation","Runic Cube","Letter Opener","Blood Vial","Kunai","Anchor","Lizard Tail","Tiny Chest","Gambling Chip","Lantern"],"card_choices":[{"not_picked":["Corruption","Sever Soul"],"picked":"Flex"},{"not_picked":["Flex","Cleave"],"picked":"Rampage"},{"not_picked":["Armaments","Blood for Blood"],"picked":"Pommel Strike"},{"not_picked":["Clash","Blood for Blood"],"picked":"Warcry"},{"not_picked":["Corruption","Metallicize"],"picked":"Pummel"},{"not_picked":["Clothesline","Cleave"],"picked":"Seeing Red"},{"not_picked":["Reaper","Limit Break"],"picked":"Double Tap"},{"not_picked":["Cleave","Combust"],"picked":"Thunderclap"},{"not_picked":["Cleave","Corruption"],"picked":"Uppercut"},{"not_picked":["Sever Soul","Seeing Red"],"picked":"Warcry"}],"player_experience":116314,"potions_floor_usage":[6,16,16,22,24,24,25,33,38,50],"damage_taken":[{"damage":18,"enemies":"Blue Slaver","floor":1,"turns":5},{"damage":4,"enemies":"Cultist","floor":2,"turns":4},{"damage":32,"enemies":"3 Sentries","floor":6,"turns":10},{"damage":1,"enemies":"Jaw Worm","floor":7,"turns":3},{"damage":14,"enemies":"Gremlin Nob","floor":11,"turns":3},{"damage":16,"enemies":"Red Slaver","floor":14,"turns":4},{"damage":22,"enemies":"Slime Boss","floor":16,"turns":7},{"damage":14,"enemies":"3 Byrds","floor":18,"turns":4},{"damage":15,"enemies":"2 Thieves","floor":21,"turns":4},{"damage":15,"enemies":"Snake Plant","floor":22,"turns":3},{"damage":13,"enemies":"Gremlin Leader","floor":24,"turns":4},{"damage":2,"enemies":"Centurion and Healer","floor":25,"turns":2},{"damage":41,"enemies":"Book of Stabbing","floor":29,"turns":4},{"damage":6,"enemies":"3 Cultists","floor":31,"turns":3},{"damage":36,"enemies":"Collector","floor":33,"turns":3},{"damage":0,"enemies":"3 Shapes","floor":35,"turns":2},{"damage":22,"enemies":"3 Darklings","floor":36,"turns":6},{"damage":27,"enemies":"Maw","floor":38,"turns":5},{"damage":27,"enemies":"Giant Head","floor":40,"turns":6},{"damage":11,"enemies":"4 Shapes","floor":45,"turns":2},{"damage":0,"enemies":"3 Darklings","floor":46,"turns":2},{"damage":6,"enemies":"Maw","floor":48,"turns":6},{"damage":81,"enemies":"Donu and Deca","floor":50,"turns":10}],"event_choices":[{"event_name":"Big Fish","player_choice":"Donut","floor":3,"damage_taken":0},{"event_name":"Bonfire Elementals","player_choice":"BASIC","floor":4,"damage_taken":0},{"event_name":"Back to Basics","player_choice":"Elegance","floor":20,"damage_taken":0},{"event_name":"The Lab","player_choice":"Got Potions","floor":23,"damage_taken":0},{"event_name":"Match and Keep!","player_choice":"0 cards matched","floor":39,"damage_taken":0},{"event_name":"The Woman in Blue","player_choice":"Bought 0 Potions","floor":42,"damage_taken":0}],"boss_relics":[{"not_picked":["Runic Pyramid","Orrery"],"picked":"Runic Cube"},{"not_picked":["Astrolabe","Pandora\u0027s Box"],"picked":"Lizard Tail"}],"potions_floor_spawned":[1,2,7,21,24,31,33,35,36,38,46],"seed_played":"-7184370336937824932","ascension_level":1,"is_trial":false}