{"gold_per_floor":[216,235,255,45,45,76,76,101,101,113],"floor_reached":10,"playtime":296,"items_purged":[],"score":91,"play_id":"b1908dfe-a967-4964-9e55-f223f4bbf198","local_time":"20190721215458","is_ascension_mode":true,"campfire_choices":[{"data":"Uppercut","floor":7,"key":"SMITH"}],"neow_cost":"NONE","seed_source_timestamp":1031788857961333,"circlet_count":0,"master_deck":["Strike_R","Strike_R","Strike_R","Strike_R","Strike_R","Defend_R","Defend_R","Defend_R","Defend_R","Bash","Uppercut+1","Pummel","Heavy Blade","Cleave"],"relics":["Burning Blood","ClockworkSouvenir","Omamori","Letter Opener","MawBank"],"potions_floor_usage":[6,8],"damage_taken":[{"damage":12,"enemies":"Jaw Worm","floor":1,"turns":2},{"damage":0,"enemies":"2 Louse","floor":2,"turns":2},{"damage":4,"enemies":"Cultist","floor":3,"turns":3},{"damage":30,"enemies":"3 Sentries","floor":6,"turns":6},{"damage":54,"enemies":"Lagavulin","floor":8,"turns":7},{"damage":16,"enemies":"Large Slime","floor":10,"turns":3}],"seed_played":"-2492986701828086351","potions_obtained":[{"floor":1,"key":"PowerPotion"},{"floor":6,"key":"Weak Potion"}],"is_trial":false,"path_per_floor":["M","M","M","$","?","E","R","E","T","M"],"character_chosen":"IRONCLAD","items_purchased":["ClockworkSouvenir"],"campfire_rested":0,"item_purchase_floors":[4],"current_hp_per_floor":[74,80,80,80,80,56,56,8,8,0],"gold":113,"neow_bonus":"HUNDRED_GOLD","is_prod":false,"is_daily":false,"chose_seed":false,"campfire_upgraded":1,"win_rate":0,"timestamp":1563760498,"path_taken":["M","M","M","$","?","E","R","E","T","M"],"build_version":"2019-07-17","purchased_purges":0,"victory":false,"max_hp_per_floor":[80,80,80,80,80,80,80,80,80,80],"card_choices":[{"not_picked":["Second Wind","Twin Strike"],"picked":"Uppercut","floor":1},{"not_picked":["Flex","Infernal Blade"],"picked":"Pummel","floor":2},{"not_picked":["Havoc","Armaments"],"picked":"Heavy Blade","floor":3},{"not_picked":["Havoc","Clothesline","Clash"],"picked":"SKIP","floor":6},{"not_picked":["Hemokinesis","Berserk"],"picked":"Cleave","floor":8}],"player_experience":288046,"relics_obtained":[{"floor":6,"key":"Omamori"},{"floor":8,"key":"Letter Opener"},{"floor":9,"key":"MawBank"}],"event_choices":[{"damage_healed":0,"gold_gain":0,"player_choice":"Ignored","damage_taken":0,"max_hp_gain":0,"max_hp_loss":0,"event_name":"Liars Game","floor":5,"gold_loss":0}],"is_beta":false,"boss_relics":[],"items_purged_floors":[],"is_endless":false,"potions_floor_spawned":[1,6],"killed_by":"Large Slime","ascension_level":4}