{"gold_per_floor":[118,137,212,226,246,246,6,31,331,331,347,347,359,42,42,42],"floor_reached":16,"playtime":480,"items_purged":["Strike_R"],"score":184,"play_id":"7f7b56aa-a61e-4b42-976f-3c95960254d8","local_time":"20190526175712","is_ascension_mode":true,"campfire_choices":[{"data":"Bash","floor":6,"key":"SMITH"},{"data":"Flex","floor":10,"key":"SMITH"},{"data":"Fiend Fire","floor":12,"key":"SMITH"},{"floor":15,"key":"REST"}],"neow_cost":"NONE","seed_source_timestamp":1104383141734000,"circlet_count":0,"master_deck":["AscendersBane","Strike_R","Strike_R","Strike_R","Strike_R","Defend_R","Defend_R","Defend_R","Defend_R","Bash+1","Brutality","Headbutt","Heavy Blade","Disarm","Iron Wave","Flex+1","Fiend Fire+1","Armaments","Feel No Pain","Magnetism","Heavy Blade"],"relics":["Burning Blood","Bronze Scales","Dodecahedron","Old Coin"],"potions_floor_usage":[8,16,16],"damage_taken":[{"damage":9,"enemies":"Cultist","floor":1,"turns":4},{"damage":7,"enemies":"Small Slimes","floor":2,"turns":3},{"damage":3,"enemies":"2 Louse","floor":4,"turns":2},{"damage":13,"enemies":"Looter","floor":5,"turns":4},{"damage":25,"enemies":"3 Sentries","floor":8,"turns":8},{"damage":0,"enemies":"Large Slime","floor":11,"turns":5},{"damage":31,"enemies":"Exordium Thugs","floor":13,"turns":3},{"damage":33,"enemies":"Slime Boss","floor":16,"turns":5}],"seed_played":"7410160394121483668","potions_obtained":[{"floor":2,"key":"SkillPotion"},{"floor":8,"key":"FearPotion"},{"floor":13,"key":"SteroidPotion"}],"is_trial":false,"path_per_floor":["M","M","?","M","M","R","$","E","T","R","M","R","M","$","R","B"],"character_chosen":"IRONCLAD","items_purchased":["Bronze Scales","Feel No Pain","Magnetism","Heavy Blade"],"campfire_rested":1,"item_purchase_floors":[7,14,14,14],"current_hp_per_floor":[65,64,53,56,49,49,49,30,30,30,36,36,11,11,33,0],"gold":42,"neow_bonus":"ONE_RANDOM_RARE_CARD","is_prod":false,"is_daily":false,"chose_seed":false,"campfire_upgraded":3,"win_rate":0,"timestamp":1558886232,"path_taken":["M","?","?","M","M","R","$","E","T","R","M","R","M","$","R","BOSS"],"build_version":"2019-01-23","purchased_purges":1,"victory":false,"max_hp_per_floor":[75,75,75,75,75,75,75,75,75,75,75,75,75,75,75,75],"card_choices":[{"not_picked":["True Grit","Clothesline"],"picked":"Headbutt","floor":1},{"not_picked":["Carnage","Blood for Blood"],"picked":"Heavy Blade","floor":2},{"not_picked":["Sword Boomerang","Warcry"],"picked":"Disarm","floor":4},{"not_picked":["Thunderclap","Sever Soul"],"picked":"Iron Wave","floor":5},{"not_picked":["Burning Pact","Iron Wave"],"picked":"Flex","floor":8},{"not_picked":["Twin Strike","Perfected Strike"],"picked":"Fiend Fire","floor":11},{"not_picked":["Cleave","Pommel Strike"],"picked":"Armaments","floor":13}],"player_experience":1208854,"relics_obtained":[{"floor":8,"key":"Dodecahedron"},{"floor":9,"key":"Old Coin"}],"event_choices":[{"damage_healed":0,"gold_gain":75,"player_choice":"Gather Gold","damage_taken":11,"max_hp_gain":0,"max_hp_loss":0,"event_name":"World of Goop","floor":3,"gold_loss":0}],"is_beta":false,"boss_relics":[],"items_purged_floors":[7],"is_endless":false,"potions_floor_spawned":[2,8,13],"killed_by":"Slime Boss","ascension_level":16}