{"gold_per_floor":[109,127,127,52,105,140,150,150,150,164,183,183,183,213,213,287,287,301,311,137,137],"floor_reached":21,"playtime":709,"items_purged":["Turbo"],"score":407,"play_id":"adacac9f-9149-434d-84ae-7ce655a91337","local_time":"20190825151024","is_ascension_mode":true,"campfire_choices":[{"data":"Zap","floor":8,"key":"SMITH"},{"data":"Buffer","floor":12,"key":"SMITH"},{"floor":15,"key":"REST"}],"neow_cost":"NONE","seed_source_timestamp":986736769524300,"circlet_count":0,"master_deck":["AscendersBane","Zap+1","Dualcast","Leap","Defragment","Buffer+1","Cold Snap","Conserve Battery","Conserve Battery","Zap","Stack","Conserve Battery","Biased Cognition","Rip and Tear","Lockon","Steam","Rip and Tear","Undo","White Noise","White Noise","Capacitor","Gash"],"relics":["Cracked Core","NeowsBlessing","DataDisk","Regal Pillow","Unceasing Top","PreservedInsect","Pandora\u0027s Box"],"potions_floor_usage":[10,10,18,19],"damage_taken":[{"damage":0,"enemies":"2 Louse","floor":1,"turns":1},{"damage":0,"enemies":"Small Slimes","floor":2,"turns":1},{"damage":0,"enemies":"Lagavulin","floor":6,"turns":1},{"damage":0,"enemies":"Jaw Worm","floor":7,"turns":5},{"damage":5,"enemies":"Exordium Thugs","floor":10,"turns":5},{"damage":0,"enemies":"3 Louse","floor":11,"turns":3},{"damage":28,"enemies":"Gremlin Nob","floor":14,"turns":4},{"damage":18,"enemies":"Slime Boss","floor":16,"turns":12},{"damage":9,"enemies":"2 Thieves","floor":18,"turns":4},{"damage":12,"enemies":"Shell Parasite","floor":19,"turns":6},{"damage":48,"enemies":"3 Cultists","floor":21,"turns":6}],"seed_played":"7259305294086035564","potions_obtained":[{"floor":2,"key":"Energy Potion"},{"floor":7,"key":"Strength Potion"},{"floor":14,"key":"SteroidPotion"},{"floor":16,"key":"Swift Potion"}],"is_trial":false,"path_per_floor":["M","M","?","?","T","E","M","R","T","M","M","R","?","E","R","B",null,"M","M","$","M"],"character_chosen":"DEFECT","items_purchased":["Capacitor","Gash"],"campfire_rested":1,"item_purchase_floors":[20,20],"current_hp_per_floor":[64,64,57,57,57,57,57,57,57,52,52,52,52,24,60,42,64,55,43,43,0],"gold":137,"neow_bonus":"THREE_ENEMY_KILL","is_prod":false,"is_daily":false,"chose_seed":false,"campfire_upgraded":2,"win_rate":0,"timestamp":1566738624,"path_taken":["M","M","?","?","?","E","?","R","T","M","M","R","?","E","R","BOSS","M","M","$","M"],"build_version":"2019-07-17","purchased_purges":1,"victory":false,"max_hp_per_floor":[71,71,71,71,71,71,71,71,71,71,71,71,71,71,71,71,71,71,71,71,71],"card_choices":[{"not_picked":["Cold Snap","Redo"],"picked":"Leap","floor":1},{"not_picked":["Compile Driver","Tempest"],"picked":"Defragment","floor":2},{"not_picked":["Coolheaded","Stack"],"picked":"Buffer","floor":6},{"not_picked":["Streamline","Turbo"],"picked":"Cold Snap","floor":7},{"not_picked":["Compile Driver","Barrage"],"picked":"Conserve Battery","floor":10},{"not_picked":["Double Energy","Beam Cell"],"picked":"Conserve Battery","floor":11},{"not_picked":["Streamline","Cold Snap"],"picked":"Conserve Battery","floor":14},{"not_picked":["Meteor Strike","Thunder Strike"],"picked":"Biased Cognition","floor":16},{"not_picked":["Glacier","Rebound"],"picked":"White Noise","floor":18},{"not_picked":["Turbo","Aggregate"],"picked":"White Noise","floor":19}],"player_experience":1968695,"relics_obtained":[{"floor":5,"key":"DataDisk"},{"floor":6,"key":"Regal Pillow"},{"floor":9,"key":"Unceasing Top"},{"floor":14,"key":"PreservedInsect"}],"event_choices":[{"cards_removed":["Strike_B"],"damage_healed":0,"gold_gain":0,"player_choice":"Card Removal","damage_taken":7,"max_hp_gain":0,"max_hp_loss":0,"event_name":"Golden Wing","floor":3,"gold_loss":0},{"cards_removed":["Defend_B"],"damage_healed":0,"gold_gain":0,"player_choice":"Card Removal","damage_taken":0,"max_hp_gain":0,"max_hp_loss":0,"event_name":"The Cleric","floor":4,"gold_loss":75},{"damage_healed":0,"gold_gain":0,"player_choice":"2 cards matched","damage_taken":0,"max_hp_gain":0,"max_hp_loss":0,"event_name":"Match and Keep!","floor":13,"gold_loss":0,"cards_obtained":["Zap","Stack"]}],"is_beta":false,"boss_relics":[{"not_picked":["Lizard Tail","Black Star"],"picked":"Pandora\u0027s Box"}],"items_purged_floors":[20],"is_endless":false,"potions_floor_spawned":[2,7,14,16],"killed_by":"3 Cultists","ascension_level":18}