{"gold_per_floor":[209,284,71,71,36,36,36,36,36,36,66,79,79,24,24,101,101,113,28,42,42,69,81,108,120],"floor_reached":25,"playtime":1165,"items_purged":["Strike_R"],"score":394,"play_id":"51b74a08-6ae3-4962-973e-d6c73905458f","local_time":"20190702195138","is_ascension_mode":true,"campfire_choices":[{"data":"True Grit","floor":6.0,"key":"SMITH"},{"floor":8.0,"key":"REST"},{"floor":13.0,"key":"REST"},{"data":"Heavy Blade","floor":15.0,"key":"SMITH"},{"data":"Immolate","floor":23.0,"key":"SMITH"}],"neow_cost":"NONE","seed_source_timestamp":0,"circlet_count":0,"master_deck":["AscendersBane","Strike_R","Strike_R","Strike_R","Defend_R","Defend_R","Defend_R","Defend_R","Bash","Spot Weakness","True Grit+1","Heavy Blade+1","Feed","Barricade","Power Through+1","True Grit+1","Immolate+1","Disarm+1","Twin Strike+1"],"special_seed":0,"relics":["Burning Blood","Shuriken","Oddly Smooth Stone","Toxic Egg 2","Velvet Choker","Self Forming Clay","MawBank"],"potions_floor_usage":[25],"damage_taken":[{"damage":6.0,"enemies":"Jaw Worm","floor":1.0,"turns":5.0},{"damage":46.0,"enemies":"Lagavulin","floor":11.0,"turns":6.0},{"damage":2.0,"enemies":"2 Louse","floor":12.0,"turns":4.0},{"damage":10.0,"enemies":"The Guardian","floor":16.0,"turns":11.0},{"damage":28.0,"enemies":"3 Byrds","floor":18.0,"turns":7.0},{"damage":6.0,"enemies":"Spheric Guardian","floor":20.0,"turns":8.0},{"damage":15.0,"enemies":"Shelled Parasite and Fungi","floor":22.0,"turns":5.0},{"damage":8.0,"enemies":"Centurion and Healer","floor":24.0,"turns":21.0},{"damage":53,"enemies":"Book of Stabbing","floor":25,"turns":5}],"seed_played":"-734899302565644150","potions_obtained":[{"floor":12.0,"key":"SteroidPotion"},{"floor":18.0,"key":"Dexterity Potion"},{"floor":22.0,"key":"Ancient Potion"}],"is_trial":false,"path_per_floor":["M","?","$","?","?","R","?","R","T","?","E","M","R","$","R","B",null,"M","?","M","?","M","R","M","E"],"character_chosen":"IRONCLAD","items_purchased":["True Grit","Heavy Blade","PowerPotion","True Grit+1"],"campfire_rested":2,"item_purchase_floors":[3,3,3,14],"current_hp_per_floor":[68,57,57,12,30,30,30,52,52,52,15,22,46,46,46,42,71,52,52,55,55,49,49,50,0],"gold":120,"neow_bonus":"HUNDRED_GOLD","is_prod":false,"is_daily":false,"chose_seed":false,"campfire_upgraded":3,"win_rate":0,"timestamp":1562093498,"path_taken":["M","?","$","?","?","R","?","R","T","?","E","?","R","?","R","BOSS","M","?","M","?","?","R","M","E"],"build_version":"2019-07-01","purchased_purges":1,"victory":false,"max_hp_per_floor":[75,75,75,75,75,75,75,75,75,75,78,81,81,81,81,81,81,84,84,87,87,90,90,93,93],"card_choices":[{"not_picked":["Sword Boomerang","Havoc"],"picked":"Spot Weakness","floor":1.0},{"not_picked":["Armaments","Cleave"],"picked":"Barricade","floor":11.0},{"not_picked":["Perfected Strike","Cleave"],"picked":"Power Through+1","floor":12.0},{"not_picked":["Brutality","Double Tap+1"],"picked":"Immolate","floor":16.0},{"not_picked":["Rupture","Sword Boomerang"],"picked":"True Grit+1","floor":18.0},{"not_picked":["Wild Strike+1","Havoc+1"],"picked":"Disarm+1","floor":20.0},{"not_picked":["Flex+1","Hemokinesis"],"picked":"Twin Strike+1","floor":22.0},{"not_picked":["Armaments+1","Rampage","Blood for Blood"],"picked":"SKIP","floor":24.0}],"player_experience":1121108,"relics_obtained":[{"floor":9.0,"key":"Oddly Smooth Stone"},{"floor":11.0,"key":"Toxic Egg 2"}],"event_choices":[{"damage_healed":0.0,"max_hp_gain":0.0,"max_hp_loss":0.0,"gold_gain":75.0,"event_name":"World of Goop","player_choice":"Gather Gold","floor":2.0,"gold_loss":0.0,"damage_taken":11.0},{"damage_healed":0.0,"max_hp_gain":0.0,"max_hp_loss":0.0,"gold_gain":0.0,"event_name":"Scrap Ooze","player_choice":"Success","floor":4.0,"gold_loss":0.0,"damage_taken":45.0,"relics_obtained":["Shuriken"]},{"damage_healed":18.0,"max_hp_gain":0.0,"max_hp_loss":0.0,"gold_gain":0.0,"event_name":"The Cleric","player_choice":"Healed","floor":5.0,"gold_loss":35.0,"damage_taken":0.0},{"damage_healed":0.0,"max_hp_gain":0.0,"max_hp_loss":0.0,"gold_gain":0.0,"event_name":"Liars Game","player_choice":"Ignored","floor":7.0,"gold_loss":0.0,"damage_taken":0.0},{"damage_healed":0.0,"max_hp_gain":0.0,"max_hp_loss":0.0,"gold_gain":0.0,"cards_transformed":["Strike_R"],"event_name":"Living Wall","player_choice":"Change","floor":10.0,"gold_loss":0.0,"damage_taken":0.0,"cards_obtained":["Feed"]},{"damage_healed":0.0,"max_hp_gain":0.0,"max_hp_loss":0.0,"gold_gain":0.0,"event_name":"Addict","player_choice":"Obtained Relic","floor":19.0,"gold_loss":85.0,"damage_taken":0.0,"relics_obtained":["Self Forming Clay"]},{"cards_removed":["True Grit"],"damage_healed":0.0,"max_hp_gain":0.0,"max_hp_loss":0.0,"gold_gain":0.0,"event_name":"WeMeetAgain","player_choice":"Gave Card","floor":21.0,"gold_loss":0.0,"damage_taken":0.0,"relics_obtained":["MawBank"]}],"is_beta":false,"boss_relics":[{"not_picked":["Busted Crown","Pandora\u0027s Box"],"picked":"Velvet Choker"}],"items_purged_floors":[3],"is_endless":false,"potions_floor_spawned":[12,18,22],"killed_by":"Book of Stabbing","ascension_level":20}