{"path_per_floor":["M","M","$","?","?","E","R","M","T","?","R","E","T","E","R","B",null,"M","$","?","M","M","E","R","?","T","M","R","M","E","?","R","B",null,"M","M","?","M","M","R","?","E","T"],"character_chosen":"IRONCLAD","items_purchased":["Hemokinesis","Offering"],"gold_per_floor":[119,136,98,198,198,230,230,249,249,249,249,278,278,313,313,410,410,410,200,200,200,200,200,200,200,200,200,200,200,200,200,200,200,200,200,200,0,0,0,0,0,0,0],"floor_reached":44,"campfire_rested":4,"playtime":2798,"current_hp_per_floor":[80,80,80,80,80,80,80,80,80,80,80,54,54,36,60,52,83,70,70,70,42,27,8,34,34,34,37,64,66,48,54,54,64,98,83,64,64,29,8,38,38,10,10],"items_purged":["Regret"],"gold":0,"play_id":"77c1e950-3cb3-4127-8005-6be30ec68f95","is_prod":false,"is_daily":false,"campfire_rituals":0,"campfire_upgraded":3,"is_hardmode":false,"path_taken":["M","M","$","?","?","E","R","?","T","?","R","E","?","E","R","BOSS","M","$","?","M","?","E","R","?","T","M","R","M","E","?","R","BOSS","M","M","?","M","M","R","?","E","T","M"],"build_version":"2018-01-11-PROD2","purchased_purges":1,"victory":false,"master_deck":["Strike_R","Strike_R","Strike_R","Strike_R","Strike_R","Defend_R","Defend_R","Defend_R","Flex","Spot Weakness","Hemokinesis","Double Tap","Shockwave","Blood for Blood","Uppercut","Fiend Fire","Spot Weakness","Offering","Flame Barrier","Shrug It Off","Heavy Blade","Blood for Blood","Decay","Berserk","Perfected Strike","Perfected Strike","Clash","Seeing Red","Dropkick","Flex","Power Through","Pommel Strike"],"max_hp_per_floor":[80,80,80,80,80,80,80,80,80,80,80,80,80,83,83,83,83,83,83,83,86,89,89,89,89,89,92,92,92,92,98,98,98,98,101,101,101,101,101,101,101,101,101],"relics":["Burning Blood","NeowsBlessing","Vajra","Pantograph","Darkstone Periapt","Matryoshka","Lantern","Mercury Hourglass","Bottled Flame","Ectoplasm","Prayer Wheel","Oddly Smooth Stone","Red Skull","War Paint","Orrery","Red Mask","Meat on the Bone","Torii"],"campfire_meditates":0,"card_choices":[{"not_picked":["Thunderclap","Flame Barrier"],"picked":"Flex"},{"not_picked":["Rampage","Rage"],"picked":"Spot Weakness"},{"not_picked":["Sword Boomerang","Iron Wave"],"picked":"Double Tap"},{"not_picked":["Anger","Dual Wield"],"picked":"Shockwave"},{"not_picked":["Cleave","Dropkick"],"picked":"Feed"},{"not_picked":["Rage","Battle Trance"],"picked":"Uppercut"},{"not_picked":["Impervious","Reaper"],"picked":"Fiend Fire"},{"not_picked":["Headbutt","Warcry"],"picked":"Spot Weakness"},{"not_picked":["Dual Wield","Hemokinesis"],"picked":"Flame Barrier"},{"not_picked":["Rampage","True Grit"],"picked":"Shrug It Off"},{"not_picked":["Corruption","Second Wind"],"picked":"Heavy Blade"},{"not_picked":["Reckless Charge","Warcry"],"picked":"Blood for Blood"},{"not_picked":["Demon Form","Juggernaut"],"picked":"Berserk"},{"not_picked":["Pommel Strike","Body Slam"],"picked":"Perfected Strike"},{"not_picked":["Shockwave","Clash"],"picked":"Perfected Strike"},{"not_picked":["Warcry","Twin Strike"],"picked":"Clash"},{"not_picked":["Disarm","Barricade"],"picked":"Seeing Red"},{"not_picked":["Armaments","Pummel"],"picked":"Dropkick"},{"not_picked":["Clash","Shrug It Off"],"picked":"Flex"},{"not_picked":["Dual Wield","Fire Breathing"],"picked":"Power Through"},{"not_picked":["Infernal Blade","Armaments"],"picked":"Pommel Strike"}],"player_experience":24452,"potions_floor_usage":[18,22,22,23,33,35,39,39],"damage_taken":[{"damage":0,"enemies":"Jaw Worm","floor":1,"turns":1},{"damage":0,"enemies":"Cultist","floor":2,"turns":1},{"damage":0,"enemies":"3 Sentries","floor":6,"turns":1},{"damage":4,"enemies":"2 Louse","floor":8,"turns":2},{"damage":32,"enemies":"Gremlin Nob","floor":12,"turns":4},{"damage":27,"enemies":"Lagavulin","floor":14,"turns":5},{"damage":37,"enemies":"The Guardian","floor":16,"turns":6},{"damage":19,"enemies":"Shell Parasite","floor":18,"turns":4},{"damage":37,"enemies":"3 Byrds","floor":21,"turns":4},{"damage":24,"enemies":"Sentry and Sphere","floor":22,"turns":4},{"damage":25,"enemies":"Book of Stabbing","floor":23,"turns":5},{"damage":6,"enemies":"Chosen and Byrds","floor":27,"turns":3},{"damage":4,"enemies":"Centurion and Healer","floor":29,"turns":2},{"damage":24,"enemies":"Slavers","floor":30,"turns":3},{"damage":21,"enemies":"Automaton","floor":33,"turns":5},{"damage":24,"enemies":"3 Shapes","floor":35,"turns":3},{"damage":25,"enemies":"3 Darklings","floor":36,"turns":3},{"damage":41,"enemies":"4 Shapes","floor":38,"turns":4},{"damage":27,"enemies":"Maw","floor":39,"turns":6},{"damage":34,"enemies":"2 Orb Walkers","floor":42,"turns":4},{"damage":14,"enemies":"Sphere and 2 Shapes","floor":44,"turns":3}],"event_choices":[{"event_name":"Golden Shrine","player_choice":"Pray","floor":4,"damage_taken":0},{"event_name":"Big Fish","player_choice":"Box","floor":5,"damage_taken":0},{"event_name":"Living Wall","player_choice":"Change","floor":10,"damage_taken":0},{"event_name":"The Woman in Blue","player_choice":"Bought 0 Potions","floor":20,"damage_taken":0},{"event_name":"Purifier","player_choice":"One Purge","floor":25,"damage_taken":0},{"event_name":"Wheel of Change","player_choice":"Curse","floor":31,"damage_taken":0},{"event_name":"Tomb of Lord Red Mask","player_choice":"Paid","floor":37,"damage_taken":0}],"boss_relics":[{"not_picked":["Runic Cube","Black Blood"],"picked":"Ectoplasm"},{"not_picked":["Sozu","Philosopher\u0027s Stone"],"picked":"Orrery"}],"potions_floor_spawned":[2,12,14,16,21,22,30,33,36],"seed_played":"7653321208669479951","killed_by":"Sphere and 2 Shapes","is_trial":false}