{"gold_per_floor":[365,379,7,7,22,22,97,97,97,131,131,131],"floor_reached":12,"playtime":237,"items_purged":["Strike_B"],"score":144,"play_id":"a6ce04c8-4f12-460a-a293-40d34f227d2e","local_time":"20190822142604","is_ascension_mode":true,"campfire_choices":[{"floor":6,"key":"REST"},{"floor":8,"key":"REST"}],"neow_cost":"PERCENT_DAMAGE","seed_source_timestamp":725341027305300,"circlet_count":0,"master_deck":["AscendersBane","Strike_B","Strike_B","Defend_B+1","Defend_B","Defend_B","Defend_B","Zap","Dualcast","Hologram+1","Cold Snap","Loop","Genetic Algorithm","Creative AI"],"relics":["Cracked Core","OrangePellets","The Courier","Happy Flower"],"potions_floor_usage":[10],"damage_taken":[{"damage":12,"enemies":"Jaw Worm","floor":1,"turns":3},{"damage":5,"enemies":"Small Slimes","floor":2,"turns":4},{"damage":0,"enemies":"Cultist","floor":5,"turns":4},{"damage":51,"enemies":"Gremlin Nob","floor":10,"turns":5},{"damage":7,"enemies":"Lots of Slimes","floor":12,"turns":1}],"seed_played":"23190039617439889","potions_obtained":[{"floor":5,"key":"Regen Potion"},{"floor":10,"key":"Dexterity Potion"}],"is_trial":false,"path_per_floor":["M","M","$","?","M","R","?","R","T","E","?","M"],"character_chosen":"DEFECT","items_purchased":["OrangePellets","Loop"],"campfire_rested":2,"item_purchase_floors":[3,3],"current_hp_per_floor":[34,29,29,8,8,29,18,39,39,2,2,0],"gold":131,"neow_bonus":"TWO_FIFTY_GOLD","is_prod":false,"is_daily":false,"chose_seed":false,"campfire_upgraded":0,"win_rate":0,"timestamp":1566476764,"path_taken":["M","M","$","?","M","R","?","R","T","E","?","?"],"build_version":"2019-07-17","purchased_purges":1,"victory":false,"max_hp_per_floor":[71,71,71,71,71,71,71,71,71,71,71,71],"card_choices":[{"not_picked":["Stack","Sweeping Beam"],"picked":"Hologram","floor":1},{"not_picked":["Turbo","Heatsinks"],"picked":"Cold Snap","floor":2},{"not_picked":["Go for the Eyes","Fission"],"picked":"Genetic Algorithm","floor":5},{"not_picked":["Consume","Stack"],"picked":"Creative AI","floor":10}],"player_experience":1944888,"relics_obtained":[{"floor":9,"key":"The Courier"},{"floor":10,"key":"Happy Flower"}],"event_choices":[{"damage_healed":0,"gold_gain":0,"player_choice":"Entered Light","damage_taken":21,"max_hp_gain":0,"max_hp_loss":0,"event_name":"Shining Light","floor":4,"gold_loss":0,"cards_upgraded":["Hologram","Defend_B"]},{"damage_healed":0,"gold_gain":75,"player_choice":"Gather Gold","damage_taken":11,"max_hp_gain":0,"max_hp_loss":0,"event_name":"World of Goop","floor":7,"gold_loss":0},{"cards_removed":["Strike_B"],"damage_healed":0,"gold_gain":0,"player_choice":"Card Removal","damage_taken":0,"max_hp_gain":0,"max_hp_loss":0,"event_name":"Wheel of Change","floor":11,"gold_loss":0}],"is_beta":false,"boss_relics":[],"items_purged_floors":[3],"is_endless":false,"potions_floor_spawned":[5,10],"killed_by":"Lots of Slimes","ascension_level":18}