{"gold_per_floor":[113,113,188,188,206,206,68,68,125,125,138,151,170,183,183,283,283,297,297,315,334,360,360,360,360,360,376,376,376,395,415,415,415],"floor_reached":33,"playtime":825,"items_purged":[],"score":289,"play_id":"4a34fbed-559c-4e6d-b35a-2f16b6c023f4","local_time":"20181224095217","is_ascension_mode":false,"campfire_choices":[{"data":"Inflame","floor":6,"key":"SMITH"},{"data":"Hemokinesis","floor":8,"key":"SMITH"},{"data":"Limit Break","floor":10,"key":"SMITH"},{"floor":15,"key":"REST"},{"floor":23,"key":"REST"},{"data":"Demon Form","floor":25,"key":"SMITH"},{"floor":32,"key":"REST"}],"neow_cost":"NONE","seed_source_timestamp":175003714532319,"circlet_count":0,"master_deck":["Bash","Thunderclap","Hemokinesis+1","Iron Wave+1","Inflame","Metallicize","Feed","Iron Wave","Inflame+1","Limit Break+1","Havoc","Metallicize","Twin Strike","Ghostly Armor","Dark Embrace","Feed","Clash","Dark Embrace","Bloodletting","Carnage","Twin Strike","Clothesline","Havoc","Wild Strike+1","Demon Form+1","Corruption+1","Sentinel","Heavy Blade","Ghostly","Ghostly","Ghostly","Ghostly","Ghostly","Havoc","True Grit+1"],"relics":["Orrery","Tiny Chest","Pandora\u0027s Box","Strawberry","Bottled Flame","Gremlin Horn","Enchiridion"],"potions_floor_usage":[13,21,27,30,31,33],"damage_taken":[{"damage":6,"enemies":"Small Slimes","floor":1,"turns":3},{"damage":6,"enemies":"2 Louse","floor":5,"turns":2},{"damage":2,"enemies":"Cultist","floor":11,"turns":2},{"damage":12,"enemies":"2 Fungi Beasts","floor":12,"turns":3},{"damage":15,"enemies":"Lots of Slimes","floor":13,"turns":3},{"damage":14,"enemies":"Exordium Thugs","floor":14,"turns":3},{"damage":16,"enemies":"Hexaghost","floor":16,"turns":8},{"damage":30,"enemies":"Shell Parasite","floor":18,"turns":4},{"damage":15,"enemies":"Chosen","floor":20,"turns":4},{"damage":39,"enemies":"Snake Plant","floor":21,"turns":5},{"damage":16,"enemies":"Cultist and Chosen","floor":27,"turns":6},{"damage":3,"enemies":"3 Cultists","floor":30,"turns":5},{"damage":4,"enemies":"Snake Plant","floor":31,"turns":7},{"damage":37,"enemies":"Collector","floor":33,"turns":6}],"seed_played":"-1300176428342669979","potions_obtained":[{"floor":1,"key":"Swift Potion"},{"floor":5,"key":"Block Potion"},{"floor":14,"key":"Block Potion"},{"floor":16,"key":"Poison Potion"},{"floor":30,"key":"SkillPotion"},{"floor":31,"key":"GamblersBrew"}],"is_trial":false,"path_per_floor":["M","?","?","?","M","R","$","R","T","R","M","M","M","M","R","B",null,"M","?","M","M","T","R","T","R","T","M","?","?","M","M","R","B"],"character_chosen":"IRONCLAD","items_purchased":["Limit Break"],"campfire_rested":3,"item_purchase_floors":[7],"current_hp_per_floor":[74,58,47,47,41,41,41,41,41,41,39,27,15,4,29,13,86,59,59,44,8,15,44,44,44,44,28,12,12,12,8,23,0],"gold":415,"neow_bonus":"BOSS_RELIC","is_prod":false,"is_daily":false,"chose_seed":false,"campfire_upgraded":4,"win_rate":0,"timestamp":1545641537,"path_taken":["M","?","?","?","?","R","$","R","T","R","M","M","M","M","R","BOSS","M","?","M","?","?","R","?","R","T","?","?","?","M","M","R","BOSS"],"build_version":"2018-12-20","purchased_purges":0,"victory":false,"max_hp_per_floor":[80,80,80,80,80,80,80,80,80,80,80,80,83,86,86,86,86,89,89,89,92,99,99,99,99,99,99,99,49,52,52,52,52],"card_choices":[{"not_picked":["Anger","Rupture"],"picked":"Thunderclap","floor":0},{"not_picked":["Havoc","Clash"],"picked":"Hemokinesis","floor":0},{"not_picked":["True Grit","Perfected Strike"],"picked":"Iron Wave","floor":0},{"not_picked":["Sentinel","Heavy Blade"],"picked":"Inflame","floor":0},{"not_picked":["Thunderclap","Burning Pact"],"picked":"Metallicize","floor":0},{"not_picked":["Clothesline","Wild Strike"],"picked":"Feed","floor":1},{"not_picked":["Fire Breathing","Clash"],"picked":"Inflame","floor":5},{"not_picked":["Body Slam","Rage"],"picked":"Havoc","floor":11},{"not_picked":["Thunderclap","Heavy Blade"],"picked":"Metallicize","floor":12},{"not_picked":["Flex","Entrench"],"picked":"Twin Strike","floor":13},{"not_picked":["Rupture","Headbutt"],"picked":"Ghostly Armor","floor":14},{"not_picked":["Exhume","Brutality"],"picked":"Dark Embrace","floor":16},{"not_picked":["Pommel Strike","Headbutt"],"picked":"Wild Strike+1","floor":18},{"not_picked":["Clothesline","Perfected Strike"],"picked":"Corruption+1","floor":20},{"not_picked":["Sword Boomerang","Twin Strike"],"picked":"Sentinel","floor":21},{"not_picked":["Flame Barrier","Immolate"],"picked":"Heavy Blade","floor":27},{"not_picked":["Wild Strike","Headbutt+1"],"picked":"Havoc","floor":30},{"not_picked":["Anger","Heavy Blade"],"picked":"True Grit+1","floor":31}],"player_experience":536844,"relics_obtained":[{"floor":9,"key":"Tiny Chest"},{"floor":22,"key":"Strawberry"},{"floor":24,"key":"Bottled Flame"},{"floor":26,"key":"Gremlin Horn"},{"floor":28,"key":"Enchiridion"}],"event_choices":[{"damage_healed":0,"gold_gain":0,"player_choice":"Entered Light","damage_taken":16,"max_hp_gain":0,"max_hp_loss":0,"event_name":"Shining Light","floor":2,"gold_loss":0,"cards_upgraded":["Strike_R","Iron Wave"]},{"damage_healed":0,"gold_gain":75,"player_choice":"Gather Gold","damage_taken":11,"max_hp_gain":0,"max_hp_loss":0,"event_name":"World of Goop","floor":3,"gold_loss":0},{"cards_removed":["Strike_R"],"damage_healed":0,"gold_gain":0,"player_choice":"Took Card","damage_taken":0,"max_hp_gain":0,"max_hp_loss":0,"event_name":"NoteForYourself","floor":4,"gold_loss":0,"cards_obtained":["Iron Wave"]},{"damage_healed":0,"gold_gain":0,"player_choice":"1 cards matched","damage_taken":0,"max_hp_gain":0,"max_hp_loss":0,"event_name":"Match and Keep!","floor":19,"gold_loss":0,"cards_obtained":["Demon Form"]},{"damage_healed":0,"gold_gain":0,"player_choice":"Obtained Book","damage_taken":16,"max_hp_gain":0,"max_hp_loss":0,"event_name":"Cursed Tome","floor":28,"gold_loss":0},{"damage_healed":0,"gold_gain":0,"player_choice":"Became a Ghost","damage_taken":0,"max_hp_gain":0,"max_hp_loss":50,"event_name":"Ghosts","floor":29,"gold_loss":0,"cards_obtained":["Ghostly","Ghostly","Ghostly","Ghostly","Ghostly"]}],"is_beta":false,"boss_relics":[{"not_picked":["Lizard Tail","Tiny House"],"picked":"Pandora\u0027s Box"}],"items_purged_floors":[],"is_endless":false,"potions_floor_spawned":[1,5,14,16,18,20,30,31],"killed_by":"Collector","ascension_level":0}