{"gold_per_floor":[109,109,109,109,133,164,182,182,182,222,247,72,72,95,95,184,184,197,213,234,234,16,16,37,70,118,118,168,168,193,16,16,16],"floor_reached":33,"playtime":1313,"items_purged":["Injury","Strike_R","Strike_R"],"score":555,"play_id":"24ae1f51-54c9-47ab-9551-fbe1d528586c","local_time":"20190718214253","is_ascension_mode":true,"campfire_choices":[{"data":"Bash","floor":8,"key":"SMITH"},{"data":"Whirlwind","floor":13,"key":"SMITH"},{"floor":15,"key":"REST"},{"data":"Ghostly","floor":23,"key":"SMITH"},{"floor":27,"key":"REST"},{"data":"Barricade","floor":29,"key":"SMITH"},{"data":"Armaments","floor":32,"key":"SMITH"}],"neow_cost":"NONE","seed_source_timestamp":521290877870300,"circlet_count":0,"master_deck":["AscendersBane","Strike_R","Strike_R+1","Defend_R","Defend_R","Defend_R","Defend_R","Bash+1","Pommel Strike+1","Disarm","Feed","Inflame","Iron Wave","Shockwave","Flex","Whirlwind+1","Thunderclap","Bludgeon","Headbutt","Perfected Strike+1","Battle Trance","Ghostly+1","Ghostly","Ghostly","Spot Weakness","Corruption","Barricade+1","Flame Barrier","Clothesline","Armaments+1"],"relics":["Burning Blood","NeowsBlessing","Golden Idol","Sundial","Regal Pillow","Whetstone","Snecko Eye","Gremlin Horn","Pen Nib"],"potions_floor_usage":[10,11,14,18,19,20,25,33],"damage_taken":[{"damage":0,"enemies":"Small Slimes","floor":1,"turns":2},{"damage":0,"enemies":"2 Louse","floor":5,"turns":1},{"damage":0,"enemies":"Lagavulin","floor":6,"turns":2},{"damage":4,"enemies":"Cultist","floor":7,"turns":3},{"damage":53,"enemies":"3 Sentries","floor":10,"turns":9},{"damage":12,"enemies":"Red Slaver","floor":11,"turns":4},{"damage":20,"enemies":"Lots of Slimes","floor":14,"turns":3},{"damage":57,"enemies":"The Guardian","floor":16,"turns":14},{"damage":27,"enemies":"Shell Parasite","floor":18,"turns":7},{"damage":7,"enemies":"2 Thieves","floor":19,"turns":2},{"damage":6,"enemies":"Centurion and Healer","floor":20,"turns":3},{"damage":25,"enemies":"Chosen and Byrds","floor":24,"turns":6},{"damage":23,"enemies":"Book of Stabbing","floor":25,"turns":5},{"damage":1,"enemies":"Snecko","floor":30,"turns":3},{"damage":47,"enemies":"Champ","floor":33,"turns":15}],"seed_played":"6640899828208804455","potions_obtained":[{"floor":1,"key":"BloodPotion"},{"floor":5,"key":"SpeedPotion"},{"floor":10,"key":"Weak Potion"},{"floor":16,"key":"Block Potion"},{"floor":18,"key":"GamblersBrew"},{"floor":19,"key":"SpeedPotion"},{"floor":24,"key":"Energy Potion"},{"floor":30,"key":"AttackPotion"}],"is_trial":false,"path_per_floor":["M","?","?","$","M","E","M","R","T","E","M","$","R","M","R","B",null,"M","M","M","?","$","R","M","E","T","R","?","R","M","$","R","B"],"character_chosen":"IRONCLAD","items_purchased":["Flex","Whirlwind","Spot Weakness","Corruption","Armaments"],"campfire_rested":2,"item_purchase_floors":[12,12,22,22,31],"current_hp_per_floor":[74,74,74,74,75,75,78,78,78,34,31,31,31,41,82,34,76,58,57,57,46,46,46,30,13,13,42,42,42,47,47,47,0],"gold":16,"neow_bonus":"THREE_ENEMY_KILL","is_prod":false,"is_daily":false,"chose_seed":false,"campfire_upgraded":5,"win_rate":0,"timestamp":1563478973,"path_taken":["M","?","?","$","M","E","?","R","T","E","M","?","R","M","R","BOSS","M","M","?","?","$","R","M","E","T","R","?","R","?","$","R","BOSS"],"build_version":"2019-07-17","purchased_purges":3,"victory":false,"max_hp_per_floor":[75,75,75,75,75,75,78,78,78,81,84,84,84,87,87,90,90,93,93,93,46,46,46,49,49,49,49,49,49,49,49,49,49],"card_choices":[{"not_picked":["Sever Soul","Power Through"],"picked":"Pommel Strike","floor":1},{"not_picked":["Fire Breathing","Clash","Warcry"],"picked":"SKIP","floor":5},{"not_picked":["Reckless Charge","Seeing Red"],"picked":"Feed","floor":6},{"not_picked":["Heavy Blade","Pummel"],"picked":"Inflame","floor":7},{"not_picked":["Dual Wield","Cleave"],"picked":"Iron Wave","floor":10},{"not_picked":["Body Slam","Cleave"],"picked":"Shockwave","floor":11},{"not_picked":["Clothesline","Ghostly Armor"],"picked":"Thunderclap","floor":14},{"not_picked":["Exhume","Berserk"],"picked":"Bludgeon","floor":16},{"not_picked":["Wild Strike","Heavy Blade"],"picked":"Headbutt","floor":18},{"not_picked":["Clothesline","Whirlwind"],"picked":"Perfected Strike+1","floor":19},{"not_picked":["Pummel","Rampage"],"picked":"Battle Trance","floor":20},{"not_picked":["Pommel Strike","Rampage"],"picked":"Barricade","floor":24},{"not_picked":["Wild Strike","Heavy Blade"],"picked":"Flame Barrier","floor":25},{"not_picked":["Rupture","Combust"],"picked":"Clothesline","floor":30}],"player_experience":1676146,"relics_obtained":[{"floor":6,"key":"Sundial"},{"floor":9,"key":"Regal Pillow"},{"floor":10,"key":"Whetstone"},{"floor":25,"key":"Gremlin Horn"},{"floor":26,"key":"Pen Nib"}],"event_choices":[{"damage_healed":0,"gold_gain":0,"player_choice":"Take Wound","damage_taken":0,"relics_obtained":["Golden Idol"],"max_hp_gain":0,"max_hp_loss":0,"event_name":"Golden Idol","floor":2,"gold_loss":0,"cards_obtained":["Injury"]},{"damage_healed":0,"gold_gain":0,"cards_transformed":["Strike_R"],"player_choice":"Transformed","damage_taken":0,"max_hp_gain":0,"max_hp_loss":0,"event_name":"Transmorgrifier","floor":3,"gold_loss":0,"cards_obtained":["Disarm"]},{"damage_healed":0,"gold_gain":0,"player_choice":"Became a Ghost","damage_taken":0,"max_hp_gain":0,"max_hp_loss":47,"event_name":"Ghosts","floor":21,"gold_loss":0,"cards_obtained":["Ghostly","Ghostly","Ghostly"]},{"damage_healed":0,"gold_gain":100,"player_choice":"Bet on Murderer","damage_taken":0,"max_hp_gain":0,"max_hp_loss":0,"event_name":"The Joust","floor":28,"gold_loss":50}],"is_beta":false,"boss_relics":[{"not_picked":["Black Blood","Black Star"],"picked":"Snecko Eye"}],"items_purged_floors":[12,22,31],"is_endless":false,"potions_floor_spawned":[1,5,10,16,18,19,24,30],"killed_by":"Champ","ascension_level":17}