{"gold_per_floor":[117,67,86,86,86,119,119,146,170,170,186,1,12,25,25,127,127,141,141,158,158,178,178,49,79,79,108,127,127,127,52,52,151,151,167,167],"floor_reached":36,"playtime":2019,"items_purged":["Strike_B"],"score":544,"play_id":"bdd403ee-6cd9-4d84-8948-588fee66f870","local_time":"20190930195118","is_ascension_mode":true,"campfire_choices":[{"data":"Streamline","floor":7,"key":"SMITH"},{"data":"Zap","floor":10,"key":"SMITH"},{"data":"Echo Form","floor":15,"key":"SMITH"},{"data":"Capacitor","floor":23,"key":"SMITH"},{"floor":29,"key":"REST"},{"floor":32,"key":"REST"}],"neow_cost":"NONE","seed_source_timestamp":1678924105591064,"circlet_count":0,"master_deck":["Strike_B+1","Defend_B","Defend_B","Defend_B","Defend_B","Zap+1","Dualcast+1","Compile Driver","Streamline+1","Capacitor+1","Doom and Gloom","Loop","Glacier","Glacier","Echo Form+1","Rainbow","Hologram+1","Cold Snap","Coolheaded","White Noise","Echo Form","Skim+1","Meteor Strike"],"relics":["Cracked Core","NeowsBlessing","Orichalcum","Unceasing Top","Oddly Smooth Stone","DollysMirror","Sozu","Blood Vial","Ice Cream","Toy Ornithopter","Nuclear Battery"],"potions_floor_usage":[8,25,25],"damage_taken":[{"damage":0,"enemies":"Small Slimes","floor":1,"turns":1},{"damage":0,"enemies":"Cultist","floor":3,"turns":1},{"damage":0,"enemies":"3 Sentries","floor":6,"turns":1},{"damage":2,"enemies":"Gremlin Nob","floor":8,"turns":3},{"damage":0,"enemies":"Jaw Worm","floor":11,"turns":2},{"damage":8,"enemies":"Large Slime","floor":13,"turns":4},{"damage":6,"enemies":"Exordium Wildlife","floor":14,"turns":5},{"damage":24,"enemies":"Slime Boss","floor":16,"turns":10},{"damage":2,"enemies":"Shell Parasite","floor":18,"turns":6},{"damage":11,"enemies":"Chosen","floor":20,"turns":6},{"damage":18,"enemies":"Shelled Parasite and Fungi","floor":22,"turns":6},{"damage":29,"enemies":"Slavers","floor":25,"turns":4},{"damage":8,"enemies":"Gremlin Leader","floor":27,"turns":8},{"damage":8,"enemies":"Snecko","floor":28,"turns":6},{"damage":13,"enemies":"Colosseum Slavers","floor":30,"turns":7},{"damage":18,"enemies":"Automaton","floor":33,"turns":13},{"damage":3,"enemies":"3 Shapes","floor":35,"turns":5},{"damage":70,"enemies":"2 Orb Walkers","floor":36,"turns":4}],"seed_played":"2439354353744948178","potions_obtained":[{"floor":1,"key":"SkillPotion"},{"floor":3,"key":"DuplicationPotion"},{"floor":6,"key":"Regen Potion"},{"floor":14,"key":"SteroidPotion"}],"is_trial":false,"path_per_floor":["M","?","M","?","?","E","R","E","T","R","M","$","M","M","R","B",null,"M","?","M","?","M","R","$","E","T","E","M","R","?","?","R","B",null,"M","?"],"character_chosen":"DEFECT","items_purchased":["Glacier","DollysMirror","Coolheaded"],"campfire_rested":2,"item_purchase_floors":[12,12,24],"current_hp_per_floor":[75,75,75,60,60,60,60,58,58,58,58,58,50,44,44,20,61,59,59,48,48,30,30,30,13,13,7,1,23,12,12,34,18,61,60,0],"gold":167,"neow_bonus":"THREE_ENEMY_KILL","is_prod":false,"is_daily":false,"chose_seed":false,"campfire_upgraded":4,"win_rate":0,"timestamp":1569887478,"path_taken":["M","?","M","?","?","E","R","E","T","R","M","$","?","M","R","BOSS","M","?","M","?","M","R","?","E","T","E","M","R","?","?","R","BOSS","M","?"],"build_version":"2019-09-27","purchased_purges":1,"victory":false,"max_hp_per_floor":[75,75,75,75,75,75,75,75,75,75,75,75,75,75,75,75,75,75,75,75,75,75,75,75,75,75,75,75,75,75,75,75,75,75,75,75],"card_choices":[{"not_picked":["Heatsinks","Rebound"],"picked":"Compile Driver","floor":1},{"not_picked":["Compile Driver","Sweeping Beam"],"picked":"Streamline","floor":3},{"not_picked":["Compile Driver","Turbo"],"picked":"Doom and Gloom","floor":6},{"not_picked":["Barrage","Turbo","Hello World"],"picked":"SKIP","floor":8},{"not_picked":["Turbo","Reinforced Body"],"picked":"Loop","floor":11},{"not_picked":["Streamline","Beam Cell"],"picked":"Echo Form","floor":13},{"not_picked":["Steam","Rebound","Gash"],"picked":"SKIP","floor":14},{"not_picked":["Hyperbeam","Buffer"],"picked":"Rainbow","floor":16},{"not_picked":["Rebound+1","Hello World"],"picked":"Hologram+1","floor":18},{"not_picked":["Tempest","Rebound+1","Hologram"],"picked":"SKIP","floor":20},{"not_picked":["Go for the Eyes","FTL"],"picked":"Cold Snap","floor":22},{"not_picked":["Sweeping Beam","Steam"],"picked":"White Noise","floor":25},{"not_picked":["Steam","Go for the Eyes"],"picked":"Echo Form","floor":27},{"not_picked":["Steam","Static Discharge"],"picked":"Skim+1","floor":28},{"not_picked":["Amplify","Hyperbeam"],"picked":"Meteor Strike","floor":33},{"not_picked":["Storm+1","Leap","Redo+1"],"picked":"SKIP","floor":35}],"player_experience":448749,"relics_obtained":[{"floor":6,"key":"Orichalcum"},{"floor":8,"key":"Unceasing Top"},{"floor":9,"key":"Oddly Smooth Stone"},{"floor":25,"key":"Blood Vial"},{"floor":26,"key":"Ice Cream"},{"floor":27,"key":"Toy Ornithopter"}],"event_choices":[{"cards_removed":["Strike_B"],"damage_healed":0,"gold_gain":0,"player_choice":"Card Removal","damage_taken":0,"max_hp_gain":0,"max_hp_loss":0,"event_name":"The Cleric","floor":2,"gold_loss":50},{"damage_healed":0,"gold_gain":0,"player_choice":"Entered Light","damage_taken":15,"max_hp_gain":0,"max_hp_loss":0,"event_name":"Shining Light","floor":4,"gold_loss":0,"cards_upgraded":["Dualcast","Strike_B"]},{"damage_healed":0,"gold_gain":0,"player_choice":"1 cards matched","damage_taken":0,"max_hp_gain":0,"max_hp_loss":0,"event_name":"Match and Keep!","floor":5,"gold_loss":0,"cards_obtained":["Capacitor"]},{"damage_healed":0,"gold_gain":0,"player_choice":"Ignored","damage_taken":0,"max_hp_gain":0,"max_hp_loss":0,"event_name":"Vampires","floor":19,"gold_loss":0},{"damage_healed":0,"gold_gain":0,"player_choice":"Ignored","damage_taken":0,"max_hp_gain":0,"max_hp_loss":0,"event_name":"Ghosts","floor":21,"gold_loss":0},{"damage_healed":0,"gold_gain":0,"player_choice":"Fight","damage_taken":0,"max_hp_gain":0,"max_hp_loss":0,"event_name":"Colosseum","floor":30,"gold_loss":0},{"damage_healed":0,"gold_gain":0,"player_choice":"Fled From Nobs","damage_taken":0,"max_hp_gain":0,"max_hp_loss":0,"event_name":"Colosseum","floor":30,"gold_loss":0},{"cards_removed":["Strike_B"],"damage_healed":0,"gold_gain":0,"player_choice":"Gave Gold","damage_taken":0,"max_hp_gain":0,"max_hp_loss":0,"event_name":"Beggar","floor":31,"gold_loss":75},{"damage_healed":0,"gold_gain":0,"player_choice":"Fight","damage_taken":0,"max_hp_gain":0,"max_hp_loss":0,"event_name":"Mysterious Sphere","floor":36,"gold_loss":0}],"is_beta":true,"boss_relics":[{"not_picked":["Busted Crown","SacredBark"],"picked":"Sozu"},{"not_picked":["Runic Pyramid","Inserter"],"picked":"Nuclear Battery"}],"items_purged_floors":[24],"is_endless":false,"potions_floor_spawned":[1,3,6,14,20,22,33,35],"killed_by":"2 Orb Walkers","ascension_level":5}