{"gold_per_floor":[118,168,179,64,64,64,93,243,243,260,285,285,360,371,371,444,444,460,460,460,460],"floor_reached":21,"playtime":482,"items_purged":["Strike_B"],"score":403,"play_id":"ec75a0ab-ca6e-4267-aa06-1f00e81a0222","local_time":"20190627114050","is_ascension_mode":true,"campfire_choices":[{"data":"Doom and Gloom","floor":6,"key":"SMITH"},{"data":"Conserve Battery","floor":12,"key":"SMITH"},{"floor":15,"key":"REST"}],"neow_cost":"NONE","seed_source_timestamp":819078050953500,"circlet_count":0,"master_deck":["AscendersBane","Defend_B","Defend_B","Defend_B","Defend_B","Zap+1","Dualcast","Conserve Battery+1","Cold Snap","Doom and Gloom+1","Redo","Doubt","Consume","Hologram","Genetic Algorithm","Rainbow","Conserve Battery+1","Writhe","Bite","Bite","Bite","Bite","Bite"],"relics":["Cracked Core","NeowsBlessing","Matryoshka","Symbiotic Virus","Ornamental Fan","Centennial Puzzle","Inserter","Happy Flower"],"potions_floor_usage":[10,16,16,21,21],"damage_taken":[{"damage":0,"enemies":"Jaw Worm","floor":1,"turns":1},{"damage":0,"enemies":"Cultist","floor":3,"turns":1},{"damage":0,"enemies":"Gremlin Nob","floor":7,"turns":1},{"damage":0,"enemies":"Small Slimes","floor":10,"turns":1},{"damage":22,"enemies":"3 Sentries","floor":11,"turns":4},{"damage":20,"enemies":"2 Fungi Beasts","floor":14,"turns":4},{"damage":2,"enemies":"Hexaghost","floor":16,"turns":9},{"damage":11,"enemies":"Chosen","floor":18,"turns":5},{"damage":59,"enemies":"Colosseum Slavers","floor":21,"turns":4}],"seed_played":"-1046847763119554151","potions_obtained":[{"floor":7,"key":"Explosive Potion"},{"floor":11,"key":"Dexterity Potion"},{"floor":14,"key":"SkillPotion"},{"floor":16,"key":"Dexterity Potion"},{"floor":18,"key":"PowerPotion"}],"is_trial":false,"path_per_floor":["M","?","M","$","?","R","E","?","T","M","E","R","?","M","R","B",null,"M","?","?","?"],"character_chosen":"DEFECT","items_purchased":["Doom and Gloom"],"campfire_rested":1,"item_purchase_floors":[4],"current_hp_per_floor":[64,57,57,57,57,57,57,57,57,57,35,35,24,4,25,23,59,48,48,48,0],"gold":460,"neow_bonus":"THREE_ENEMY_KILL","is_prod":false,"is_daily":false,"chose_seed":false,"campfire_upgraded":2,"win_rate":0,"timestamp":1561628450,"path_taken":["M","?","?","$","?","R","E","?","T","M","E","R","?","M","R","BOSS","M","?","?","?"],"build_version":"2019-01-23","purchased_purges":1,"victory":false,"max_hp_per_floor":[71,71,71,71,71,71,71,71,71,71,71,71,71,71,71,71,71,71,71,49,49],"card_choices":[{"not_picked":["Streamline","Go for the Eyes"],"picked":"Conserve Battery","floor":1},{"not_picked":["Reinforced Body","Steam"],"picked":"Cold Snap","floor":3},{"not_picked":["Steam Power","Hyperbeam"],"picked":"Redo","floor":7},{"not_picked":["Turbo","Heatsinks"],"picked":"Consume","floor":10},{"not_picked":["Gash","Machine Learning"],"picked":"Hologram","floor":11},{"not_picked":["Coolheaded","Melter"],"picked":"Genetic Algorithm","floor":14},{"not_picked":["Multi-Cast","Amplify"],"picked":"Rainbow","floor":16},{"not_picked":["Beam Cell","Tempest"],"picked":"Conserve Battery+1","floor":18}],"player_experience":1499819,"relics_obtained":[{"floor":7,"key":"Matryoshka"},{"floor":9,"key":"Symbiotic Virus"},{"floor":9,"key":"Ornamental Fan"},{"floor":11,"key":"Centennial Puzzle"}],"event_choices":[{"damage_healed":0,"gold_gain":50,"player_choice":"Touch","damage_taken":7,"max_hp_gain":0,"max_hp_loss":0,"event_name":"FaceTrader","floor":2,"gold_loss":0},{"damage_healed":0,"gold_gain":0,"player_choice":"Grow","damage_taken":0,"max_hp_gain":0,"max_hp_loss":0,"event_name":"Living Wall","floor":5,"gold_loss":0,"cards_upgraded":["Zap"]},{"damage_healed":0,"gold_gain":150,"player_choice":"AGREE","damage_taken":0,"max_hp_gain":0,"max_hp_loss":0,"event_name":"Liars Game","floor":8,"gold_loss":0,"cards_obtained":["Doubt"]},{"damage_healed":0,"gold_gain":75,"player_choice":"Gather Gold","damage_taken":11,"max_hp_gain":0,"max_hp_loss":0,"event_name":"World of Goop","floor":13,"gold_loss":0},{"damage_healed":0,"gold_gain":0,"player_choice":"Opened","damage_taken":0,"relics_obtained":["Happy Flower"],"max_hp_gain":0,"max_hp_loss":0,"event_name":"The Mausoleum","floor":19,"gold_loss":0,"cards_obtained":["Writhe"]},{"damage_healed":0,"gold_gain":0,"player_choice":"Became a vampire","damage_taken":0,"max_hp_gain":0,"max_hp_loss":22,"event_name":"Vampires","floor":20,"gold_loss":0,"cards_obtained":["Bite","Bite","Bite","Bite","Bite"]},{"damage_healed":0,"gold_gain":0,"player_choice":"Fight","damage_taken":0,"max_hp_gain":0,"max_hp_loss":0,"event_name":"Colosseum","floor":21,"gold_loss":0}],"is_beta":false,"boss_relics":[{"not_picked":["Snecko Eye","Philosopher\u0027s Stone"],"picked":"Inserter"}],"items_purged_floors":[4],"is_endless":false,"potions_floor_spawned":[7,11,14,16,18],"killed_by":"Colosseum Slavers","ascension_level":16}