{"path_per_floor":["M","?","M","?","M","R","E","R","T","M","M","$","M","$","R","B",null,"M","M","T","M"],"character_chosen":"IRONCLAD","items_purchased":["Bird Faced Urn","Inflame"],"gold_per_floor":[210,385,404,404,418,418,445,445,445,462,481,106,116,45,45,145,145,156,169,169,183,183],"floor_reached":22,"campfire_rested":0,"playtime":1102,"current_hp_per_floor":[80,80,80,80,71,71,49,49,49,51,54,54,53,53,53,45,80,54,25,25,26,0],"items_purged":["Doubt"],"gold":183,"score":188,"play_id":"4a6b6d2a-e62e-4eb9-a218-4680e5d1c50b","local_time":"20180519224459","is_prod":false,"is_daily":false,"chose_seed":false,"is_ascension_mode":false,"campfire_upgraded":3,"timestamp":1526766299,"campfire_choices":[{"data":"Rage","floor":6,"key":"SMITH"},{"data":"True Grit","floor":8,"key":"SMITH"},{"data":"Inflame","floor":15,"key":"SMITH"}],"path_taken":["M","?","M","?","M","R","E","R","T","M","M","?","M","$","R","BOSS","M","M","?","M","?"],"build_version":"2018-05-17","seed_source_timestamp":187891895534803,"purchased_purges":1,"victory":false,"master_deck":["Strike_R","Strike_R","Strike_R","Strike_R","Strike_R","Defend_R","Defend_R","Defend_R","Defend_R","Bash+1","Headbutt","Rage+1","True Grit+1","Thunderclap","Rupture","Rage","Inflame+1","Dark Embrace","Fire Breathing+1","Battle Trance+1","Body Slam"],"max_hp_per_floor":[80,80,80,80,80,80,80,80,80,80,80,80,80,80,80,80,80,80,80,80,80,80],"relics":["Burning Blood","Matryoshka","Boot","Centennial Puzzle","Bird Faced Urn","Eternal Feather","Art of War","Shovel"],"card_choices":[{"not_picked":["Havoc","Blood for Blood","Heavy Blade"],"picked":"SKIP","floor":1},{"not_picked":["Havoc","Wild Strike"],"picked":"Headbutt","floor":3},{"not_picked":["Thunderclap","Burning Pact"],"picked":"Rage","floor":5},{"not_picked":["Dark Embrace","Thunderclap"],"picked":"True Grit","floor":7},{"not_picked":["Warcry","Cleave"],"picked":"Thunderclap","floor":10},{"not_picked":["Clash","Whirlwind"],"picked":"Rupture","floor":11},{"not_picked":["Hemokinesis","Anger"],"picked":"Rage","floor":13},{"not_picked":["Double Tap","Immolate"],"picked":"Dark Embrace","floor":16},{"not_picked":["Shrug It Off","Rampage"],"picked":"Fire Breathing+1","floor":18},{"not_picked":["Bloodletting","Sword Boomerang+1"],"picked":"Battle Trance+1","floor":19},{"not_picked":["Sentinel+1","True Grit"],"picked":"Body Slam","floor":21}],"player_experience":334345,"potions_floor_usage":[7,22,22],"damage_taken":[{"damage":6,"enemies":"Cultist","floor":1,"turns":3},{"damage":4,"enemies":"2 Louse","floor":3,"turns":4},{"damage":15,"enemies":"Jaw Worm","floor":5,"turns":4},{"damage":28,"enemies":"Gremlin Nob","floor":7,"turns":4},{"damage":4,"enemies":"3 Louse","floor":10,"turns":4},{"damage":3,"enemies":"2 Fungi Beasts","floor":11,"turns":4},{"damage":7,"enemies":"Blue Slaver","floor":13,"turns":4},{"damage":18,"enemies":"Slime Boss","floor":16,"turns":12},{"damage":34,"enemies":"3 Byrds","floor":18,"turns":6},{"damage":39,"enemies":"Spheric Guardian","floor":19,"turns":6},{"damage":13,"enemies":"Centurion and Healer","floor":21,"turns":9},{"damage":52,"enemies":"Snecko","floor":22,"turns":7}],"relics_obtained":[{"floor":7,"key":"Matryoshka"},{"floor":9,"key":"Boot"},{"floor":9,"key":"Centennial Puzzle"},{"floor":20,"key":"Art of War"},{"floor":20,"key":"Shovel"}],"event_choices":[{"event_name":"Liars Game","player_choice":"agreed","floor":2,"damage_taken":0},{"event_name":"Living Wall","player_choice":"Grow","floor":4,"damage_taken":0}],"boss_relics":[{"not_picked":["Tiny House","Runic Dome"],"picked":"Eternal Feather"}],"potions_floor_spawned":[3,11,21],"seed_played":"1346816207508099117","killed_by":"Snecko","ascension_level":0,"potions_obtained":[{"floor":3,"key":"Poison Potion"},{"floor":11,"key":"Energy Potion"},{"floor":21,"key":"BloodPotion"}],"is_trial":false}