{"gold_per_floor":[110,129,143,155,166,201,41,72,98,117,117,117,143,158,158,258,258,268,268,280,280],"floor_reached":21,"playtime":932,"items_purged":[],"score":325,"play_id":"72cb4ebb-6ea3-4803-83ac-8261ef6a653d","local_time":"20190928155506","is_ascension_mode":true,"campfire_choices":[{"floor":11,"key":"REST"},{"data":"Fire Breathing","floor":15,"key":"SMITH"}],"neow_cost":"NONE","seed_source_timestamp":1493020637198383,"circlet_count":0,"master_deck":["AscendersBane","Strike_R","Strike_R","Defend_R","Defend_R","Defend_R","Defend_R","Bash","Anger","Headbutt","Carnage","Corruption","Combust","Reaper","Fire Breathing+1","Disarm","Immolate","Combust","Warcry","Sentinel","Headbutt"],"relics":["Burning Blood","NeowsBlessing","PreservedInsect","TungstenRod","Juzu Bracelet","Boot","Cursed Key"],"potions_floor_usage":[6,10,16,16],"damage_taken":[{"damage":0,"enemies":"Small Slimes","floor":1,"turns":1},{"damage":0,"enemies":"Jaw Worm","floor":2,"turns":1},{"damage":0,"enemies":"Cultist","floor":3,"turns":1},{"damage":13,"enemies":"Large Slime","floor":4,"turns":5},{"damage":28,"enemies":"Lots of Slimes","floor":5,"turns":4},{"damage":16,"enemies":"Gremlin Nob","floor":6,"turns":3},{"damage":40,"enemies":"Lagavulin","floor":8,"turns":4},{"damage":12,"enemies":"3 Louse","floor":10,"turns":3},{"damage":15,"enemies":"Gremlin Nob","floor":13,"turns":3},{"damage":29,"enemies":"Large Slime","floor":14,"turns":6},{"damage":28,"enemies":"Hexaghost","floor":16,"turns":9},{"damage":27,"enemies":"Shell Parasite","floor":18,"turns":4},{"damage":36,"enemies":"2 Thieves","floor":20,"turns":5},{"damage":57,"enemies":"Shelled Parasite and Fungi","floor":21,"turns":4}],"seed_played":"-4536933882553296489","potions_obtained":[{"floor":2,"key":"BloodPotion"},{"floor":3,"key":"BloodPotion"},{"floor":10,"key":"SpeedPotion"},{"floor":13,"key":"PowerPotion"}],"is_trial":false,"path_per_floor":["M","M","M","M","M","E","$","E","T","M","R","?","E","M","R","B",null,"M","?","M","M"],"character_chosen":"IRONCLAD","items_purchased":["Reaper"],"campfire_rested":1,"item_purchase_floors":[7],"current_hp_per_floor":[78,80,80,73,51,57,57,23,23,45,69,63,54,34,34,30,68,47,47,27,0],"gold":280,"neow_bonus":"THREE_ENEMY_KILL","is_prod":false,"is_daily":false,"chose_seed":false,"campfire_upgraded":1,"win_rate":0,"timestamp":1569700506,"path_taken":["M","M","M","M","M","E","$","E","T","M","R","?","E","M","R","BOSS","M","?","M","M"],"build_version":"2019-09-27","purchased_purges":0,"victory":false,"max_hp_per_floor":[80,80,80,80,80,80,80,80,80,80,80,80,80,80,80,80,80,80,80,80,80],"card_choices":[{"not_picked":["Iron Wave","Reckless Charge"],"picked":"Anger","floor":1},{"not_picked":["Iron Wave","Body Slam"],"picked":"Headbutt","floor":2},{"not_picked":["Clothesline","Rage"],"picked":"Carnage","floor":3},{"not_picked":["Warcry","Pommel Strike"],"picked":"Corruption","floor":4},{"not_picked":["Armaments","Headbutt","Havoc"],"picked":"SKIP","floor":5},{"not_picked":["Pommel Strike","Evolve"],"picked":"Combust","floor":6},{"not_picked":["Corruption","Limit Break"],"picked":"Fire Breathing","floor":8},{"not_picked":["Heavy Blade","Pommel Strike","Perfected Strike"],"picked":"SKIP","floor":10},{"not_picked":["Iron Wave","Twin Strike"],"picked":"Disarm","floor":13},{"not_picked":["Body Slam","Cleave","Clash"],"picked":"SKIP","floor":14},{"not_picked":["Exhume","Double Tap"],"picked":"Immolate","floor":16},{"not_picked":["Clash","Seeing Red"],"picked":"Combust","floor":18},{"not_picked":["Clash","Carnage"],"picked":"Headbutt","floor":20}],"player_experience":443593,"relics_obtained":[{"floor":6,"key":"PreservedInsect"},{"floor":8,"key":"TungstenRod"},{"floor":9,"key":"Juzu Bracelet"},{"floor":13,"key":"Boot"}],"event_choices":[{"cards_removed":["Strike_R"],"damage_healed":0,"gold_gain":0,"player_choice":"Card Removal","damage_taken":7,"max_hp_gain":0,"max_hp_loss":0,"event_name":"Golden Wing","floor":12,"gold_loss":0},{"damage_healed":0,"gold_gain":0,"cards_transformed":["Strike_R","Strike_R"],"player_choice":"Became Test Subject","damage_taken":0,"max_hp_gain":0,"max_hp_loss":0,"event_name":"Drug Dealer","floor":19,"gold_loss":0,"cards_obtained":["Warcry","Sentinel"]}],"is_beta":true,"boss_relics":[{"not_picked":["Busted Crown","Tiny House"],"picked":"Cursed Key"}],"items_purged_floors":[],"is_endless":false,"potions_floor_spawned":[2,3,10,13],"killed_by":"Shelled Parasite and Fungi","ascension_level":12}