{"gold_per_floor":[115,127,52,62,82,82,116,116,143,174,174,99,99,99,99,176,176,196,196,196,208,208],"floor_reached":22,"playtime":657,"items_purged":["Strike_R"],"score":384,"play_id":"fb08f580-ffbf-4973-863f-40dffae31fc5","local_time":"20191014111116","is_ascension_mode":true,"campfire_choices":[{"data":"Whirlwind","floor":6.0,"key":"SMITH"},{"data":"Evolve","floor":8.0,"key":"SMITH"},{"data":"Bash","floor":13.0,"key":"SMITH"},{"floor":15.0,"key":"REST"}],"neow_cost":"NONE","seed_source_timestamp":162536442165924,"circlet_count":0,"master_deck":["AscendersBane","Strike_R","Defend_R","Defend_R+1","Defend_R","Defend_R","Bash+1","Evolve+1","Cleave+1","Pommel Strike","Pommel Strike","Whirlwind+1","Barricade","Defend_R+1"],"special_seed":0,"relics":["Orrery","Red Skull","Pen Nib","Anchor","Empty Cage"],"potions_floor_usage":[],"damage_taken":[{"damage":4.0,"enemies":"2 Louse","floor":1.0,"turns":2.0},{"damage":5.0,"enemies":"Small Slimes","floor":2.0,"turns":3.0},{"damage":0.0,"enemies":"Cultist","floor":4.0,"turns":3.0},{"damage":28.0,"enemies":"Large Slime","floor":5.0,"turns":7.0},{"damage":8.0,"enemies":"Gremlin Nob","floor":7.0,"turns":3.0},{"damage":10.0,"enemies":"3 Sentries","floor":10.0,"turns":3.0},{"damage":29.0,"enemies":"Hexaghost","floor":16.0,"turns":7.0},{"damage":7.0,"enemies":"2 Thieves","floor":18.0,"turns":2.0},{"damage":35,"enemies":"Shell Parasite","floor":21,"turns":4},{"damage":20,"enemies":"Centurion and Healer","floor":22,"turns":3}],"seed_played":"-309519192129748161","potions_obtained":[{"floor":2.0,"key":"Strength Potion"},{"floor":5.0,"key":"FearPotion"},{"floor":10.0,"key":"Swift Potion"},{"floor":16.0,"key":"SkillPotion"}],"is_trial":false,"path_per_floor":["M","M","$","M","M","R","E","R","T","E","?","?","R","?","R","B",null,"M","?","$","M","M"],"character_chosen":"IRONCLAD","items_purchased":[],"campfire_rested":1,"item_purchase_floors":[],"current_hp_per_floor":[64,59,59,59,31,31,23,23,23,13,38,38,38,15,37,8,58,51,51,51,16,0],"gold":208,"neow_bonus":"BOSS_RELIC","is_prod":false,"is_daily":false,"chose_seed":false,"campfire_upgraded":3,"win_rate":0,"timestamp":1571076676,"path_taken":["M","M","$","M","M","R","E","R","T","E","?","?","R","?","R","BOSS","M","?","$","?","M"],"build_version":"2019-07-17","purchased_purges":1,"victory":false,"max_hp_per_floor":[75,75,75,75,75,75,75,75,75,75,75,75,75,75,75,75,75,75,75,75,75,75],"card_choices":[{"not_picked":["Seeing Red","Thunderclap"],"picked":"Evolve","floor":0.0},{"not_picked":["Intimidate","Double Tap"],"picked":"Cleave","floor":0.0},{"not_picked":["Iron Wave","Metallicize"],"picked":"Pommel Strike","floor":0.0},{"not_picked":["Burning Pact","Hemokinesis"],"picked":"Pommel Strike","floor":0.0},{"not_picked":["Iron Wave","Thunderclap","Dual Wield"],"picked":"SKIP","floor":1.0},{"not_picked":["Entrench","Perfected Strike","Hemokinesis"],"picked":"SKIP","floor":2.0},{"not_picked":["Havoc","Spot Weakness"],"picked":"Whirlwind","floor":4.0},{"not_picked":["Cleave","Twin Strike","Armaments"],"picked":"SKIP","floor":5.0},{"not_picked":["Twin Strike","Reckless Charge","Seeing Red"],"picked":"SKIP","floor":7.0},{"not_picked":["Twin Strike","Clash","Headbutt"],"picked":"SKIP","floor":10.0},{"not_picked":["Juggernaut","Fiend Fire"],"picked":"Barricade","floor":16.0},{"not_picked":["Twin Strike","Hemokinesis","Sentinel+1"],"picked":"SKIP","floor":18.0},{"not_picked":["Anger","Havoc","Corruption"],"picked":"SKIP","floor":21}],"player_experience":404452,"relics_obtained":[{"floor":7.0,"key":"Red Skull"},{"floor":9.0,"key":"Pen Nib"},{"floor":10.0,"key":"Anchor"}],"event_choices":[{"damage_healed":25.0,"max_hp_gain":0.0,"max_hp_loss":0.0,"gold_gain":0.0,"event_name":"Big Fish","player_choice":"Banana","floor":11.0,"gold_loss":0.0,"damage_taken":0.0},{"cards_removed":["Strike_R"],"damage_healed":0.0,"max_hp_gain":0.0,"max_hp_loss":0.0,"gold_gain":0.0,"event_name":"The Cleric","player_choice":"Card Removal","floor":12.0,"gold_loss":75.0,"damage_taken":0.0},{"damage_healed":0.0,"max_hp_gain":0.0,"max_hp_loss":0.0,"gold_gain":0.0,"event_name":"Shining Light","player_choice":"Entered Light","floor":14.0,"gold_loss":0.0,"damage_taken":23.0,"cards_upgraded":["Cleave","Defend_R"]},{"damage_healed":0.0,"max_hp_gain":0.0,"max_hp_loss":0.0,"gold_gain":0.0,"event_name":"Duplicator","player_choice":"Copied","floor":19.0,"gold_loss":0.0,"damage_taken":0.0,"cards_obtained":["Defend_R"]}],"is_beta":false,"boss_relics":[{"not_picked":["Eternal Feather","Runic Cube"],"picked":"Empty Cage"}],"items_purged_floors":[3],"is_endless":false,"potions_floor_spawned":[2,5,10,16],"killed_by":"Centurion and Healer","ascension_level":20}