{"path_per_floor":["M","?","?","?","$","R","E","M","T","$","M","R","E","M","R","B",null,"M","?","M","M","$","R","?","?","T","R","E","M","M","M","R"],"character_chosen":"IRONCLAD","items_purchased":["Bag of Marbles","Bloodletting"],"gold_per_floor":[110,75,75,175,100,100,132,152,175,18,37,37,66,81,81,180,180,197,197,214,230,193,193,193,193,246,246,272,285,298,309,309],"floor_reached":33,"campfire_rested":0,"playtime":1430,"current_hp_per_floor":[70,80,73,73,73,73,49,58,58,58,69,69,59,65,65,54,77,84,84,76,78,78,78,86,86,86,86,75,76,69,70,70],"items_purged":["Strike_R"],"gold":309,"score":371,"play_id":"ef385f94-a71c-47bb-8200-3630c3961ec1","is_prod":false,"is_daily":false,"is_ascension_mode":true,"campfire_upgraded":6,"path_taken":["M","?","?","?","?","R","E","M","T","$","M","R","E","M","R","BOSS","M","?","M","M","$","R","?","?","T","R","E","M","M","M","R","BOSS"],"build_version":"2018-02-22-PROD2","purchased_purges":3,"victory":false,"master_deck":["Strike_R+1","Strike_R+1","Strike_R+1","Strike_R+1","Defend_R+1","Defend_R+1","Defend_R+1","Bash","Intimidate+1","Thunderclap","Pommel Strike","Armaments+1","Reaper","Whirlwind+1","Searing Blow+3","Shockwave+1","Bloodletting+1"],"max_hp_per_floor":[80,80,80,80,80,80,80,80,80,80,82,82,82,82,82,84,84,84,84,86,86,86,86,86,86,86,86,88,90,92,94,94],"relics":["Burning Blood","Magic Flower","Unceasing Top","Singing Bowl","Bag of Marbles","Mummified Hand","Sozu","War Paint","Oddly Smooth Stone","Champion Belt"],"card_choices":[{"not_picked":["Dual Wield","Headbutt"],"picked":"Thunderclap"},{"not_picked":["Burning Pact","Perfected Strike"],"picked":"Pommel Strike"},{"not_picked":["Heavy Blade","Power Through"],"picked":"Armaments"},{"not_picked":["Heavy Blade","Thunderclap"],"picked":"Reaper"},{"not_picked":["Body Slam","Rampage"],"picked":"Whirlwind"},{"not_picked":["Rupture","Thunderclap"],"picked":"Searing Blow"},{"not_picked":["Heavy Blade","Cleave"],"picked":"Shockwave"}],"player_experience":236493,"potions_floor_usage":[16,16,28],"damage_taken":[{"damage":8,"enemies":"Jaw Worm","floor":1,"turns":4},{"damage":33,"enemies":"3 Sentries","floor":7,"turns":8},{"damage":0,"enemies":"Small Slimes","floor":8,"turns":3},{"damage":0,"enemies":"2 Louse","floor":11,"turns":2},{"damage":19,"enemies":"Gremlin Nob","floor":13,"turns":4},{"damage":3,"enemies":"Blue Slaver","floor":14,"turns":4},{"damage":27,"enemies":"Slime Boss","floor":16,"turns":7},{"damage":0,"enemies":"Chosen","floor":18,"turns":3},{"damage":19,"enemies":"Shell Parasite","floor":20,"turns":4},{"damage":7,"enemies":"Snecko","floor":21,"turns":3},{"damage":22,"enemies":"Book of Stabbing","floor":28,"turns":4},{"damage":19,"enemies":"Slaver and Parasite","floor":29,"turns":5},{"damage":18,"enemies":"Snake Plant","floor":30,"turns":3},{"damage":10,"enemies":"Sentry and Sphere","floor":31,"turns":5},{"damage":102,"enemies":"Collector","floor":33,"turns":8}],"event_choices":[{"event_name":"The Cleric","player_choice":"Healed","floor":2,"damage_taken":0},{"event_name":"Scrap Ooze","player_choice":"success","floor":3,"damage_taken":7},{"event_name":"Golden Shrine","player_choice":"Pray","floor":4,"damage_taken":0},{"event_name":"Back to Basics","player_choice":"Simplicity","floor":19,"damage_taken":0},{"event_name":"The Library","player_choice":"Heal","floor":24,"damage_taken":0},{"event_name":"The Mausoleum","player_choice":"Yes","floor":25,"damage_taken":0}],"boss_relics":[{"not_picked":["Runic Cube","Velvet Choker"],"picked":"Sozu"}],"potions_floor_spawned":[1,11,13,14,28,31],"seed_played":"219695357456332943","killed_by":"Collector","ascension_level":7,"is_trial":false}