{"gold_per_floor":[110,185,81,96,246,275,305,305,305,316,330,346,18,29,29,106,106,124,124,144,19,19,19],"floor_reached":23,"playtime":1162,"items_purged":["Strike_B","Doubt","Defend_B"],"score":435,"play_id":"18ce2a83-775b-470e-be78-0d5e0d28dc35","local_time":"20190815045415","is_ascension_mode":true,"campfire_choices":[{"data":"Darkness","floor":15,"key":"SMITH"}],"neow_cost":"NONE","seed_source_timestamp":85290809890300,"circlet_count":0,"master_deck":["AscendersBane","Defend_B","Defend_B","Defend_B","Zap","Dualcast","Self Repair","Cold Snap","Auto Shields","Sunder","Hologram","Buffer","Conserve Battery","Darkness+1","Conserve Battery","Hologram","Defragment","Creative AI","Double Energy+1","Bite","Bite","Bite","Bite","Bite","Steam Power","Writhe"],"relics":["Cracked Core","NeowsBlessing","Symbiotic Virus","Odd Mushroom","Singing Bowl","Potion Belt","Runic Pyramid","Girya"],"potions_floor_usage":[7,23],"damage_taken":[{"damage":0,"enemies":"Jaw Worm","floor":1,"turns":1},{"damage":0,"enemies":"Small Slimes","floor":4,"turns":1},{"damage":0,"enemies":"Gremlin Nob","floor":6,"turns":1},{"damage":2,"enemies":"The Mushroom Lair","floor":7,"turns":3},{"damage":0,"enemies":"2 Louse","floor":10,"turns":3},{"damage":9,"enemies":"Red Slaver","floor":11,"turns":3},{"damage":10,"enemies":"Large Slime","floor":12,"turns":4},{"damage":29,"enemies":"Exordium Wildlife","floor":14,"turns":5},{"damage":24,"enemies":"Hexaghost","floor":16,"turns":9},{"damage":34,"enemies":"Spheric Guardian","floor":18,"turns":9},{"damage":5,"enemies":"Chosen","floor":20,"turns":6},{"damage":54,"enemies":"Book of Stabbing","floor":23,"turns":5}],"seed_played":"-8319295263619629463","potions_obtained":[{"floor":1,"key":"Explosive Potion"},{"floor":11,"key":"Ancient Potion"},{"floor":12,"key":"Explosive Potion"},{"floor":16,"key":"SteroidPotion"}],"is_trial":false,"path_per_floor":["M","?","$","M","?","E","?","?","T","M","M","M","$","M","R","B",null,"M","?","M","$","?","E"],"character_chosen":"DEFECT","items_purchased":["Cold Snap","Potion Belt","Hologram"],"campfire_rested":0,"item_purchase_floors":[3,13,13],"current_hp_per_floor":[64,53,53,53,53,60,65,65,65,65,63,60,60,38,38,21,59,39,39,45,45,45,0],"gold":19,"neow_bonus":"THREE_ENEMY_KILL","is_prod":false,"is_daily":false,"chose_seed":false,"campfire_upgraded":1,"win_rate":0,"timestamp":1565837655,"path_taken":["M","?","$","M","?","E","?","?","T","M","?","M","$","M","R","BOSS","M","?","M","$","?","E"],"build_version":"2019-07-17","purchased_purges":3,"victory":false,"max_hp_per_floor":[71,71,71,71,71,71,71,71,71,71,71,71,71,71,71,71,71,71,49,49,49,49,49],"card_choices":[{"not_picked":["Go for the Eyes","Gash"],"picked":"Self Repair","floor":1},{"not_picked":["Hello World","Heatsinks"],"picked":"Auto Shields","floor":4},{"not_picked":["Hologram","Conserve Battery"],"picked":"Sunder","floor":6},{"not_picked":["Cold Snap","Sweeping Beam"],"picked":"Hologram","floor":7},{"not_picked":["Hello World","Sunder"],"picked":"Conserve Battery","floor":10},{"not_picked":["Melter","Compile Driver"],"picked":"Darkness","floor":11},{"not_picked":["Lockon","Cold Snap"],"picked":"Conserve Battery","floor":12},{"not_picked":["Force Field","Chill"],"picked":"Defragment","floor":14},{"not_picked":["Amplify","All For One"],"picked":"Creative AI","floor":16},{"not_picked":["Chill","Turbo"],"picked":"Double Energy+1","floor":18},{"not_picked":["Conserve Battery+1","Rip and Tear"],"picked":"Steam Power","floor":20}],"player_experience":1913433,"relics_obtained":[{"floor":6,"key":"Symbiotic Virus"},{"floor":7,"key":"Odd Mushroom"},{"floor":9,"key":"Singing Bowl"}],"event_choices":[{"damage_healed":0,"gold_gain":75,"player_choice":"Gather Gold","damage_taken":11,"max_hp_gain":0,"max_hp_loss":0,"event_name":"World of Goop","floor":2,"gold_loss":0},{"damage_healed":0,"gold_gain":150,"player_choice":"AGREE","damage_taken":0,"max_hp_gain":0,"max_hp_loss":0,"event_name":"Liars Game","floor":5,"gold_loss":0,"cards_obtained":["Doubt"]},{"damage_healed":0,"gold_gain":0,"player_choice":"Fought Mushrooms","damage_taken":0,"max_hp_gain":0,"max_hp_loss":0,"event_name":"Mushrooms","floor":7,"gold_loss":0},{"damage_healed":0,"gold_gain":0,"cards_transformed":["Strike_B"],"player_choice":"Transformed","damage_taken":0,"max_hp_gain":0,"max_hp_loss":0,"event_name":"Transmorgrifier","floor":8,"gold_loss":0,"cards_obtained":["Buffer"]},{"damage_healed":0,"gold_gain":0,"player_choice":"Became a vampire","damage_taken":0,"max_hp_gain":0,"max_hp_loss":22,"event_name":"Vampires","floor":19,"gold_loss":0,"cards_obtained":["Bite","Bite","Bite","Bite","Bite"]},{"damage_healed":0,"gold_gain":0,"player_choice":"Opened","damage_taken":0,"relics_obtained":["Girya"],"max_hp_gain":0,"max_hp_loss":0,"event_name":"The Mausoleum","floor":22,"gold_loss":0,"cards_obtained":["Writhe"]}],"is_beta":false,"boss_relics":[{"not_picked":["Orrery","Velvet Choker"],"picked":"Runic Pyramid"}],"items_purged_floors":[3,13,21],"is_endless":false,"potions_floor_spawned":[1,11,12,16],"killed_by":"Book of Stabbing","ascension_level":18}