{"gold_per_floor":[109,34,53,53,68,68,84,109,109,109,120,120,45,73,73,73],"floor_reached":16,"playtime":587,"items_purged":["Regret"],"score":220,"play_id":"ad7d1c59-7dfe-421c-a6cf-99470aee920d","local_time":"20190626221235","is_ascension_mode":true,"campfire_choices":[{"data":"Pommel Strike","floor":6,"key":"SMITH"},{"data":"Uppercut","floor":10,"key":"SMITH"},{"floor":15,"key":"DIG"}],"neow_cost":"CURSE","seed_source_timestamp":502160955045006,"circlet_count":0,"master_deck":["AscendersBane","Strike_R","Strike_R","Strike_R","Strike_R","Defend_R+1","Defend_R","Defend_R","Defend_R+1","Bash+1","Pommel Strike+1","Bloodletting","Burning Pact","Combust","Uppercut+1","Twin Strike"],"relics":["Burning Blood","Magic Flower","Pen Nib","Paper Frog","Shovel","War Paint"],"potions_floor_usage":[8,14,16],"damage_taken":[{"damage":8,"enemies":"Cultist","floor":1,"turns":4},{"damage":13,"enemies":"Small Slimes","floor":3,"turns":5},{"damage":9,"enemies":"2 Louse","floor":5,"turns":3},{"damage":17,"enemies":"Blue Slaver","floor":7,"turns":4},{"damage":55,"enemies":"Lagavulin","floor":8,"turns":6},{"damage":4,"enemies":"2 Fungi Beasts","floor":11,"turns":2},{"damage":6,"enemies":"Gremlin Nob","floor":14,"turns":3},{"damage":49,"enemies":"Hexaghost","floor":16,"turns":9}],"seed_played":"-7442958699861240670","potions_obtained":[{"floor":3,"key":"Weak Potion"},{"floor":5,"key":"Regen Potion"},{"floor":8,"key":"AttackPotion"}],"is_trial":false,"path_per_floor":["M","$","M","?","M","R","M","E","T","R","M","?","?","E","R","B"],"character_chosen":"IRONCLAD","items_purchased":[],"campfire_rested":0,"item_purchase_floors":[],"current_hp_per_floor":[69,69,65,65,65,65,57,35,35,35,40,45,45,48,48,0],"gold":73,"neow_bonus":"ONE_RARE_RELIC","is_prod":false,"is_daily":false,"chose_seed":false,"campfire_upgraded":2,"win_rate":0,"timestamp":1561583555,"path_taken":["M","$","M","?","M","R","M","E","T","R","?","?","?","E","R","BOSS"],"build_version":"2019-01-23","purchased_purges":1,"victory":false,"max_hp_per_floor":[75,75,75,75,75,75,75,75,75,75,75,80,80,80,80,80],"card_choices":[{"not_picked":["Perfected Strike","Burning Pact"],"picked":"Pommel Strike","floor":1},{"not_picked":["Clash","Havoc"],"picked":"Bloodletting","floor":3},{"not_picked":["Sentinel","Clash"],"picked":"Burning Pact","floor":5},{"not_picked":["Heavy Blade","True Grit"],"picked":"Combust","floor":7},{"not_picked":["Limit Break","Burning Pact"],"picked":"Uppercut","floor":8},{"not_picked":["Pommel Strike","Battle Trance"],"picked":"Twin Strike","floor":11},{"not_picked":["Clothesline","Havoc","Entrench"],"picked":"SKIP","floor":14}],"player_experience":1107278,"relics_obtained":[{"floor":8,"key":"Pen Nib"},{"floor":9,"key":"Paper Frog"},{"floor":14,"key":"Shovel"},{"floor":15,"key":"War Paint"}],"event_choices":[{"damage_healed":0,"gold_gain":0,"player_choice":"Forge","damage_taken":0,"max_hp_gain":0,"max_hp_loss":0,"event_name":"Accursed Blacksmith","floor":4,"gold_loss":0,"cards_upgraded":["Bash"]},{"damage_healed":0,"gold_gain":0,"player_choice":"Donut","damage_taken":0,"max_hp_gain":5,"max_hp_loss":0,"event_name":"Big Fish","floor":12,"gold_loss":0},{"cards_removed":["Strike_R"],"damage_healed":0,"gold_gain":0,"player_choice":"Card Removal","damage_taken":0,"max_hp_gain":0,"max_hp_loss":0,"event_name":"The Cleric","floor":13,"gold_loss":75}],"is_beta":false,"boss_relics":[],"items_purged_floors":[2],"is_endless":false,"potions_floor_spawned":[3,5,8,11],"killed_by":"Hexaghost","ascension_level":20}