{"path_per_floor":["M","?","?","$","M","R","E","R","T","E","M","M","?","$","R","B",null,"M","M","?","$","M","E","M","?","T","E","M","M","E","M","R","B",null,"M","?","$","M","?","E","?","R","T","E","$","R","E","M","R","B"],"character_chosen":"IRONCLAD","items_purchased":["Block Potion","Block Potion","Swift Strike","Strength Potion"],"gold_per_floor":[109,109,109,34,47,47,80,80,80,110,121,134,134,134,134,232,232,251,267,267,115,126,159,178,178,201,226,241,252,282,295,295,393,393,406,406,93,108,159,186,0,0,0,34,34,34,66,84,84,84],"floor_reached":51,"campfire_rested":1,"playtime":3302,"current_hp_per_floor":[88,88,88,88,83,83,61,61,61,53,54,60,60,60,60,43,88,80,82,82,82,80,52,57,57,57,60,64,66,59,62,62,62,88,75,75,75,79,76,62,62,62,69,68,68,68,64,58,86,62],"items_purged":["Defend_R","Decay","Bash"],"gold":84,"play_id":"08dc9042-7a33-458d-b83e-449f26848f6b","is_prod":false,"is_daily":false,"campfire_rituals":0,"campfire_upgraded":6,"is_hardmode":false,"path_taken":["M","?","?","$","M","R","E","R","T","E","M","M","?","$","R","BOSS","M","M","?","$","M","E","M","?","T","E","M","M","E","M","R","BOSS","M","?","$","M","?","E","?","R","T","E","$","R","E","M","R","BOSS"],"build_version":"2018-01-18-PROD4","purchased_purges":5,"victory":true,"master_deck":["Strike_R","Strike_R","Strike_R","Strike_R","Strike_R","Defend_R","Defend_R","Dual Wield","Whirlwind","Spot Weakness","Flame Barrier","Perfected Strike","Limit Break","Wild Strike","Perfected Strike","Pommel Strike","Wild Strike","Perfected Strike","Swift Strike","Perfected Strike"],"max_hp_per_floor":[88,88,88,88,88,88,88,88,88,88,88,88,88,88,88,88,88,88,88,88,88,88,88,88,88,88,88,88,88,88,88,88,88,88,88,88,88,88,88,88,88,88,95,95,95,95,95,95,95,95],"relics":["Burning Blood","Meat on the Bone","Mercury Hourglass","Orichalcum","Mark of Pain","Pen Nib","Molten Egg","Bottled Flame","Toxic Egg","Lizard Tail","Champion Belt","Ancient Tea Set","Red Mask","Strawberry","Bag of Preparation","Gremlin Horn"],"campfire_meditates":0,"card_choices":[{"not_picked":["Wild Strike","Pommel Strike"],"picked":"Dual Wield"},{"not_picked":["Thunderclap","Second Wind"],"picked":"Spot Weakness"},{"not_picked":["True Grit","Flex"],"picked":"Flame Barrier"},{"not_picked":["Inflame","Battle Trance"],"picked":"Perfected Strike"},{"not_picked":["Reaper","Fiend Fire"],"picked":"Limit Break"},{"not_picked":["Fire Breathing","Uppercut"],"picked":"Wild Strike"},{"not_picked":["Warcry","Shrug It Off"],"picked":"Perfected Strike"},{"not_picked":["Searing Blow","Power Through"],"picked":"Pommel Strike"},{"not_picked":["Feel No Pain","Reckless Charge"],"picked":"Wild Strike"},{"not_picked":["True Grit","Shrug It Off"],"picked":"Perfected Strike"},{"not_picked":["Armaments","Clothesline"],"picked":"Thunderclap"},{"not_picked":["Havoc","Warcry"],"picked":"Perfected Strike"}],"player_experience":78518,"potions_floor_usage":[10,16,23,27,33,35,35,40,50,50,50],"damage_taken":[{"damage":4,"enemies":"2 Louse","floor":1,"turns":3},{"damage":11,"enemies":"Blue Slaver","floor":5,"turns":4},{"damage":28,"enemies":"Gremlin Nob","floor":7,"turns":4},{"damage":26,"enemies":"Lagavulin","floor":10,"turns":4},{"damage":5,"enemies":"Jaw Worm","floor":11,"turns":2},{"damage":0,"enemies":"2 Fungi Beasts","floor":12,"turns":1},{"damage":35,"enemies":"The Guardian","floor":16,"turns":9},{"damage":14,"enemies":"2 Thieves","floor":18,"turns":2},{"damage":4,"enemies":"Shell Parasite","floor":19,"turns":3},{"damage":8,"enemies":"Centurion and Healer","floor":22,"turns":3},{"damage":34,"enemies":"Book of Stabbing","floor":23,"turns":5},{"damage":13,"enemies":"Chosen and Byrds","floor":24,"turns":5},{"damage":3,"enemies":"Gremlin Leader","floor":27,"turns":4},{"damage":2,"enemies":"Snecko","floor":28,"turns":3},{"damage":4,"enemies":"Sentry and Sphere","floor":29,"turns":3},{"damage":25,"enemies":"Book of Stabbing","floor":30,"turns":4},{"damage":15,"enemies":"Snake Plant","floor":31,"turns":2},{"damage":18,"enemies":"Collector","floor":33,"turns":5},{"damage":19,"enemies":"3 Shapes","floor":35,"turns":2},{"damage":2,"enemies":"3 Darklings","floor":38,"turns":3},{"damage":9,"enemies":"Mysterious Sphere","floor":39,"turns":2},{"damage":32,"enemies":"Nemesis","floor":40,"turns":4},{"damage":7,"enemies":"2 Orb Walkers","floor":44,"turns":3},{"damage":22,"enemies":"Nemesis","floor":47,"turns":4},{"damage":24,"enemies":"4 Shapes","floor":48,"turns":1},{"damage":30,"enemies":"Donu and Deca","floor":50,"turns":5}],"event_choices":[{"event_name":"Transmorgrifier","player_choice":"Transform","floor":2,"damage_taken":0},{"event_name":"Accursed Blacksmith","player_choice":"Forge","floor":3,"damage_taken":0},{"event_name":"Golden Idol","player_choice":"Ignored","floor":13,"damage_taken":0},{"event_name":"Wheel of Change","player_choice":"Curse","floor":20,"damage_taken":0},{"event_name":"Back to Basics","player_choice":"Simplicity","floor":25,"damage_taken":0},{"event_name":"Mysterious Sphere","player_choice":"Fight","floor":39,"damage_taken":0},{"event_name":"Tomb of Lord Red Mask","player_choice":"Paid","floor":41,"damage_taken":0}],"boss_relics":[{"not_picked":["White Beast Statue","Runic Pyramid"],"picked":"Mark of Pain"},{"not_picked":["Snecko Eye","Philosopher\u0027s Stone"],"picked":"Lizard Tail"}],"potions_floor_spawned":[5,7,12,19,24,27,29,31,33,38,39,47],"seed_played":"1853486447211512698","is_trial":false}