{"path_per_floor":["M","M","$","?","M","R","M","R","T","?","R","?","T","?","R"],"character_chosen":"IRONCLAD","items_purchased":["Corruption"],"gold_per_floor":[111,121,43,218,229,229,241,241,241,241,241,241,290,540,540,540],"floor_reached":16,"campfire_rested":0,"playtime":532,"current_hp_per_floor":[80,80,80,80,79,79,63,63,63,51,51,51,51,57,57,0],"items_purged":[],"gold":540,"score":88,"play_id":"f1f6ed06-795b-488f-817f-09f8b0fa61fa","local_time":"20180519165741","is_prod":false,"is_daily":false,"chose_seed":false,"is_ascension_mode":false,"campfire_upgraded":4,"timestamp":1526745461,"campfire_choices":[{"data":"Shrug It Off","floor":6,"key":"SMITH"},{"data":"Perfected Strike","floor":8,"key":"SMITH"},{"data":"Corruption","floor":11,"key":"SMITH"},{"data":"Rupture","floor":15,"key":"SMITH"}],"path_taken":["M","M","$","?","M","R","M","R","T","?","R","?","?","?","R","BOSS"],"build_version":"2018-05-17","seed_source_timestamp":167624597018218,"purchased_purges":0,"victory":false,"master_deck":["Strike_R","Strike_R","Strike_R","Strike_R","Strike_R","Defend_R","Defend_R","Defend_R","Defend_R","Bash","Shrug It Off+1","Rupture+1","Corruption+1","Doubt","Battle Trance","Perfected Strike+1","Regret"],"max_hp_per_floor":[80,80,80,80,80,80,80,80,80,80,80,80,80,86,86,86],"relics":["Burning Blood","Darkstone Periapt","Gremlin Horn","Bronze Scales"],"card_choices":[{"not_picked":["Headbutt","Perfected Strike"],"picked":"Shrug It Off","floor":1},{"not_picked":["Body Slam","Twin Strike"],"picked":"Rupture","floor":2},{"not_picked":["Ghostly Armor","Headbutt"],"picked":"Battle Trance","floor":5},{"not_picked":["Heavy Blade","Twin Strike"],"picked":"Perfected Strike","floor":7}],"player_experience":322840,"potions_floor_usage":[16,16],"damage_taken":[{"damage":6,"enemies":"Jaw Worm","floor":1,"turns":4},{"damage":0,"enemies":"2 Louse","floor":2,"turns":3},{"damage":7,"enemies":"Small Slimes","floor":5,"turns":4},{"damage":22,"enemies":"Red Slaver","floor":7,"turns":6},{"damage":61,"enemies":"The Guardian","floor":16,"turns":10}],"relics_obtained":[{"floor":9,"key":"Darkstone Periapt"},{"floor":13,"key":"Bronze Scales"}],"event_choices":[{"event_name":"Liars Game","player_choice":"agreed","floor":4,"damage_taken":0},{"event_name":"Scrap Ooze","player_choice":"success","floor":10,"damage_taken":12},{"event_name":"The Lab","player_choice":"Got Potions","floor":12,"damage_taken":0},{"event_name":"Golden Shrine","player_choice":"Desecrate","floor":14,"damage_taken":0}],"boss_relics":[],"potions_floor_spawned":[5,7],"seed_played":"-8182676103937714185","killed_by":"The Guardian","ascension_level":0,"potions_obtained":[{"floor":5,"key":"Energy Potion"},{"floor":7,"key":"EssenceOfSteel"},{"floor":12,"key":"Explosive Potion"}],"is_trial":false}