{"gold_per_floor":[117,117,117,117,134,134,166,166,191,191,210,238,250,250],"floor_reached":14,"playtime":239,"items_purged":[],"score":246,"play_id":"d8d2a1f7-c2ec-4b65-a40b-0e928e8147fd","local_time":"20190625190424","is_ascension_mode":true,"campfire_choices":[{"data":"Defragment","floor":6,"key":"SMITH"}],"neow_cost":"NONE","seed_source_timestamp":1038296199032653,"circlet_count":0,"master_deck":["AscendersBane","Strike_B","Strike_B","Defend_B","Defend_B","Defend_B","Zap","Dualcast","Defragment+1","Hologram","Streamline","White Noise","Sweeping Beam","Recycle","Self Repair"],"relics":["Cracked Core","NeowsBlessing","Centennial Puzzle","Thread and Needle","Anchor","StoneCalendar"],"potions_floor_usage":[12],"damage_taken":[{"damage":0,"enemies":"2 Louse","floor":1,"turns":1},{"damage":0,"enemies":"Jaw Worm","floor":5,"turns":1},{"damage":0,"enemies":"3 Sentries","floor":7,"turns":1},{"damage":0,"enemies":"Cultist","floor":11,"turns":4},{"damage":16,"enemies":"Gremlin Nob","floor":12,"turns":4},{"damage":3,"enemies":"Large Slime","floor":13,"turns":4},{"damage":3,"enemies":"3 Sentries","floor":14,"turns":2}],"seed_played":"-6229752913106071797","potions_obtained":[{"floor":4,"key":"LiquidBronze"},{"floor":4,"key":"FearPotion"},{"floor":11,"key":"SkillPotion"}],"is_trial":false,"path_per_floor":["M","?","?","?","M","R","E","?","T","?","M","E","M","E"],"character_chosen":"DEFECT","items_purchased":[],"campfire_rested":0,"item_purchase_floors":[],"current_hp_per_floor":[64,57,22,22,22,22,22,22,22,22,22,6,3,0],"gold":250,"neow_bonus":"THREE_ENEMY_KILL","is_prod":false,"is_daily":false,"chose_seed":false,"campfire_upgraded":1,"win_rate":0,"timestamp":1561482264,"path_taken":["M","?","?","?","?","R","E","?","T","?","M","E","?","E"],"build_version":"2019-01-23","purchased_purges":0,"victory":false,"max_hp_per_floor":[71,71,71,71,71,71,71,71,71,71,71,71,71,71],"card_choices":[{"not_picked":["Cold Snap","Loop"],"picked":"Defragment","floor":1},{"not_picked":["Scrape","Turbo"],"picked":"Hologram","floor":5},{"not_picked":["Leap","Hologram"],"picked":"Streamline","floor":7},{"not_picked":["Compile Driver","Beam Cell"],"picked":"Sweeping Beam","floor":11},{"not_picked":["Thunder Strike","Streamline"],"picked":"Recycle","floor":12},{"not_picked":["Beam Cell","Ball Lightning"],"picked":"Self Repair","floor":13}],"player_experience":853944,"relics_obtained":[{"floor":7,"key":"Thread and Needle"},{"floor":9,"key":"Anchor"},{"floor":12,"key":"StoneCalendar"}],"event_choices":[{"cards_removed":["Strike_B"],"damage_healed":0,"gold_gain":0,"player_choice":"Card Removal","damage_taken":7,"max_hp_gain":0,"max_hp_loss":0,"event_name":"Golden Wing","floor":2,"gold_loss":0},{"damage_healed":0,"gold_gain":0,"player_choice":"Success","damage_taken":35,"relics_obtained":["Centennial Puzzle"],"max_hp_gain":0,"max_hp_loss":0,"event_name":"Scrap Ooze","floor":3,"gold_loss":0},{"damage_healed":0,"gold_gain":0,"player_choice":"Got Potions","damage_taken":0,"max_hp_gain":0,"max_hp_loss":0,"event_name":"Lab","floor":4,"gold_loss":0},{"damage_healed":0,"gold_gain":0,"cards_transformed":["Strike_B"],"player_choice":"Change","damage_taken":0,"max_hp_gain":0,"max_hp_loss":0,"event_name":"Living Wall","floor":8,"gold_loss":0,"cards_obtained":["White Noise"]},{"cards_removed":["Defend_B"],"damage_healed":0,"gold_gain":0,"player_choice":"Purged","damage_taken":0,"max_hp_gain":0,"max_hp_loss":0,"event_name":"Purifier","floor":10,"gold_loss":0}],"is_beta":false,"boss_relics":[],"items_purged_floors":[],"is_endless":false,"potions_floor_spawned":[5,11],"killed_by":"3 Sentries","ascension_level":20}