{"gold_per_floor":[110,127,127,127,45,45,62,74,74,92,122,43,56,67,67,143,143,159,178,191,191,116,116,116,116,116,116],"floor_reached":27,"playtime":1441,"items_purged":["Writhe"],"score":430,"play_id":"574a9718-0840-4838-b449-eefce1ee329f","local_time":"20190115230230","is_ascension_mode":true,"campfire_choices":[{"data":"Body Slam","floor":6.0,"key":"SMITH"},{"floor":15.0,"key":"REST"},{"floor":23.0,"key":"REST"},{"data":"Anger","floor":25.0,"key":"SMITH"}],"neow_cost":"NONE","seed_source_timestamp":533053655211905,"circlet_count":0,"master_deck":["AscendersBane","Strike_R","Strike_R","Defend_R","Defend_R","Defend_R","Defend_R","Bash","Berserk+1","Body Slam+1","Evolve","Ghostly Armor","Clothesline","Shrug It Off","Pommel Strike","Pummel","Thunderclap","Anger+1","Impervious","Shrug It Off","Headbutt","Impervious","Shrug It Off","Disarm","Battle Trance"],"special_seed":0,"relics":["Burning Blood","Paper Frog","Torii","Sozu","Blue Candle","Matryoshka"],"potions_floor_usage":[],"damage_taken":[{"damage":7.0,"enemies":"Small Slimes","floor":1.0,"turns":4.0},{"damage":3.0,"enemies":"2 Louse","floor":2.0,"turns":3.0},{"damage":8.0,"enemies":"Jaw Worm","floor":7.0,"turns":6.0},{"damage":8.0,"enemies":"Exordium Thugs","floor":8.0,"turns":4.0},{"damage":16.0,"enemies":"Looter","floor":10.0,"turns":3.0},{"damage":47.0,"enemies":"3 Sentries","floor":11.0,"turns":10.0},{"damage":0.0,"enemies":"Blue Slaver","floor":13.0,"turns":3.0},{"damage":1.0,"enemies":"Exordium Thugs","floor":14.0,"turns":5.0},{"damage":14.0,"enemies":"The Guardian","floor":16.0,"turns":11.0},{"damage":7.0,"enemies":"Spheric Guardian","floor":18.0,"turns":6.0},{"damage":10.0,"enemies":"Chosen","floor":19.0,"turns":5.0},{"damage":29.0,"enemies":"Snake Plant","floor":20.0,"turns":7.0},{"damage":59,"enemies":"Slavers","floor":27,"turns":5}],"seed_played":"2159236379466188880","potions_obtained":[{"floor":7.0,"key":"AttackPotion"},{"floor":8.0,"key":"LiquidBronze"},{"floor":10.0,"key":"Ancient Potion"}],"is_trial":false,"path_per_floor":["M","M","?","?","$","R","M","M","T","M","E","$","M","M","R","B",null,"M","M","M","?","$","R","?","R","T","E"],"character_chosen":"IRONCLAD","items_purchased":["Clothesline","Shrug It Off","Impervious"],"campfire_rested":2,"item_purchase_floors":[5,5,12],"current_hp_per_floor":[67,70,63,63,63,63,61,59,59,49,8,8,14,19,41,33,65,64,60,37,37,37,59,59,59,59,0],"gold":116,"neow_bonus":"TRANSFORM_CARD","is_prod":false,"is_daily":false,"chose_seed":false,"campfire_upgraded":2,"win_rate":0,"timestamp":1547589750,"path_taken":["M","M","?","?","$","R","M","M","T","M","E","?","?","M","R","BOSS","M","M","M","?","$","R","?","R","T","E"],"build_version":"2019-01-10","purchased_purges":1,"victory":false,"max_hp_per_floor":[75,75,75,75,75,75,75,75,75,75,75,75,75,75,75,75,75,75,75,75,75,75,75,75,75,75,75],"card_choices":[{"not_picked":["Heavy Blade","Rupture"],"picked":"Body Slam","floor":1.0},{"not_picked":["True Grit","Searing Blow"],"picked":"Evolve","floor":2.0},{"not_picked":["Rage","Clothesline"],"picked":"Pommel Strike","floor":7.0},{"not_picked":["Sentinel","Heavy Blade"],"picked":"Pummel","floor":8.0},{"not_picked":["Havoc","Clash"],"picked":"Thunderclap","floor":10.0},{"not_picked":["Bludgeon","Bloodletting"],"picked":"Anger","floor":11.0},{"not_picked":["Warcry","Heavy Blade"],"picked":"Shrug It Off","floor":13.0},{"not_picked":["Clothesline","Bloodletting"],"picked":"Headbutt","floor":14.0},{"not_picked":["Feed","Limit Break"],"picked":"Impervious","floor":16.0},{"not_picked":["Clothesline","Pommel Strike"],"picked":"Shrug It Off","floor":18.0},{"not_picked":["Cleave","Wild Strike"],"picked":"Disarm","floor":19.0},{"not_picked":["Cleave","Anger+1"],"picked":"Battle Trance","floor":20.0}],"player_experience":600146,"relics_obtained":[{"floor":9.0,"key":"Paper Frog"},{"floor":11.0,"key":"Torii"},{"floor":26.0,"key":"Matryoshka"}],"event_choices":[{"cards_removed":["Strike_R"],"damage_healed":0.0,"max_hp_gain":0.0,"max_hp_loss":0.0,"gold_gain":0.0,"event_name":"Golden Wing","player_choice":"Card Removal","floor":3.0,"gold_loss":0.0,"damage_taken":7.0},{"damage_healed":0.0,"max_hp_gain":0.0,"max_hp_loss":0.0,"gold_gain":0.0,"cards_transformed":["Strike_R"],"event_name":"Living Wall","player_choice":"Change","floor":4.0,"gold_loss":0.0,"damage_taken":0.0,"cards_obtained":["Ghostly Armor"]},{"damage_healed":0.0,"max_hp_gain":0.0,"max_hp_loss":0.0,"gold_gain":0.0,"event_name":"The Mausoleum","player_choice":"Opened","floor":21.0,"gold_loss":0.0,"damage_taken":0.0,"relics_obtained":["Blue Candle"],"cards_obtained":["Writhe"]},{"damage_healed":0.0,"max_hp_gain":0.0,"max_hp_loss":0.0,"gold_gain":0.0,"event_name":"Upgrade Shrine","player_choice":"Upgraded","floor":24.0,"gold_loss":0.0,"damage_taken":0.0,"cards_upgraded":["Berserk"]}],"is_beta":false,"boss_relics":[{"not_picked":["Eternal Feather","Ectoplasm"],"picked":"Sozu"}],"items_purged_floors":[22],"is_endless":false,"potions_floor_spawned":[7,8,10,20],"killed_by":"Slavers","ascension_level":20}