{"gold_per_floor":[117,117,131,0,0,34,49,49,76,90,117,137,137,156,156,229,229,241,8,8,19,34,34,63,63,89,89,103,103],"floor_reached":29,"playtime":1063,"items_purged":["Strike_R","Combust"],"score":557,"play_id":"1386b53d-52b6-4ef8-9090-ecbcb25ff4f6","local_time":"20190814205336","is_ascension_mode":true,"campfire_choices":[{"data":"Whirlwind","floor":8,"key":"SMITH"},{"data":"Inflame","floor":13,"key":"SMITH"},{"data":"Feel No Pain","floor":15,"key":"SMITH"},{"data":"Armaments","floor":23,"key":"SMITH"},{"floor":25,"key":"REST"}],"neow_cost":"NONE","seed_source_timestamp":56549016774400,"circlet_count":0,"master_deck":["AscendersBane","Body Slam","True Grit+1","Clothesline","Whirlwind+1","Anger+1","Barricade","Feel No Pain+1","Inflame+1","Iron Wave","Reaper","Spot Weakness","Clash","Uppercut","Armaments+1","Second Wind","Power Through","Clash","Entrench","Flex","Shrug It Off","Ghostly","Ghostly","Ghostly","True Grit","Clash+1","Clash","Rampage"],"relics":["Burning Blood","NeowsBlessing","Centennial Puzzle","PreservedInsect","Whetstone","Pandora\u0027s Box","Frozen Egg 2","Dream Catcher"],"potions_floor_usage":[10,11,18,22,24,29,29],"damage_taken":[{"damage":0,"enemies":"Cultist","floor":1,"turns":1},{"damage":0,"enemies":"Small Slimes","floor":3,"turns":1},{"damage":0,"enemies":"Lagavulin","floor":6,"turns":1},{"damage":5,"enemies":"2 Louse","floor":7,"turns":3},{"damage":19,"enemies":"Exordium Thugs","floor":10,"turns":5},{"damage":6,"enemies":"Gremlin Nob","floor":11,"turns":3},{"damage":11,"enemies":"Looter","floor":12,"turns":3},{"damage":5,"enemies":"Gremlin Gang","floor":14,"turns":3},{"damage":40,"enemies":"The Guardian","floor":16,"turns":14},{"damage":17,"enemies":"Shell Parasite","floor":18,"turns":5},{"damage":23,"enemies":"Spheric Guardian","floor":21,"turns":7},{"damage":7,"enemies":"Snecko","floor":22,"turns":5},{"damage":31,"enemies":"Book of Stabbing","floor":24,"turns":6},{"damage":13,"enemies":"Centurion and Healer","floor":28,"turns":10},{"damage":24,"enemies":"Gremlin Leader","floor":29,"turns":5}],"seed_played":"117201896015658476","potions_obtained":[{"floor":3,"key":"Energy Potion"},{"floor":10,"key":"Energy Potion"},{"floor":11,"key":"Fire Potion"},{"floor":21,"key":"Regen Potion"},{"floor":24,"key":"PowerPotion"},{"floor":28,"key":"FearPotion"}],"is_trial":false,"path_per_floor":["M","$","M","$","?","E","M","R","T","M","E","M","R","M","R","B",null,"M","$","?","M","M","R","E","R","T","?","M","E"],"character_chosen":"IRONCLAD","items_purchased":["Clothesline","Flex","Shrug It Off","Strength Potion"],"campfire_rested":1,"item_purchase_floors":[4,19,19,19],"current_hp_per_floor":[74,74,75,75,75,75,75,75,75,62,62,57,57,58,58,24,62,51,51,37,20,33,33,8,19,19,19,20,0],"gold":103,"neow_bonus":"THREE_ENEMY_KILL","is_prod":false,"is_daily":false,"chose_seed":false,"campfire_upgraded":4,"win_rate":0,"timestamp":1565808816,"path_taken":["M","$","M","$","?","E","M","R","T","M","E","M","R","M","R","BOSS","M","$","?","M","M","R","E","R","T","?","M","E"],"build_version":"2019-07-17","purchased_purges":2,"victory":false,"max_hp_per_floor":[75,75,75,75,75,75,75,75,75,75,75,75,75,75,75,75,75,75,75,37,37,37,37,37,37,37,37,37,37],"card_choices":[{"not_picked":["Shrug It Off","Cleave"],"picked":"Body Slam","floor":1},{"not_picked":["Shockwave","Perfected Strike"],"picked":"True Grit","floor":3},{"not_picked":["Anger","Wild Strike"],"picked":"Whirlwind","floor":6},{"not_picked":["Perfected Strike","Metallicize"],"picked":"Anger","floor":7},{"not_picked":["Sword Boomerang","Disarm"],"picked":"Barricade","floor":10},{"not_picked":["Hemokinesis","Body Slam"],"picked":"Feel No Pain","floor":11},{"not_picked":["Thunderclap","Shrug It Off"],"picked":"Inflame","floor":12},{"not_picked":["Sword Boomerang","Wild Strike"],"picked":"Iron Wave","floor":14},{"not_picked":["Barricade","Exhume"],"picked":"Reaper","floor":16},{"not_picked":["True Grit","Pommel Strike"],"picked":"Entrench","floor":18},{"not_picked":["Warcry","Thunderclap"],"picked":"True Grit","floor":21},{"not_picked":["Iron Wave","Clothesline+1"],"picked":"Clash+1","floor":22},{"not_picked":["Clothesline","Body Slam"],"picked":"Clash","floor":24},{"not_picked":["Anger","Havoc"],"picked":"Rampage","floor":28}],"player_experience":1896050,"relics_obtained":[{"floor":6,"key":"Centennial Puzzle"},{"floor":9,"key":"PreservedInsect"},{"floor":11,"key":"Whetstone"},{"floor":24,"key":"Frozen Egg 2"},{"floor":26,"key":"Dream Catcher"}],"event_choices":[{"damage_healed":0,"gold_gain":0,"player_choice":"Grow","damage_taken":0,"max_hp_gain":0,"max_hp_loss":0,"event_name":"Living Wall","floor":5,"gold_loss":0,"cards_upgraded":["True Grit"]},{"damage_healed":0,"gold_gain":0,"player_choice":"Became a Ghost","damage_taken":0,"max_hp_gain":0,"max_hp_loss":38,"event_name":"Ghosts","floor":20,"gold_loss":0,"cards_obtained":["Ghostly","Ghostly","Ghostly"]},{"cards_removed":["Bash"],"damage_healed":0,"gold_gain":0,"player_choice":"Offered Basic","damage_taken":0,"max_hp_gain":0,"max_hp_loss":0,"event_name":"Bonfire Elementals","floor":27,"gold_loss":0}],"is_beta":false,"boss_relics":[{"not_picked":["Coffee Dripper","Cursed Key"],"picked":"Pandora\u0027s Box"}],"items_purged_floors":[4,19],"is_endless":false,"potions_floor_spawned":[3,10,11,21,24,28],"killed_by":"Gremlin Leader","ascension_level":18}