{"gold_per_floor":[114,114,130,146,160,160,180,180,206,233,233,233,18,29,29,127,127,95,10,24,42,42,42,55,55,108,108,8,19,19,38,38,38],"floor_reached":33,"playtime":2215,"items_purged":["Strike_G","Strike_G"],"score":398,"play_id":"fc5d7e92-2c15-4fcf-b896-9baaa0b08a74","local_time":"20190224181239","is_ascension_mode":true,"campfire_choices":[{"data":"Neutralize","floor":6,"key":"SMITH"},{"data":"Catalyst","floor":8,"key":"SMITH"},{"data":"Deadly Poison","floor":12,"key":"SMITH"},{"floor":15,"key":"REST"},{"data":"Envenom","floor":23,"key":"SMITH"},{"data":"Skewer","floor":25,"key":"SMITH"},{"data":"Riddle With Holes","floor":27,"key":"SMITH"},{"floor":32,"key":"REST"}],"neow_cost":"NONE","seed_source_timestamp":396211373696900,"circlet_count":0,"master_deck":["AscendersBane","Defend_G+1","Defend_G","Defend_G","Defend_G","Defend_G","Strike_G","Strike_G+1","Survivor","Neutralize+1","Riddle With Holes+1","Deadly Poison+1","Dodge and Roll","Catalyst+1","Leg Sweep","Well Laid Plans","Dash","Finisher","Envenom+1","Skewer+1","Predator","Poisoned Stab","Quick Slash"],"relics":["Velvet Choker","Strawberry","Anchor","Busted Crown","Centennial Puzzle","PreservedInsect","Turnip"],"potions_floor_usage":[14,16,18,21,29,29,33],"damage_taken":[{"damage":4,"enemies":"Jaw Worm","floor":1,"turns":4},{"damage":4,"enemies":"Cultist","floor":3,"turns":3},{"damage":0,"enemies":"2 Louse","floor":4,"turns":2},{"damage":4,"enemies":"Exordium Thugs","floor":5,"turns":5},{"damage":4,"enemies":"Blue Slaver","floor":7,"turns":4},{"damage":18,"enemies":"Gremlin Nob","floor":10,"turns":4},{"damage":0,"enemies":"Exordium Wildlife","floor":14,"turns":2},{"damage":6,"enemies":"Slime Boss","floor":16,"turns":7},{"damage":7,"enemies":"2 Thieves","floor":18,"turns":5},{"damage":0,"enemies":"3 Byrds","floor":20,"turns":7},{"damage":2,"enemies":"3 Cultists","floor":21,"turns":6},{"damage":12,"enemies":"Chosen and Byrds","floor":24,"turns":6},{"damage":0,"enemies":"Snake Plant","floor":29,"turns":1},{"damage":17,"enemies":"Centurion and Healer","floor":31,"turns":4},{"damage":67,"enemies":"Collector","floor":33,"turns":8}],"seed_played":"-5401836471337932258","potions_obtained":[{"floor":7,"key":"Explosive Potion"},{"floor":10,"key":"Strength Potion"},{"floor":14,"key":"GhostInAJar"},{"floor":16,"key":"Block Potion"},{"floor":18,"key":"SteroidPotion"},{"floor":24,"key":"FearPotion"},{"floor":31,"key":"Fire Potion"}],"is_trial":false,"path_per_floor":["M","?","M","M","M","R","M","R","T","E","?","R","$","M","R","B",null,"M","?","M","M","$","R","M","R","T","R","$","M","T","M","R","B"],"character_chosen":"THE_SILENT","items_purchased":["Well Laid Plans","Dash"],"campfire_rested":2,"item_purchase_floors":[13,13],"current_hp_per_floor":[59,59,55,55,51,51,47,47,54,36,21,21,21,21,44,38,67,60,60,60,58,58,58,46,46,46,46,46,46,46,29,52,0],"gold":38,"neow_bonus":"BOSS_RELIC","is_prod":false,"is_daily":false,"chose_seed":false,"campfire_upgraded":6,"win_rate":0,"timestamp":1551028359,"path_taken":["M","?","?","M","M","R","M","R","T","E","?","R","?","M","R","BOSS","M","?","M","M","$","R","M","R","T","R","$","M","?","?","R","BOSS"],"build_version":"2019-01-23","purchased_purges":2,"victory":false,"max_hp_per_floor":[70,70,70,70,70,70,70,70,77,77,77,77,77,77,77,77,77,77,77,77,77,77,77,77,77,77,77,77,77,77,77,77,77],"card_choices":[{"not_picked":["Deflect","Blade Dance"],"picked":"Riddle With Holes","floor":1},{"not_picked":["Blade Dance","Underhanded Strike","Deadly Poison"],"picked":"SKIP","floor":3},{"not_picked":["Deadly Poison","Setup"],"picked":"Dodge and Roll","floor":4},{"not_picked":["Acrobatics","Deadly Poison"],"picked":"Catalyst","floor":5},{"not_picked":["Accuracy","Heel Hook","Outmaneuver"],"picked":"SKIP","floor":7},{"not_picked":["Blur","Dodge and Roll"],"picked":"Leg Sweep","floor":10},{"not_picked":["Quick Slash","Cloak And Dagger"],"picked":"Finisher","floor":14},{"not_picked":["Bullet Time","Storm of Steel"],"picked":"Envenom","floor":16},{"not_picked":["Accuracy"],"picked":"SKIP","floor":18},{"not_picked":[],"picked":"Skewer","floor":20},{"not_picked":["Cloak And Dagger"],"picked":"SKIP","floor":21},{"not_picked":[],"picked":"Predator","floor":24},{"not_picked":[],"picked":"Poisoned Stab","floor":29},{"not_picked":[],"picked":"Quick Slash","floor":31}],"player_experience":845543,"relics_obtained":[{"floor":9,"key":"Strawberry"},{"floor":10,"key":"Anchor"},{"floor":26,"key":"PreservedInsect"},{"floor":30,"key":"Turnip"}],"event_choices":[{"damage_healed":0,"gold_gain":0,"cards_transformed":["Strike_G"],"player_choice":"Transformed","damage_taken":0,"max_hp_gain":0,"max_hp_loss":0,"event_name":"Transmorgrifier","floor":2,"gold_loss":0,"cards_obtained":["Deadly Poison"]},{"damage_healed":0,"gold_gain":0,"player_choice":"Entered Light","damage_taken":15,"max_hp_gain":0,"max_hp_loss":0,"event_name":"Shining Light","floor":11,"gold_loss":0,"cards_upgraded":["Strike_G","Defend_G"]},{"damage_healed":0,"gold_gain":0,"player_choice":"Obtained Relic","damage_taken":0,"relics_obtained":["Centennial Puzzle"],"max_hp_gain":0,"max_hp_loss":0,"event_name":"Addict","floor":19,"gold_loss":85}],"is_beta":false,"boss_relics":[{"not_picked":["Eternal Feather","Black Star"],"picked":"Busted Crown"}],"items_purged_floors":[13,28],"is_endless":false,"potions_floor_spawned":[7,10,14,16,18,24,31],"killed_by":"Collector","ascension_level":12}