{"gold_per_floor":[119,394,413,425,31,62,62,82,82,82,82,107,124,141,141,213,213,226,226,226,48,58,58,77,87,110,130,147,159,159,177,177,255,255,265,285,299,318,328,328,342,19,19,19,37,56,56,20,20,20],"floor_reached":51,"playtime":2615,"items_purged":["Regret","Strike_R"],"score":1177,"play_id":"5be123ad-76f9-4b47-813f-2a23ef655cd1","local_time":"20191009174320","is_ascension_mode":true,"campfire_choices":[{"floor":7,"key":"REST"},{"data":"Demon Form","floor":10,"key":"SMITH"},{"floor":15,"key":"REST"},{"floor":23,"key":"REST"},{"data":"Heavy Blade","floor":30,"key":"SMITH"},{"data":"Heavy Blade","floor":32,"key":"SMITH"},{"data":"Impervious","floor":40,"key":"SMITH"},{"data":"Regret","floor":44,"key":"PURGE"},{"data":"Limit Break","floor":47,"key":"SMITH"},{"data":"Shockwave","floor":49,"key":"SMITH"}],"neow_cost":"NONE","seed_source_timestamp":196428233151214,"circlet_count":0,"master_deck":["AscendersBane","Strike_R","Strike_R","Defend_R","Defend_R","Defend_R","Defend_R","Bash","Shockwave","Combust","Master of Strategy","Demon Form+1","Cleave","Heavy Blade+1","Double Tap","Shockwave","Reaper+1","Inflame","Shockwave+1","Flame Barrier","Metallicize","Heavy Blade+1","Battle Trance+1","Pummel+1","Disarm","Dark Embrace","Shrug It Off","Anger","Impervious+1","Disarm","Limit Break+1","Disarm","Inflame"],"relics":["Burning Blood","NeowsBlessing","Centennial Puzzle","Self Forming Clay","Bottled Tornado","Singing Bowl","Mark of Pain","Membership Card","MealTicket","Cursed Key","Mercury Hourglass","Whetstone","Peace Pipe"],"potions_floor_usage":[13,22,33,38,50],"damage_taken":[{"damage":0,"enemies":"Jaw Worm","floor":1,"turns":1},{"damage":0,"enemies":"Cultist","floor":3,"turns":1},{"damage":0,"enemies":"2 Louse","floor":4,"turns":2},{"damage":55,"enemies":"Lagavulin","floor":6,"turns":8},{"damage":13,"enemies":"Blue Slaver","floor":8,"turns":5},{"damage":22,"enemies":"Gremlin Nob","floor":12,"turns":5},{"damage":15,"enemies":"Lots of Slimes","floor":13,"turns":3},{"damage":0,"enemies":"Large Slime","floor":14,"turns":4},{"damage":33,"enemies":"Slime Boss","floor":16,"turns":5},{"damage":38,"enemies":"2 Thieves","floor":18,"turns":3},{"damage":49,"enemies":"Chosen","floor":22,"turns":7},{"damage":19,"enemies":"Snecko","floor":24,"turns":6},{"damage":46,"enemies":"Snake Plant","floor":25,"turns":7},{"damage":22,"enemies":"Centurion and Healer","floor":27,"turns":7},{"damage":26,"enemies":"Sentry and Sphere","floor":28,"turns":8},{"damage":12,"enemies":"Snake Plant","floor":29,"turns":4},{"damage":18,"enemies":"Cultist and Chosen","floor":31,"turns":6},{"damage":43,"enemies":"Collector","floor":33,"turns":5},{"damage":16,"enemies":"Orb Walker","floor":35,"turns":3},{"damage":30,"enemies":"3 Shapes","floor":36,"turns":13},{"damage":41,"enemies":"Jaw Worm Horde","floor":37,"turns":6},{"damage":25,"enemies":"Transient","floor":38,"turns":5},{"damage":3,"enemies":"Maw","floor":39,"turns":7},{"damage":17,"enemies":"3 Darklings","floor":41,"turns":5},{"damage":23,"enemies":"Spire Growth","floor":45,"turns":4},{"damage":9,"enemies":"Sphere and 2 Shapes","floor":46,"turns":3},{"damage":49,"enemies":"Time Eater","floor":50,"turns":5}],"seed_played":"-2588747948870208300","potions_obtained":[{"floor":1,"key":"GamblersBrew"},{"floor":12,"key":"PowerPotion"},{"floor":13,"key":"LiquidBronze"},{"floor":24,"key":"SkillPotion"},{"floor":29,"key":"Strength Potion"},{"floor":33,"key":"Fire Potion"},{"floor":35,"key":"Energy Potion"},{"floor":39,"key":"Swift Potion"},{"floor":41,"key":"PowerPotion"},{"floor":46,"key":"Energy Potion"}],"is_trial":false,"path_per_floor":["M","?","M","M","$","E","R","M","T","R","?","E","M","M","R","B",null,"M","?","?","$","M","R","M","M","T","M","M","M","R","M","R","B",null,"M","M","M","M","M","R","M","$","T","R","M","M","R","$","R","B",null],"character_chosen":"IRONCLAD","items_purchased":["Master of Strategy","Centennial Puzzle","Membership Card","Flame Barrier","Limit Break","Mercury Hourglass","Whetstone","Inflame"],"campfire_rested":3,"item_purchase_floors":[5,5,21,21,42,42,42,48],"current_hp_per_floor":[74,74,75,75,75,26,48,41,41,41,34,18,9,15,37,10,59,55,55,55,55,24,46,66,26,26,57,39,49,49,55,55,54,73,63,77,44,47,83,83,83,83,83,83,85,85,85,85,85,42],"gold":20,"neow_bonus":"THREE_ENEMY_KILL","is_prod":false,"is_daily":false,"chose_seed":false,"campfire_upgraded":6,"win_rate":0,"timestamp":1570657400,"path_taken":["M","?","M","M","?","E","R","?","T","R","?","E","M","M","R","BOSS","M","?","?","$","M","R","M","M","T","M","M","M","R","M","R","BOSS","M","M","M","M","M","R","M","$","T","R","M","M","R","?","R","BOSS"],"build_version":"2019-10-08","purchased_purges":2,"victory":true,"max_hp_per_floor":[75,75,75,75,75,75,75,75,75,75,75,75,75,75,75,75,75,75,75,75,75,75,75,77,77,77,77,79,79,79,79,79,79,79,79,79,81,81,83,83,83,83,83,83,85,85,85,85,85,85],"card_choices":[{"not_picked":["Burning Pact","Havoc"],"picked":"Shockwave","floor":1},{"not_picked":["Clothesline","Flex"],"picked":"Combust","floor":4},{"not_picked":["Shrug It Off","Armaments"],"picked":"Demon Form","floor":6},{"not_picked":["Flex","Iron Wave"],"picked":"Cleave","floor":8},{"not_picked":["Searing Blow","Twin Strike"],"picked":"Heavy Blade","floor":12},{"not_picked":["Searing Blow","Carnage"],"picked":"Double Tap","floor":13},{"not_picked":["Pommel Strike","Second Wind"],"picked":"Shockwave","floor":14},{"not_picked":["Limit Break","Barricade"],"picked":"Reaper","floor":16},{"not_picked":["Clothesline","Entrench"],"picked":"Inflame","floor":18},{"not_picked":["Armaments+1","Intimidate"],"picked":"Metallicize","floor":22},{"not_picked":["Wild Strike+1","Clash","Ghostly Armor"],"picked":"Singing Bowl","floor":24},{"not_picked":["Warcry","Twin Strike"],"picked":"Heavy Blade","floor":25},{"not_picked":["Flex","Pommel Strike"],"picked":"Battle Trance+1","floor":27},{"not_picked":["Armaments","Havoc","Barricade"],"picked":"Singing Bowl","floor":28},{"not_picked":["Shockwave","Flex"],"picked":"Pummel","floor":29},{"not_picked":["Wild Strike","Thunderclap+1"],"picked":"Disarm","floor":31},{"not_picked":["Demon Form","Juggernaut"],"picked":"Dark Embrace","floor":33},{"not_picked":["Evolve","Cleave"],"picked":"Shrug It Off","floor":35},{"not_picked":["Sword Boomerang","Combust+1"],"picked":"Anger","floor":36},{"not_picked":["Bloodletting","Cleave","Flex"],"picked":"Singing Bowl","floor":37},{"not_picked":["Rampage+1","Intimidate"],"picked":"Impervious","floor":38},{"not_picked":["Havoc","Body Slam","Twin Strike"],"picked":"Singing Bowl","floor":39},{"not_picked":["Clothesline","Sever Soul"],"picked":"Disarm","floor":41},{"not_picked":["Carnage+1","Searing Blow","Perfected Strike"],"picked":"Singing Bowl","floor":45},{"not_picked":["True Grit","Clothesline"],"picked":"Disarm","floor":46}],"player_experience":488860,"relics_obtained":[{"floor":6,"key":"Self Forming Clay"},{"floor":9,"key":"Bottled Tornado"},{"floor":12,"key":"Singing Bowl"},{"floor":26,"key":"MealTicket"},{"floor":43,"key":"Peace Pipe"}],"event_choices":[{"damage_healed":0,"gold_gain":275,"player_choice":"Desecrate","damage_taken":0,"max_hp_gain":0,"max_hp_loss":0,"event_name":"Golden Shrine","floor":2,"gold_loss":0,"cards_obtained":["Regret"]},{"cards_removed":["Strike_R"],"damage_healed":0,"gold_gain":0,"player_choice":"Card Removal","damage_taken":7,"max_hp_gain":0,"max_hp_loss":0,"event_name":"Golden Wing","floor":11,"gold_loss":0},{"damage_healed":0,"gold_gain":0,"player_choice":"Ignored","damage_taken":0,"max_hp_gain":0,"max_hp_loss":0,"event_name":"Vampires","floor":19,"gold_loss":0},{"damage_healed":0,"gold_gain":0,"cards_transformed":["Strike_R"],"player_choice":"Transformed","damage_taken":0,"max_hp_gain":0,"max_hp_loss":0,"event_name":"Transmorgrifier","floor":20,"gold_loss":0,"cards_obtained":["Shockwave"]}],"is_beta":true,"boss_relics":[{"not_picked":["Pandora\u0027s Box","Busted Crown"],"picked":"Mark of Pain"},{"not_picked":["Runic Dome","Astrolabe"],"picked":"Cursed Key"}],"items_purged_floors":[5,42],"is_endless":false,"potions_floor_spawned":[1,12,13,24,28,29,33,35,39,41,45,46],"ascension_level":15}