{"gold_per_floor":[116,129,139,149,167,192,192,192,247,279,279,312,37,67,67,67],"floor_reached":16,"playtime":587,"items_purged":[],"score":240,"play_id":"eb9df20a-6a06-4d04-b6d7-7578e4fa8e17","local_time":"20190321002402","is_ascension_mode":true,"campfire_choices":[{"floor":8.0,"key":"REST"},{"floor":11.0,"key":"REST"},{"data":"Deadly Poison","floor":15.0,"key":"SMITH"}],"neow_cost":"PERCENT_DAMAGE","seed_source_timestamp":309361636889197,"circlet_count":0,"master_deck":["AscendersBane","Defend_G","Defend_G","Defend_G","Defend_G","Defend_G","Strike_G","Strike_G","Strike_G","Strike_G","Strike_G","Survivor","Neutralize","Finisher","Infinite Blades","Endless Agony","Choke","Leg Sweep","Deadly Poison+1","Calculated Gamble","Cloak And Dagger","Caltrops","Unload","Acrobatics"],"special_seed":0,"relics":["Ring of the Snake","Pen Nib","Snake Skull","Paper Crane","Centennial Puzzle"],"potions_floor_usage":[],"damage_taken":[{"damage":2.0,"enemies":"Small Slimes","floor":1.0,"turns":5.0},{"damage":5.0,"enemies":"2 Louse","floor":2.0,"turns":3.0},{"damage":1.0,"enemies":"Jaw Worm","floor":3.0,"turns":5.0},{"damage":6.0,"enemies":"Gremlin Gang","floor":4.0,"turns":5.0},{"damage":4.0,"enemies":"Large Slime","floor":5.0,"turns":4.0},{"damage":17.0,"enemies":"Lagavulin","floor":6.0,"turns":8.0},{"damage":17.0,"enemies":"3 Sentries","floor":10.0,"turns":9.0},{"damage":16.0,"enemies":"Lagavulin","floor":12.0,"turns":6.0},{"damage":43,"enemies":"The Guardian","floor":16,"turns":11}],"seed_played":"6616547519603219452","potions_obtained":[{"floor":1.0,"key":"PowerPotion"},{"floor":2.0,"key":"Fire Potion"},{"floor":4.0,"key":"Block Potion"}],"is_trial":false,"path_per_floor":["M","M","M","M","M","E","?","R","T","E","R","E","$","?","R","B"],"character_chosen":"THE_SILENT","items_purchased":["Caltrops","Unload","Acrobatics"],"campfire_rested":2,"item_purchase_floors":[13,13,13],"current_hp_per_floor":[54,49,48,42,38,21,26,50,50,33,57,41,41,41,41,0],"gold":67,"neow_bonus":"TWENTY_PERCENT_HP_BONUS","is_prod":false,"is_daily":false,"chose_seed":false,"campfire_upgraded":1,"win_rate":0,"timestamp":1553124242,"path_taken":["M","M","M","M","M","E","?","R","T","E","R","E","$","?","R","BOSS"],"build_version":"2019-01-23","purchased_purges":0,"victory":false,"max_hp_per_floor":[78,78,78,78,78,78,83,83,83,83,83,83,83,83,83,83],"card_choices":[{"not_picked":["Underhanded Strike","Bane"],"picked":"Finisher","floor":1.0},{"not_picked":["Escape Plan","Outmaneuver"],"picked":"Infinite Blades","floor":2.0},{"not_picked":["Eviscerate","Sucker Punch"],"picked":"Endless Agony","floor":3.0},{"not_picked":["PiercingWail","Corpse Explosion"],"picked":"Choke","floor":4.0},{"not_picked":["Poisoned Stab","Outmaneuver"],"picked":"Leg Sweep","floor":5.0},{"not_picked":["Sucker Punch","Prepared"],"picked":"Deadly Poison","floor":6.0},{"not_picked":["Doppelganger","All Out Attack"],"picked":"Calculated Gamble","floor":10.0},{"not_picked":["Poisoned Stab","Dagger Spray"],"picked":"Cloak And Dagger","floor":12.0}],"player_experience":725073,"relics_obtained":[{"floor":6.0,"key":"Pen Nib"},{"floor":9.0,"key":"Snake Skull"},{"floor":10.0,"key":"Paper Crane"},{"floor":12.0,"key":"Centennial Puzzle"}],"event_choices":[{"damage_healed":0.0,"max_hp_gain":5.0,"max_hp_loss":0.0,"gold_gain":0.0,"event_name":"Big Fish","player_choice":"Donut","floor":7.0,"gold_loss":0.0,"damage_taken":0.0},{"damage_healed":0.0,"max_hp_gain":0.0,"max_hp_loss":0.0,"gold_gain":30.0,"event_name":"Dead Adventurer","player_choice":"Searched \u00272\u0027 times","floor":14.0,"gold_loss":0.0,"damage_taken":0.0}],"is_beta":false,"boss_relics":[],"items_purged_floors":[],"is_endless":false,"potions_floor_spawned":[1,2,4,5],"killed_by":"The Guardian","ascension_level":20}