{"path_per_floor":["M","M","M","M","M","R","?","R","T","?","$","?","R","E","R","B",null,"M","M","?","?","M","R","M","R","T","E","?","M","$","M","R"],"character_chosen":"IRONCLAD","items_purchased":["Double Tap","Seeing Red"],"gold_per_floor":[117,133,150,169,183,183,183,183,183,212,52,52,52,86,86,189,189,205,219,219,219,238,238,250,250,330,362,362,379,268,286,286,286],"floor_reached":33,"campfire_rested":1,"playtime":1176,"current_hp_per_floor":[72,67,72,61,60,60,53,53,53,59,59,59,59,59,59,29,72,72,72,72,72,72,72,72,72,72,72,72,58,58,49,70,0],"items_purged":["Strike_R"],"gold":286,"score":292,"play_id":"44dba9fa-bc2b-42a7-8ea1-c522e439a3ac","local_time":"20180514210754","is_prod":false,"is_daily":false,"chose_seed":false,"is_ascension_mode":false,"campfire_upgraded":1,"timestamp":1526328474,"path_taken":["M","M","M","M","?","R","?","R","T","?","$","?","R","E","R","BOSS","M","M","?","?","?","R","M","R","T","E","?","M","$","M","R","BOSS"],"build_version":"2018-05-10","seed_source_timestamp":431958568101872,"purchased_purges":1,"victory":false,"master_deck":["Strike_R","Strike_R","Strike_R","Strike_R","Defend_R","Defend_R","Defend_R","Defend_R","Bash","Whirlwind+1","Thunderclap","Spot Weakness","Ghostly Armor","Double Tap+1","Offering","Rampage","Battle Trance+1","Seeing Red"],"max_hp_per_floor":[72,72,72,72,72,72,72,72,72,72,72,72,72,72,72,72,72,72,72,72,72,72,72,72,72,72,72,72,72,72,72,72,72],"relics":["Burning Blood","Shovel","Prayer Wheel","Question Card","Bottled Flame","Odd Mushroom","Centennial Puzzle","Toolbox","Dodecahedron","Sozu","Sundial","Mummified Hand","Mercury Hourglass","Du-Vu Doll"],"card_choices":[{"not_picked":["Wild Strike","Dual Wield"],"picked":"Whirlwind","floor":1},{"not_picked":["Sentinel","Carnage"],"picked":"Thunderclap","floor":3},{"not_picked":["Headbutt","Searing Blow"],"picked":"Spot Weakness","floor":4},{"not_picked":["Perfected Strike","Havoc"],"picked":"Ghostly Armor","floor":5},{"not_picked":["Exhume","Limit Break","Immolate"],"picked":"Offering","floor":16},{"not_picked":["Rupture","Sentinel","Warcry"],"picked":"Rampage","floor":18},{"not_picked":["Shrug It Off","Havoc","Clash"],"picked":"Battle Trance","floor":29}],"player_experience":302188,"potions_floor_usage":[14,16,29,33],"damage_taken":[{"damage":6,"enemies":"Cultist","floor":1,"turns":3},{"damage":11,"enemies":"Jaw Worm","floor":2,"turns":4},{"damage":0,"enemies":"Small Slimes","floor":3,"turns":4},{"damage":17,"enemies":"3 Louse","floor":4,"turns":2},{"damage":7,"enemies":"2 Fungi Beasts","floor":5,"turns":2},{"damage":0,"enemies":"The Mushroom Lair","floor":10,"turns":1},{"damage":6,"enemies":"Gremlin Nob","floor":14,"turns":3},{"damage":36,"enemies":"The Guardian","floor":16,"turns":13},{"damage":0,"enemies":"Chosen","floor":18,"turns":3},{"damage":0,"enemies":"3 Byrds","floor":19,"turns":3},{"damage":4,"enemies":"Slaver and Parasite","floor":22,"turns":1},{"damage":4,"enemies":"Sentry and Sphere","floor":24,"turns":2},{"damage":4,"enemies":"Slavers","floor":27,"turns":1},{"damage":20,"enemies":"Centurion and Healer","floor":29,"turns":2},{"damage":15,"enemies":"Snake Plant","floor":31,"turns":2},{"damage":85,"enemies":"Champ","floor":33,"turns":5}],"event_choices":[{"event_name":"Scrap Ooze","player_choice":"success","floor":7,"damage_taken":7},{"event_name":"Mushrooms","player_choice":"Fought Mushrooms","floor":10,"damage_taken":0},{"event_name":"Living Wall","player_choice":"Grow","floor":12,"damage_taken":0},{"event_name":"The Lab","player_choice":"Got Potions","floor":20,"damage_taken":0},{"event_name":"Ghosts","player_choice":"Ignored","floor":21,"damage_taken":0},{"event_name":"Beggar","player_choice":"Ignored","floor":28,"damage_taken":0}],"boss_relics":[{"not_picked":["Eternal Feather","Lizard Tail"],"picked":"Sozu"}],"potions_floor_spawned":[1,2,10,16,18,19,24,31],"seed_played":"-5168703298461676303","killed_by":"Champ","ascension_level":0,"is_trial":false}