{"gold_per_floor":[110,110,110,110,110,139,139,165,165,200,214,234,234,252,252,329,329,341,341],"floor_reached":19,"playtime":788,"items_purged":[],"score":435,"play_id":"e413fcee-3ee1-40a6-82a7-daa93f7efa5d","local_time":"20190707224731","is_ascension_mode":true,"campfire_choices":[{"data":"Conserve Battery","floor":7,"key":"SMITH"},{"data":"Gash","floor":13,"key":"SMITH"},{"data":"Self Repair","floor":15,"key":"SMITH"}],"neow_cost":"NONE","seed_source_timestamp":134101653479900,"circlet_count":0,"master_deck":["AscendersBane","Strike_B","Strike_B","Strike_B","Strike_B","Defend_B","Defend_B","Defend_B+1","Defend_B+1","Zap+1","Dualcast","Conserve Battery+1","Beam Cell","Self Repair+1","Self Repair","Gash+1","Leap","Double Energy","Echo Form","Go for the Eyes"],"relics":["Cracked Core","NeowsBlessing","Centennial Puzzle","Gremlin Horn","Anchor","Boot","DataDisk","Sozu"],"potions_floor_usage":[10,16],"damage_taken":[{"damage":0,"enemies":"2 Louse","floor":1,"turns":1},{"damage":0,"enemies":"Gremlin Nob","floor":6,"turns":1},{"damage":0,"enemies":"3 Sentries","floor":8,"turns":1},{"damage":25,"enemies":"Lagavulin","floor":10,"turns":8},{"damage":7,"enemies":"Small Slimes","floor":11,"turns":3},{"damage":0,"enemies":"Cultist","floor":12,"turns":4},{"damage":6,"enemies":"2 Fungi Beasts","floor":14,"turns":3},{"damage":14,"enemies":"The Guardian","floor":16,"turns":15},{"damage":12,"enemies":"Shell Parasite","floor":18,"turns":6},{"damage":80,"enemies":"Masked Bandits","floor":19,"turns":4}],"seed_played":"2525849936009892523","potions_obtained":[{"floor":6,"key":"EssenceOfSteel"},{"floor":10,"key":"Dexterity Potion"}],"is_trial":false,"path_per_floor":["M","$","?","?","?","E","R","E","T","E","M","M","R","M","R","B",null,"M","?"],"character_chosen":"DEFECT","items_purchased":[],"campfire_rested":0,"item_purchase_floors":[],"current_hp_per_floor":[64,64,43,38,38,38,38,38,38,20,27,41,41,49,49,52,66,71,0],"gold":341,"neow_bonus":"THREE_ENEMY_KILL","is_prod":false,"is_daily":false,"chose_seed":false,"campfire_upgraded":3,"win_rate":0,"timestamp":1562532451,"path_taken":["M","$","?","?","?","E","R","E","T","E","?","M","R","M","R","BOSS","M","?"],"build_version":"2019-07-05","purchased_purges":0,"victory":false,"max_hp_per_floor":[71,71,71,71,71,71,71,71,71,71,71,71,71,71,71,71,71,71,71],"card_choices":[{"not_picked":["Cold Snap","Barrage"],"picked":"Conserve Battery","floor":1},{"not_picked":["Aggregate","Steam"],"picked":"Beam Cell","floor":6},{"not_picked":["Redo","Skim"],"picked":"Self Repair","floor":8},{"not_picked":["Machine Learning","Reinforced Body"],"picked":"Self Repair","floor":10},{"not_picked":["Darkness","Barrage"],"picked":"Gash","floor":11},{"not_picked":["Recycle","Storm"],"picked":"Leap","floor":12},{"not_picked":["Barrage","Reinforced Body"],"picked":"Double Energy","floor":14},{"not_picked":["Biased Cognition","Rainbow"],"picked":"Echo Form","floor":16},{"not_picked":["Steam Power","Turbo"],"picked":"Go for the Eyes","floor":18}],"player_experience":1633439,"relics_obtained":[{"floor":6,"key":"Gremlin Horn"},{"floor":8,"key":"Anchor"},{"floor":9,"key":"Boot"},{"floor":10,"key":"DataDisk"}],"event_choices":[{"damage_healed":0,"gold_gain":0,"player_choice":"Entered Light","damage_taken":21,"max_hp_gain":0,"max_hp_loss":0,"event_name":"Shining Light","floor":3,"gold_loss":0,"cards_upgraded":["Defend_B","Defend_B"]},{"damage_healed":0,"gold_gain":0,"player_choice":"Success","damage_taken":5,"relics_obtained":["Centennial Puzzle"],"max_hp_gain":0,"max_hp_loss":0,"event_name":"Scrap Ooze","floor":4,"gold_loss":0},{"damage_healed":0,"gold_gain":0,"player_choice":"Forge","damage_taken":0,"max_hp_gain":0,"max_hp_loss":0,"event_name":"Accursed Blacksmith","floor":5,"gold_loss":0,"cards_upgraded":["Zap"]},{"damage_healed":0,"gold_gain":0,"player_choice":"Fought Bandits","damage_taken":0,"max_hp_gain":0,"max_hp_loss":0,"event_name":"Masked Bandits","floor":19,"gold_loss":0}],"is_beta":false,"boss_relics":[{"not_picked":["Lizard Tail","Runic Dome"],"picked":"Sozu"}],"items_purged_floors":[],"is_endless":false,"potions_floor_spawned":[6,10],"killed_by":"Masked Bandits","ascension_level":17}