{"gold_per_floor":[168,318,318,342,267,267,311,311,380,416,431,462,462,476,476,572,572,591,604,654,12,212,212,225,225,276,276,300,320,340,365,365,365],"floor_reached":33,"playtime":1723,"items_purged":["Strike_B"],"score":559,"play_id":"8ddebd10-687f-4ea1-8410-683d98e7e699","local_time":"20181128212352","is_ascension_mode":true,"campfire_choices":[{"data":"Defragment","floor":6.0,"key":"SMITH"},{"data":"Tempest","floor":8.0,"key":"SMITH"},{"floor":13.0,"key":"REST"},{"floor":15.0,"key":"REST"},{"floor":23.0,"key":"REST"},{"floor":25.0,"key":"DIG"},{"floor":27.0,"key":"DIG"},{"floor":32,"key":"REST"}],"neow_cost":"NONE","seed_source_timestamp":0,"circlet_count":0,"master_deck":["AscendersBane","Strike_B","Strike_B","Strike_B","Defend_B","Defend_B","Defend_B+1","Defend_B+1","Zap","Dualcast","Glacier","Defragment+1","Conserve Battery","Tempest+1","Cold Snap","Redo","Loop","Glacier","Fission","Ball Lightning","Fusion","Ball Lightning","Coolheaded","Conserve Battery","Sunder","Leap+1","Auto Shields+1","Double Energy","Glacier","Melter","Biased Cognition"],"special_seed":0,"relics":["Tiny House","Golden Idol","Matryoshka","The Courier","Mercury Hourglass","Boot","Blood Vial","Orrery","Tiny Chest","Shovel","Bird Faced Urn","DataDisk","Omamori","War Paint","Smiling Mask"],"potions_floor_usage":[33],"damage_taken":[{"damage":2.0,"enemies":"Jaw Worm","floor":1.0,"turns":6.0},{"damage":5.0,"enemies":"2 Louse","floor":4.0,"turns":5.0},{"damage":22.0,"enemies":"3 Sentries","floor":7.0,"turns":14.0},{"damage":9.0,"enemies":"Lagavulin","floor":10.0,"turns":7.0},{"damage":0.0,"enemies":"Cultist","floor":11.0,"turns":3.0},{"damage":10.0,"enemies":"3 Sentries","floor":12.0,"turns":3.0},{"damage":13.0,"enemies":"3 Louse","floor":14.0,"turns":2.0},{"damage":38.0,"enemies":"Slime Boss","floor":16.0,"turns":14.0},{"damage":0.0,"enemies":"2 Thieves","floor":18.0,"turns":4.0},{"damage":31.0,"enemies":"Shell Parasite","floor":19.0,"turns":4.0},{"damage":23.0,"enemies":"Cultist and Chosen","floor":24.0,"turns":7.0},{"damage":19.0,"enemies":"Sentry and Sphere","floor":28.0,"turns":6.0},{"damage":0.0,"enemies":"3 Cultists","floor":29.0,"turns":4.0},{"damage":6.0,"enemies":"Centurion and Healer","floor":30.0,"turns":15.0},{"damage":0,"enemies":"Snecko","floor":31,"turns":5},{"damage":64,"enemies":"Champ","floor":33,"turns":17}],"seed_played":"-5671628125149503412","potions_obtained":[{"floor":0.0,"key":"Energy Potion"},{"floor":11.0,"key":"FocusPotion"},{"floor":12.0,"key":"Swift Potion"},{"floor":16.0,"key":"Block Potion"},{"floor":19.0,"key":"SteroidPotion"},{"floor":24.0,"key":"EntropicBrew"},{"floor":28.0,"key":"Explosive Potion"},{"floor":30.0,"key":"Poison Potion"}],"is_trial":false,"path_per_floor":["M","?","?","M","?","R","E","R","T","E","M","E","R","M","R","B",null,"M","M","?","$","?","R","M","R","T","R","M","M","M","M","R","B"],"character_chosen":"DEFECT","items_purchased":["Tiny Chest","Shovel","Bird Faced Urn"],"campfire_rested":4,"item_purchase_floors":[21,21,21],"current_hp_per_floor":[67,67,67,62,62,62,40,40,40,31,31,21,41,30,50,14,55,57,28,28,28,28,48,31,31,31,31,16,22,22,26,46,0],"gold":365,"neow_bonus":"BOSS_RELIC","is_prod":false,"is_daily":false,"chose_seed":false,"campfire_upgraded":2,"win_rate":0,"timestamp":1543436632,"path_taken":["M","?","?","M","?","R","E","R","T","E","M","E","R","M","R","BOSS","M","M","?","$","?","R","M","R","T","R","?","M","M","M","R","BOSS"],"build_version":"2018-11-15","purchased_purges":1,"victory":false,"max_hp_per_floor":[76,76,69,69,69,69,69,69,69,69,69,69,69,69,69,69,69,69,69,69,69,69,69,69,69,69,69,69,69,69,69,69,69],"card_choices":[{"not_picked":["Barrage","Stack"],"picked":"Glacier","floor":0.0},{"not_picked":["Undo","Cold Snap"],"picked":"Defragment","floor":1.0},{"not_picked":["Storm","Loop"],"picked":"Conserve Battery","floor":4.0},{"not_picked":["Redo","Leap"],"picked":"Tempest","floor":7.0},{"not_picked":["Rainbow","Doom and Gloom"],"picked":"Cold Snap","floor":10.0},{"not_picked":["Steam","Barrage"],"picked":"Redo","floor":11.0},{"not_picked":["Rip and Tear","Skim"],"picked":"Loop","floor":12.0},{"not_picked":["Stack","Steam"],"picked":"Glacier","floor":14.0},{"not_picked":["Reboot","Machine Learning"],"picked":"Fission","floor":16.0},{"not_picked":["Go for the Eyes","Streamline"],"picked":"Ball Lightning","floor":17.0},{"not_picked":["Steam","Leap"],"picked":"Fusion","floor":17.0},{"not_picked":["Reboot","Go for the Eyes"],"picked":"Ball Lightning","floor":17.0},{"not_picked":["White Noise","Gash"],"picked":"Coolheaded","floor":17.0},{"not_picked":["Leap","Fusion"],"picked":"Conserve Battery","floor":17.0},{"not_picked":["Streamline","Coolheaded"],"picked":"Sunder","floor":18.0},{"not_picked":["Rebound","Hologram"],"picked":"Leap","floor":19.0},{"not_picked":["Sweeping Beam+1","Rip and Tear"],"picked":"Auto Shields+1","floor":24.0},{"not_picked":["Beam Cell","White Noise"],"picked":"Double Energy","floor":28.0},{"not_picked":["Redo+1","Reinforced Body"],"picked":"Glacier","floor":29.0},{"not_picked":["Go for the Eyes","Sweeping Beam+1"],"picked":"Melter","floor":30.0},{"not_picked":["Coolheaded","Steam"],"picked":"Biased Cognition","floor":31}],"player_experience":508619,"relics_obtained":[{"floor":7.0,"key":"Matryoshka"},{"floor":9.0,"key":"The Courier"},{"floor":9.0,"key":"Mercury Hourglass"},{"floor":10.0,"key":"Boot"},{"floor":12.0,"key":"Blood Vial"},{"floor":25.0,"key":"DataDisk"},{"floor":26.0,"key":"Omamori"},{"floor":26.0,"key":"War Paint"},{"floor":27.0,"key":"Smiling Mask"}],"event_choices":[{"damage_healed":0.0,"max_hp_gain":0.0,"max_hp_loss":0.0,"gold_gain":150.0,"event_name":"Liars Game","player_choice":"AGREE","floor":2.0,"gold_loss":0.0,"damage_taken":0.0,"cards_obtained":["Doubt"]},{"damage_healed":0.0,"max_hp_gain":0.0,"max_hp_loss":7.0,"gold_gain":0.0,"event_name":"Golden Idol","player_choice":"Lose Max HP","floor":3.0,"gold_loss":0.0,"damage_taken":0.0,"relics_obtained":["Golden Idol"]},{"cards_removed":["Doubt"],"damage_healed":0.0,"max_hp_gain":0.0,"max_hp_loss":0.0,"gold_gain":0.0,"event_name":"The Cleric","player_choice":"Card Removal","floor":5.0,"gold_loss":75.0,"damage_taken":0.0},{"damage_healed":0.0,"max_hp_gain":0.0,"max_hp_loss":0.0,"gold_gain":50.0,"event_name":"Nest","player_choice":"Stole From Cult","floor":20.0,"gold_loss":0.0,"damage_taken":0.0},{"damage_healed":0.0,"max_hp_gain":0.0,"max_hp_loss":0.0,"gold_gain":200.0,"event_name":"Wheel of Change","player_choice":"Gold","floor":22.0,"gold_loss":0.0,"damage_taken":0.0}],"is_beta":false,"boss_relics":[{"not_picked":["Runic Pyramid","Velvet Choker"],"picked":"Orrery"}],"items_purged_floors":[21],"is_endless":false,"potions_floor_spawned":[11,12,16,19,24,28,30],"killed_by":"Champ","ascension_level":20}