{"gold_per_floor":[18,30,30,105,121,121,134,134,134,152,171,197,213,238,238,238],"floor_reached":16,"playtime":1723,"items_purged":[],"score":211,"play_id":"e1c4244a-1fdc-4f47-82b9-3fa68021b354","local_time":"20190704235510","is_ascension_mode":true,"campfire_choices":[{"data":"Whirlwind","floor":6,"key":"SMITH"},{"data":"Shockwave","floor":8,"key":"SMITH"},{"data":"Feel No Pain","floor":15,"key":"SMITH"}],"neow_cost":"NO_GOLD","seed_source_timestamp":1466714495925400,"circlet_count":0,"master_deck":["AscendersBane","Strike_R","Strike_R","Strike_R","Strike_R","Defend_R","Defend_R","Defend_R","Defend_R","Bash","Shockwave+1","Whirlwind+1","Pummel","Pommel Strike","Body Slam","Ghostly Armor","Entrench","Feel No Pain+1","Anger","Anger"],"relics":["Burning Blood","Magic Flower","Happy Flower","Singing Bowl","Art of War"],"potions_floor_usage":[7,11,14,14],"damage_taken":[{"damage":9,"enemies":"Jaw Worm","floor":1,"turns":5},{"damage":9,"enemies":"Cultist","floor":2,"turns":5},{"damage":0,"enemies":"Small Slimes","floor":5,"turns":2},{"damage":2,"enemies":"Looter","floor":7,"turns":3},{"damage":9,"enemies":"2 Fungi Beasts","floor":10,"turns":4},{"damage":1,"enemies":"Exordium Thugs","floor":11,"turns":4},{"damage":36,"enemies":"Gremlin Nob","floor":12,"turns":5},{"damage":8,"enemies":"3 Louse","floor":13,"turns":4},{"damage":5,"enemies":"Lagavulin","floor":14,"turns":6},{"damage":53,"enemies":"Hexaghost","floor":16,"turns":9}],"seed_played":"8796188678178719935","potions_obtained":[{"floor":1,"key":"PowerPotion"},{"floor":5,"key":"FearPotion"},{"floor":7,"key":"SkillPotion"},{"floor":11,"key":"EssenceOfSteel"}],"is_trial":false,"path_per_floor":["M","M","?","?","M","R","M","R","T","M","M","E","M","E","R","B"],"character_chosen":"IRONCLAD","items_purchased":[],"campfire_rested":0,"item_purchase_floors":[],"current_hp_per_floor":[68,68,68,57,66,66,73,73,73,73,75,48,49,53,53,0],"gold":238,"neow_bonus":"ONE_RARE_RELIC","is_prod":false,"is_daily":false,"chose_seed":false,"campfire_upgraded":3,"win_rate":0,"timestamp":1562277310,"path_taken":["M","M","?","?","?","R","M","R","T","M","M","E","M","E","R","BOSS"],"build_version":"2019-07-01","purchased_purges":0,"victory":false,"max_hp_per_floor":[75,75,75,75,75,75,75,75,75,75,75,75,75,75,75,75],"card_choices":[{"not_picked":["Power Through","Combust"],"picked":"Shockwave","floor":1},{"not_picked":["Flame Barrier","Second Wind"],"picked":"Whirlwind","floor":2},{"not_picked":["Warcry","Body Slam"],"picked":"Pommel Strike","floor":5},{"not_picked":["Heavy Blade","Clash"],"picked":"Body Slam","floor":7},{"not_picked":["Disarm","Perfected Strike"],"picked":"Ghostly Armor","floor":10},{"not_picked":["Wild Strike","Pommel Strike"],"picked":"Entrench","floor":11},{"not_picked":["Ghostly Armor","Disarm"],"picked":"Feel No Pain","floor":12},{"not_picked":["Uppercut","Thunderclap"],"picked":"Anger","floor":13},{"not_picked":["Entrench","True Grit"],"picked":"Anger","floor":14}],"player_experience":1590805,"relics_obtained":[{"floor":9,"key":"Happy Flower"},{"floor":12,"key":"Singing Bowl"},{"floor":14,"key":"Art of War"}],"event_choices":[{"damage_healed":0,"gold_gain":0,"cards_transformed":["Strike_R"],"player_choice":"Change","damage_taken":0,"max_hp_gain":0,"max_hp_loss":0,"event_name":"Living Wall","floor":3,"gold_loss":0,"cards_obtained":["Pummel"]},{"damage_healed":0,"gold_gain":75,"player_choice":"Gather Gold","damage_taken":11,"max_hp_gain":0,"max_hp_loss":0,"event_name":"World of Goop","floor":4,"gold_loss":0}],"is_beta":false,"boss_relics":[],"items_purged_floors":[],"is_endless":false,"potions_floor_spawned":[1,5,7,11],"killed_by":"Hexaghost","ascension_level":17}