{"gold_per_floor":[115,115,115,190,29,59,59,77,77,91,104,133,143,11,11,89,89,101,101,121,147,158,158,169,84,84,113,113,147,47,72,72,147,147,162,208,208],"floor_reached":37,"playtime":1515,"items_purged":["Strike_B","Strike_B"],"score":828,"play_id":"88e9d670-956f-4196-a44a-ac0e6ba7c7c6","local_time":"20190625085556","is_ascension_mode":true,"campfire_choices":[{"data":"Zap","floor":7,"key":"SMITH"},{"data":"Defragment","floor":15,"key":"SMITH"},{"floor":23,"key":"REST"},{"floor":28,"key":"REST"},{"floor":32,"key":"REST"}],"neow_cost":"NONE","seed_source_timestamp":635344020127100,"circlet_count":0,"master_deck":["AscendersBane","Defend_B","Defend_B","Defend_B","Zap+1","Dualcast","Hologram","Conserve Battery","Hologram","Consume","Doom and Gloom","Conserve Battery","Defragment+1","Buffer","Static Discharge+1","Chill","Coolheaded","Glacier","Ball Lightning+1","Chaos+1","Compile Driver+1","Echo Form","Fission","Thunder Strike+1","Echo Form+1","Streamline+1","FTL+1"],"relics":["FrozenCore","NeowsBlessing","PreservedInsect","Pocketwatch","Bag of Marbles","Lantern","Red Mask","Regal Pillow","Happy Flower","Pantograph","Molten Egg 2","Strawberry","Astrolabe","Du-Vu Doll"],"potions_floor_usage":[10,11,16,18,21,24,33,33],"damage_taken":[{"damage":0,"enemies":"2 Louse","floor":1,"turns":1},{"damage":0,"enemies":"Lagavulin","floor":6,"turns":1},{"damage":0,"enemies":"Small Slimes","floor":8,"turns":1},{"damage":0,"enemies":"Jaw Worm","floor":10,"turns":3},{"damage":1,"enemies":"Red Slaver","floor":11,"turns":4},{"damage":19,"enemies":"3 Sentries","floor":12,"turns":4},{"damage":0,"enemies":"3 Louse","floor":13,"turns":1},{"damage":19,"enemies":"The Guardian","floor":16,"turns":10},{"damage":0,"enemies":"Spheric Guardian","floor":18,"turns":7},{"damage":10,"enemies":"Colosseum Slavers","floor":19,"turns":7},{"damage":6,"enemies":"Shell Parasite","floor":20,"turns":6},{"damage":25,"enemies":"Masked Bandits","floor":21,"turns":4},{"damage":17,"enemies":"Snake Plant","floor":22,"turns":4},{"damage":6,"enemies":"Cultist and Chosen","floor":24,"turns":5},{"damage":15,"enemies":"Book of Stabbing","floor":27,"turns":5},{"damage":10,"enemies":"Slavers","floor":29,"turns":3},{"damage":10,"enemies":"Book of Stabbing","floor":31,"turns":5},{"damage":16,"enemies":"Collector","floor":33,"turns":10},{"damage":12,"enemies":"3 Darklings","floor":35,"turns":4},{"damage":86,"enemies":"2 Orb Walkers","floor":36,"turns":5},{"damage":9,"enemies":"3 Shapes","floor":37,"turns":2}],"seed_played":"3862982366143805430","potions_obtained":[{"floor":1,"key":"Block Potion"},{"floor":6,"key":"Regen Potion"},{"floor":13,"key":"SteroidPotion"},{"floor":16,"key":"SpeedPotion"},{"floor":20,"key":"EssenceOfSteel"},{"floor":22,"key":"Fire Potion"},{"floor":27,"key":"GamblersBrew"},{"floor":31,"key":"Dexterity Potion"},{"floor":33,"key":"FairyPotion"},{"floor":36,"key":"Poison Potion"}],"is_trial":false,"path_per_floor":["M","$","?","?","$","E","R","M","T","M","M","E","M","$","R","B",null,"M","?","M","?","M","R","M","?","T","E","R","E","$","E","R","B",null,"M","?","M"],"character_chosen":"DEFECT","items_purchased":["PreservedInsect","PowerPotion"],"campfire_rested":3,"item_purchase_floors":[5,14],"current_hp_per_floor":[64,64,69,58,58,58,58,58,58,58,69,50,50,50,50,31,65,65,55,49,24,7,29,23,23,23,8,45,35,35,32,71,67,79,67,8,0],"gold":208,"neow_bonus":"THREE_ENEMY_KILL","is_prod":false,"is_daily":false,"chose_seed":false,"campfire_upgraded":2,"win_rate":0,"timestamp":1561445756,"path_taken":["M","$","?","?","?","E","R","M","T","M","M","E","?","$","R","BOSS","M","?","M","?","M","R","M","?","T","E","R","E","$","E","R","BOSS","M","?","M"],"build_version":"2019-01-23","purchased_purges":2,"victory":false,"max_hp_per_floor":[71,71,76,76,76,76,76,76,76,76,76,76,76,76,76,76,76,76,76,76,76,76,76,76,76,76,76,76,76,76,83,83,83,83,83,83,83],"card_choices":[{"not_picked":["Double Energy","Rebound"],"picked":"Hologram","floor":1},{"not_picked":["Auto Shields","Streamline"],"picked":"Conserve Battery","floor":6},{"not_picked":["Rebound","Rip and Tear"],"picked":"Hologram","floor":8},{"not_picked":["Steam","Hologram"],"picked":"Consume","floor":10},{"not_picked":["Redo","Steam Power"],"picked":"Doom and Gloom","floor":11},{"not_picked":["Sweeping Beam","Barrage"],"picked":"Conserve Battery","floor":12},{"not_picked":["Fission","Aggregate"],"picked":"Defragment","floor":13},{"not_picked":["Thunder Strike","All For One"],"picked":"Buffer","floor":16},{"not_picked":["Stack","Hologram"],"picked":"Static Discharge+1","floor":18},{"not_picked":["Stack","Reprogram"],"picked":"Chill","floor":20},{"not_picked":["Force Field","Skim"],"picked":"Coolheaded","floor":21},{"not_picked":["Conserve Battery","Rip and Tear"],"picked":"Glacier","floor":22},{"not_picked":["Rebound","Reinforced Body"],"picked":"Ball Lightning+1","floor":24},{"not_picked":["Hello World","Compile Driver"],"picked":"Chaos+1","floor":27},{"not_picked":["Rebound","FTL"],"picked":"Compile Driver","floor":29},{"not_picked":["Sunder+1","Compile Driver+1"],"picked":"Echo Form","floor":31},{"not_picked":["All For One+1","Machine Learning"],"picked":"Fission","floor":33},{"not_picked":["Rip and Tear+1","Heatsinks+1"],"picked":"FTL+1","floor":35}],"player_experience":1473557,"relics_obtained":[{"floor":6,"key":"Pocketwatch"},{"floor":9,"key":"Bag of Marbles"},{"floor":12,"key":"Lantern"},{"floor":21,"key":"Red Mask"},{"floor":26,"key":"Happy Flower"},{"floor":27,"key":"Pantograph"},{"floor":29,"key":"Molten Egg 2"},{"floor":31,"key":"Strawberry"},{"floor":36,"key":"Du-Vu Doll"}],"event_choices":[{"damage_healed":0,"gold_gain":0,"player_choice":"Donut","damage_taken":0,"max_hp_gain":5,"max_hp_loss":0,"event_name":"Big Fish","floor":3,"gold_loss":0},{"damage_healed":0,"gold_gain":75,"player_choice":"Gather Gold","damage_taken":11,"max_hp_gain":0,"max_hp_loss":0,"event_name":"World of Goop","floor":4,"gold_loss":0},{"damage_healed":0,"gold_gain":0,"player_choice":"Fight","damage_taken":0,"max_hp_gain":0,"max_hp_loss":0,"event_name":"Colosseum","floor":19,"gold_loss":0},{"damage_healed":0,"gold_gain":0,"player_choice":"Fled From Nobs","damage_taken":0,"max_hp_gain":0,"max_hp_loss":0,"event_name":"Colosseum","floor":19,"gold_loss":0},{"damage_healed":0,"gold_gain":0,"player_choice":"Fought Bandits","damage_taken":0,"max_hp_gain":0,"max_hp_loss":0,"event_name":"Masked Bandits","floor":21,"gold_loss":0},{"damage_healed":0,"gold_gain":0,"player_choice":"Obtained Relic","damage_taken":0,"relics_obtained":["Regal Pillow"],"max_hp_gain":0,"max_hp_loss":0,"event_name":"Addict","floor":25,"gold_loss":85},{"damage_healed":0,"gold_gain":0,"player_choice":"Fight","damage_taken":0,"max_hp_gain":0,"max_hp_loss":0,"event_name":"Mysterious Sphere","floor":36,"gold_loss":0}],"is_beta":false,"boss_relics":[{"not_picked":["Eternal Feather","Coffee Dripper"],"picked":"FrozenCore"},{"not_picked":["Sozu","Orrery"],"picked":"Astrolabe"}],"items_purged_floors":[14,30],"is_endless":false,"potions_floor_spawned":[1,6,8,13,16,20,22,27,31,33,36],"killed_by":"3 Shapes","ascension_level":16}