{"gold_per_floor":[14,31,31,41,52,52,65,94,144,163,193,158,171,183,183,262,262,273,273,0,15,31,31,31,31],"floor_reached":25,"playtime":993,"items_purged":["Writhe"],"score":412,"play_id":"9ecc6e6b-5122-4d4a-a3e8-eef7f517d72d","local_time":"20190825232129","is_ascension_mode":true,"campfire_choices":[{"data":"Zap","floor":6,"key":"SMITH"},{"data":"Creative AI","floor":15,"key":"SMITH"},{"floor":23,"key":"REST"}],"neow_cost":"NO_GOLD","seed_source_timestamp":1015913885791500,"circlet_count":0,"master_deck":["AscendersBane","Strike_B","Strike_B","Strike_B","Strike_B","Defend_B","Defend_B","Defend_B","Defend_B","Zap+1","Dualcast","Ball Lightning","Glacier","Gash","Consume","Conserve Battery","Defragment","Creative AI+1","Gash","Hologram","Beam Cell","Biased Cognition","Genetic Algorithm","Storm","Chaos","Stack","Sunder","Leap","Doubt"],"relics":["Cracked Core","Ice Cream","Smiling Mask","Bottled Tornado","Cursed Key","Bag of Preparation","Letter Opener"],"potions_floor_usage":[5,8,8,16,16],"damage_taken":[{"damage":0,"enemies":"Cultist","floor":1,"turns":3},{"damage":4,"enemies":"Jaw Worm","floor":2,"turns":4},{"damage":0,"enemies":"Small Slimes","floor":4,"turns":2},{"damage":1,"enemies":"Exordium Thugs","floor":5,"turns":5},{"damage":8,"enemies":"2 Fungi Beasts","floor":7,"turns":3},{"damage":28,"enemies":"Gremlin Nob","floor":8,"turns":4},{"damage":0,"enemies":"Exordium Wildlife","floor":10,"turns":3},{"damage":14,"enemies":"3 Sentries","floor":11,"turns":10},{"damage":3,"enemies":"3 Louse","floor":13,"turns":3},{"damage":3,"enemies":"Blue Slaver","floor":14,"turns":3},{"damage":30,"enemies":"Slime Boss","floor":16,"turns":7},{"damage":28,"enemies":"Shell Parasite","floor":18,"turns":6},{"damage":1,"enemies":"Chosen","floor":21,"turns":5},{"damage":12,"enemies":"Centurion and Healer","floor":22,"turns":4},{"damage":50,"enemies":"Book of Stabbing","floor":25,"turns":4}],"seed_played":"-2893852912345214355","potions_obtained":[{"floor":1,"key":"FocusPotion"},{"floor":4,"key":"SpeedPotion"},{"floor":5,"key":"EssenceOfSteel"},{"floor":11,"key":"EssenceOfSteel"},{"floor":14,"key":"EssenceOfSteel"},{"floor":18,"key":"SteroidPotion"}],"is_trial":false,"path_per_floor":["M","M","$","M","M","R","M","E","T","M","E","?","M","M","R","B",null,"M","?","$","M","M","R","T","E"],"character_chosen":"DEFECT","items_purchased":["Storm","Chaos","Stack"],"campfire_rested":1,"item_purchase_floors":[20,20,20],"current_hp_per_floor":[78,74,74,74,73,73,65,37,37,37,23,44,41,38,38,8,66,38,38,38,37,25,50,50,0],"gold":31,"neow_bonus":"TWENTY_PERCENT_HP_BONUS","is_prod":false,"is_daily":false,"chose_seed":false,"campfire_upgraded":2,"win_rate":0,"timestamp":1566768089,"path_taken":["M","M","?","M","M","R","M","E","T","M","E","?","M","M","R","BOSS","M","?","$","M","M","R","?","E"],"build_version":"2019-07-17","purchased_purges":1,"victory":false,"max_hp_per_floor":[85,85,85,85,85,85,85,85,85,85,85,85,85,85,85,85,85,85,85,85,85,85,85,85,85],"card_choices":[{"not_picked":["Storm","Barrage"],"picked":"Ball Lightning","floor":1},{"not_picked":["Turbo","Hello World"],"picked":"Glacier","floor":2},{"not_picked":["Steam","Go for the Eyes"],"picked":"Gash","floor":4},{"not_picked":["Rebound","Glacier"],"picked":"Consume","floor":5},{"not_picked":["Ball Lightning","Static Discharge"],"picked":"Conserve Battery","floor":7},{"not_picked":["Streamline","Barrage"],"picked":"Defragment","floor":8},{"not_picked":["Stack","Rebound"],"picked":"Creative AI","floor":10},{"not_picked":["Sweeping Beam","Tempest"],"picked":"Gash","floor":11},{"not_picked":["Double Energy","Turbo"],"picked":"Hologram","floor":13},{"not_picked":["Steam","Streamline"],"picked":"Beam Cell","floor":14},{"not_picked":["Thunder Strike","Reboot"],"picked":"Biased Cognition","floor":16},{"not_picked":["Aggregate","Hologram"],"picked":"Genetic Algorithm","floor":18},{"not_picked":["Genetic Algorithm","Compile Driver"],"picked":"Sunder","floor":21},{"not_picked":["Rip and Tear","Turbo"],"picked":"Leap","floor":22}],"player_experience":1969404,"relics_obtained":[{"floor":8,"key":"Ice Cream"},{"floor":9,"key":"Smiling Mask"},{"floor":11,"key":"Bottled Tornado"},{"floor":24,"key":"Letter Opener"}],"event_choices":[{"damage_healed":21,"gold_gain":0,"player_choice":"Healed","damage_taken":0,"max_hp_gain":0,"max_hp_loss":0,"event_name":"The Cleric","floor":12,"gold_loss":35},{"damage_healed":0,"gold_gain":0,"player_choice":"Opened","damage_taken":0,"relics_obtained":["Bag of Preparation"],"max_hp_gain":0,"max_hp_loss":0,"event_name":"The Mausoleum","floor":19,"gold_loss":0,"cards_obtained":["Writhe"]}],"is_beta":false,"boss_relics":[{"not_picked":["Runic Dome","Calling Bell"],"picked":"Cursed Key"}],"items_purged_floors":[20],"is_endless":false,"potions_floor_spawned":[1,4,5,11,14,18],"killed_by":"Book of Stabbing","ascension_level":18}