{"gold_per_floor":[109,109,109,109,124,167,167,180,180,180,180,224,248,272,272,371,371,384,397,22,43,43,43,43,43,68,68,111,166,166,166],"floor_reached":31,"playtime":1590,"items_purged":["Writhe"],"score":595,"play_id":"d1e28c3e-f38b-4a4e-acfa-6dcc00ddddb8","local_time":"20190519222130","is_ascension_mode":true,"campfire_choices":[{"data":"Rebound","floor":7,"key":"SMITH"},{"data":"Streamline","floor":11,"key":"SMITH"},{"data":"Loop","floor":15,"key":"SMITH"},{"floor":23,"key":"REST"},{"data":"Defragment","floor":25,"key":"SMITH"},{"floor":27,"key":"REST"}],"neow_cost":"NONE","seed_source_timestamp":77015999208296,"circlet_count":0,"master_deck":["AscendersBane","Strike_B+1","Strike_B+1","Defend_B","Defend_B","Defend_B","Defend_B","Zap","Dualcast","Rebound+1","Conserve Battery","Streamline+1","Loop+1","Glacier","Doom and Gloom","Seek","Parasite","Decay","White Noise+1","Turbo","Defragment+1","Chill","All For One","Reprogram","Defragment+1"],"relics":["Cracked Core","NeowsBlessing","Golden Idol","Gremlin Horn","Mercury Hourglass","Oddly Smooth Stone","Ancient Tea Set","Calling Bell","Potion Belt","Blue Candle","Dead Branch","OrangePellets","Blood Vial","Frozen Egg 2","Tiny Chest"],"potions_floor_usage":[19,22,28],"damage_taken":[{"damage":0,"enemies":"Jaw Worm","floor":1,"turns":1},{"damage":0,"enemies":"Small Slimes","floor":5,"turns":1},{"damage":0,"enemies":"Lagavulin","floor":6,"turns":1},{"damage":0,"enemies":"2 Louse","floor":8,"turns":2},{"damage":2,"enemies":"3 Sentries","floor":12,"turns":3},{"damage":0,"enemies":"Exordium Wildlife","floor":13,"turns":2},{"damage":1,"enemies":"Blue Slaver","floor":14,"turns":3},{"damage":22,"enemies":"Hexaghost","floor":16,"turns":9},{"damage":11,"enemies":"Spheric Guardian","floor":18,"turns":6},{"damage":10,"enemies":"3 Byrds","floor":19,"turns":5},{"damage":15,"enemies":"Shelled Parasite and Fungi","floor":21,"turns":7},{"damage":13,"enemies":"Snecko","floor":22,"turns":5},{"damage":0,"enemies":"Gremlin Leader","floor":28,"turns":5},{"damage":63,"enemies":"Slavers","floor":31,"turns":3}],"seed_played":"4858875421487792486","potions_obtained":[{"floor":5,"key":"SpeedPotion"},{"floor":6,"key":"Weak Potion"},{"floor":12,"key":"SmokeBomb"},{"floor":18,"key":"Block Potion"}],"is_trial":false,"path_per_floor":["M","?","?","?","M","E","R","M","T","?","R","E","M","M","R","B",null,"M","M","$","M","M","R","?","R","T","R","E","T","?","E"],"character_chosen":"DEFECT","items_purchased":["OrangePellets","Defragment"],"campfire_rested":2,"item_purchase_floors":[20,20],"current_hp_per_floor":[64,69,69,64,64,64,64,64,64,43,43,41,41,40,40,18,56,45,35,35,20,7,27,27,27,27,47,49,49,49,0],"gold":166,"neow_bonus":"THREE_ENEMY_KILL","is_prod":false,"is_daily":false,"chose_seed":false,"campfire_upgraded":4,"win_rate":0,"timestamp":1558300890,"path_taken":["M","?","?","?","M","E","R","M","T","?","R","E","M","?","R","BOSS","M","M","$","M","M","R","?","R","T","R","E","?","?","E"],"build_version":"2019-01-23","purchased_purges":1,"victory":false,"max_hp_per_floor":[71,76,69,69,69,69,69,69,69,69,69,69,69,69,69,69,69,69,69,69,69,69,69,69,69,69,69,69,69,69,69],"card_choices":[{"not_picked":["Cold Snap","Scrape","Redo"],"picked":"SKIP","floor":1},{"not_picked":["Hologram","Fusion"],"picked":"Rebound","floor":5},{"not_picked":["Chill","Redo"],"picked":"Conserve Battery","floor":6},{"not_picked":["Darkness","Cold Snap"],"picked":"Streamline","floor":8},{"not_picked":["Chaos","Gash"],"picked":"Loop","floor":12},{"not_picked":["Ball Lightning","Coolheaded"],"picked":"Glacier","floor":13},{"not_picked":["Conserve Battery","Leap"],"picked":"Doom and Gloom","floor":14},{"not_picked":["Multi-Cast","Hyperbeam"],"picked":"Seek","floor":16},{"not_picked":["Recycle","Coolheaded"],"picked":"White Noise+1","floor":18},{"not_picked":["Steam","Barrage"],"picked":"Turbo","floor":19},{"not_picked":["Hologram","Streamline"],"picked":"Chill","floor":21},{"not_picked":["Turbo","Beam Cell"],"picked":"Defragment","floor":28}],"player_experience":1022674,"relics_obtained":[{"floor":6,"key":"Mercury Hourglass"},{"floor":9,"key":"Oddly Smooth Stone"},{"floor":12,"key":"Ancient Tea Set"},{"floor":17,"key":"Potion Belt"},{"floor":17,"key":"Blue Candle"},{"floor":17,"key":"Dead Branch"},{"floor":26,"key":"Blood Vial"},{"floor":28,"key":"Frozen Egg 2"},{"floor":29,"key":"Tiny Chest"}],"event_choices":[{"damage_healed":0,"gold_gain":0,"player_choice":"Donut","damage_taken":0,"max_hp_gain":5,"max_hp_loss":0,"event_name":"Big Fish","floor":2,"gold_loss":0},{"damage_healed":0,"gold_gain":0,"player_choice":"Lose Max HP","damage_taken":0,"relics_obtained":["Golden Idol"],"max_hp_gain":0,"max_hp_loss":7,"event_name":"Golden Idol","floor":3,"gold_loss":0},{"damage_healed":0,"gold_gain":0,"player_choice":"Success","damage_taken":5,"relics_obtained":["Gremlin Horn"],"max_hp_gain":0,"max_hp_loss":0,"event_name":"Scrap Ooze","floor":4,"gold_loss":0},{"damage_healed":0,"gold_gain":0,"player_choice":"Entered Light","damage_taken":21,"max_hp_gain":0,"max_hp_loss":0,"event_name":"Shining Light","floor":10,"gold_loss":0,"cards_upgraded":["Strike_B","Strike_B"]},{"damage_healed":0,"gold_gain":0,"cards_transformed":["Strike_B","Strike_B"],"player_choice":"Became Test Subject","damage_taken":0,"max_hp_gain":0,"max_hp_loss":0,"event_name":"Drug Dealer","floor":24,"gold_loss":0,"cards_obtained":["All For One","Reprogram"]},{"damage_healed":0,"gold_gain":0,"player_choice":"Ignored","damage_taken":0,"max_hp_gain":0,"max_hp_loss":0,"event_name":"Ghosts","floor":30,"gold_loss":0}],"is_beta":false,"boss_relics":[{"not_picked":["Coffee Dripper","Lizard Tail"],"picked":"Calling Bell"}],"items_purged_floors":[20],"is_endless":false,"potions_floor_spawned":[5,6,12,13,18,22],"killed_by":"Slavers","ascension_level":18}