{"gold_per_floor":[111,111,126,201,214,214,239,239,239,269,56,56,69,43,43,118,118,130,130,55,71,71,71,90,105,105,105,121,121,139,170,170,248,248,258,269,39,39],"floor_reached":38,"playtime":1763,"items_purged":["Strike_B"],"score":779,"play_id":"e52b7938-398a-4add-96d7-fa4cf232be01","local_time":"20190722011246","is_ascension_mode":true,"campfire_choices":[{"data":"Zap","floor":6,"key":"SMITH"},{"floor":8,"key":"REST"},{"floor":12,"key":"REST"},{"data":"Defragment","floor":15,"key":"SMITH"},{"data":"Fission","floor":23,"key":"SMITH"},{"data":"Defragment","floor":29,"key":"SMITH"},{"floor":32,"key":"REST"}],"neow_cost":"NONE","seed_source_timestamp":54141350247100,"circlet_count":0,"master_deck":["AscendersBane","Defend_B","Defend_B","Defend_B","Defend_B","Zap+1","Dualcast","All For One","Coolheaded","BootSequence","Leap","Electrodynamics","Defragment+1","Self Repair","Conserve Battery","Defragment+1","Redo","Fission+1","Conserve Battery","RitualDagger","Loop","Bite","Bite","Bite","Bite","Bite","Sweeping Beam+1","Melter","Hologram","Loop","Cold Snap","Multi-Cast+1","White Noise+1","Self Repair","Chrysalis+1","Stack+1"],"relics":["Cracked Core","Pear","Happy Flower","Singing Bowl","Odd Mushroom","Runic Pyramid","Darkstone Periapt","Toxic Egg 2","Inserter"],"potions_floor_usage":[16,21,28,28],"damage_taken":[{"damage":10,"enemies":"Small Slimes","floor":1,"turns":2},{"damage":0,"enemies":"2 Louse","floor":3,"turns":1},{"damage":7,"enemies":"Jaw Worm","floor":5,"turns":4},{"damage":31,"enemies":"3 Sentries","floor":7,"turns":11},{"damage":9,"enemies":"The Mushroom Lair","floor":10,"turns":3},{"damage":1,"enemies":"Looter","floor":13,"turns":3},{"damage":24,"enemies":"Hexaghost","floor":16,"turns":8},{"damage":19,"enemies":"Spheric Guardian","floor":18,"turns":6},{"damage":0,"enemies":"Chosen","floor":21,"turns":5},{"damage":5,"enemies":"Snake Plant","floor":24,"turns":5},{"damage":28,"enemies":"Shelled Parasite and Fungi","floor":25,"turns":6},{"damage":8,"enemies":"3 Cultists","floor":28,"turns":3},{"damage":0,"enemies":"Centurion and Healer","floor":30,"turns":7},{"damage":41,"enemies":"Slavers","floor":31,"turns":6},{"damage":41,"enemies":"Champ","floor":33,"turns":16},{"damage":16,"enemies":"3 Shapes","floor":35,"turns":5},{"damage":16,"enemies":"Orb Walker","floor":36,"turns":5},{"damage":53,"enemies":"Spire Growth","floor":38,"turns":4}],"seed_played":"-5844212683658129033","potions_obtained":[{"floor":3,"key":"SteroidPotion"},{"floor":10,"key":"PowerPotion"},{"floor":21,"key":"Regen Potion"},{"floor":27,"key":"AttackPotion"},{"floor":33,"key":"Fire Potion"},{"floor":35,"key":"Fire Potion"}],"is_trial":false,"path_per_floor":["M","?","M","?","M","R","E","R","T","?","$","R","M","$","R","B",null,"M","?","?","M","?","R","M","M","T","?","M","R","M","E","R","B",null,"M","M","$","M"],"character_chosen":"DEFECT","items_purchased":["Self Repair","Conserve Battery","Redo","Chrysalis+1","Stack+1"],"campfire_rested":3,"item_purchase_floors":[11,11,14,37,37],"current_hp_per_floor":[54,53,53,42,35,35,4,28,28,19,19,43,42,42,42,25,67,55,49,49,49,49,49,48,39,39,39,40,40,56,32,48,46,54,45,42,42,0],"gold":39,"neow_bonus":"ONE_RANDOM_RARE_CARD","is_prod":false,"is_daily":false,"chose_seed":false,"campfire_upgraded":4,"win_rate":0,"timestamp":1563750766,"path_taken":["M","?","M","?","M","R","E","R","T","?","?","R","M","$","R","BOSS","M","?","?","M","?","R","M","M","T","?","M","R","M","E","R","BOSS","M","M","$","M"],"build_version":"2019-07-17","purchased_purges":1,"victory":false,"max_hp_per_floor":[71,81,81,81,81,81,81,81,81,81,81,81,81,81,81,81,81,81,81,81,81,56,56,56,56,56,56,56,56,56,56,56,56,56,56,56,56,56],"card_choices":[{"not_picked":["Go for the Eyes","Redo"],"picked":"Coolheaded","floor":1},{"not_picked":["Turbo","Stack"],"picked":"BootSequence","floor":3},{"not_picked":["Streamline","Stack"],"picked":"Leap","floor":5},{"not_picked":["Reprogram","Gash"],"picked":"Electrodynamics","floor":7},{"not_picked":["Hello World","BootSequence"],"picked":"Defragment","floor":10},{"not_picked":["Compile Driver","Turbo"],"picked":"Defragment","floor":13},{"not_picked":["Electrodynamics","All For One"],"picked":"Fission","floor":16},{"not_picked":["Coolheaded","Hologram"],"picked":"Conserve Battery","floor":18},{"not_picked":["Leap","Go for the Eyes+1"],"picked":"Loop","floor":21},{"not_picked":["Hologram","Hello World+1"],"picked":"Sweeping Beam+1","floor":24},{"not_picked":["Gash","Double Energy"],"picked":"Melter","floor":25},{"not_picked":["BootSequence","Stack"],"picked":"Hologram","floor":28},{"not_picked":["Redo","Barrage"],"picked":"Loop","floor":30},{"not_picked":["Coolheaded","Leap"],"picked":"Cold Snap","floor":31},{"not_picked":["Reboot+1","Thunder Strike"],"picked":"Multi-Cast+1","floor":33},{"not_picked":["Hologram+1","Ball Lightning+1"],"picked":"White Noise+1","floor":35},{"not_picked":["Barrage","Beam Cell"],"picked":"Self Repair","floor":36}],"player_experience":1720541,"relics_obtained":[{"floor":7,"key":"Happy Flower"},{"floor":9,"key":"Singing Bowl"},{"floor":10,"key":"Odd Mushroom"},{"floor":26,"key":"Darkstone Periapt"},{"floor":31,"key":"Toxic Egg 2"}],"event_choices":[{"damage_healed":0,"gold_gain":0,"player_choice":"Success","damage_taken":11,"relics_obtained":["Pear"],"max_hp_gain":0,"max_hp_loss":0,"event_name":"Scrap Ooze","floor":2,"gold_loss":0},{"damage_healed":0,"gold_gain":75,"player_choice":"Gather Gold","damage_taken":11,"max_hp_gain":0,"max_hp_loss":0,"event_name":"World of Goop","floor":4,"gold_loss":0},{"damage_healed":0,"gold_gain":0,"player_choice":"Fought Mushrooms","damage_taken":0,"max_hp_gain":0,"max_hp_loss":0,"event_name":"Mushrooms","floor":10,"gold_loss":0},{"damage_healed":0,"gold_gain":0,"player_choice":"Joined the Cult","damage_taken":6,"max_hp_gain":0,"max_hp_loss":0,"event_name":"Nest","floor":19,"gold_loss":0,"cards_obtained":["RitualDagger"]},{"cards_removed":["Strike_B"],"damage_healed":0,"gold_gain":0,"player_choice":"Gave Gold","damage_taken":0,"max_hp_gain":0,"max_hp_loss":0,"event_name":"Beggar","floor":20,"gold_loss":75},{"damage_healed":0,"gold_gain":0,"player_choice":"Became a vampire","damage_taken":0,"max_hp_gain":0,"max_hp_loss":25,"event_name":"Vampires","floor":22,"gold_loss":0,"cards_obtained":["Bite","Bite","Bite","Bite","Bite"]},{"damage_healed":0,"gold_gain":0,"player_choice":"Got Potions","damage_taken":0,"max_hp_gain":0,"max_hp_loss":0,"event_name":"Lab","floor":27,"gold_loss":0}],"is_beta":false,"boss_relics":[{"not_picked":["Runic Dome","Lizard Tail"],"picked":"Runic Pyramid"},{"not_picked":["Fusion Hammer","Cursed Key"],"picked":"Inserter"}],"items_purged_floors":[11],"is_endless":false,"potions_floor_spawned":[3,10,21,33,35,36],"killed_by":"Spire Growth","ascension_level":17}