{"gold_per_floor":[111,52,52,52,76,76,151,174,201,219,144,169,182,203,203,298,298,316,316,161,186,205,205,226,226,298,339,157,193,108,149,149,248,248,263,326,326,96,111,111,134,134,161,185,185,9,49,67,67,67],"floor_reached":51,"playtime":2635,"items_purged":["Strike_B","Strike_B","Zap","Defend_B"],"score":1519,"play_id":"035cf184-5326-4d13-8309-41c4caef3191","local_time":"20190817213644","is_ascension_mode":true,"campfire_choices":[{"data":"Turbo","floor":6.0,"key":"SMITH"},{"floor":15.0,"key":"REST"},{"data":"Coolheaded","floor":23.0,"key":"SMITH"},{"data":"Stack","floor":25.0,"key":"SMITH"},{"data":"Go for the Eyes","floor":32.0,"key":"SMITH"},{"data":"Buffer","floor":40.0,"key":"SMITH"},{"data":"Hologram","floor":49.0,"key":"SMITH"}],"neow_cost":"TEN_PERCENT_HP_LOSS","seed_source_timestamp":884772767484263,"circlet_count":0,"master_deck":["AscendersBane","Coolheaded+1","Turbo+1","Gash+1","Gash+1","Gash+1","BootSequence+1","Gash+1","All For One+1","Self Repair+1","Stack+1","BootSequence+1","Gash+1","Auto Shields+1","Beam Cell+1","Go for the Eyes+1","Buffer+1","Stack+1","Leap+1","Hologram+1","All For One","Hologram+1"],"special_seed":0,"relics":["Cracked Core","Golden Idol","Art of War","Runic Pyramid","Singing Bowl","Cables","DataDisk","Ornamental Fan","Orichalcum","Empty Cage","Du-Vu Doll","Anchor","Mark of the Bloom","Dodecahedron"],"potions_floor_usage":[],"damage_taken":[{"damage":0.0,"enemies":"Small Slimes","floor":1.0,"turns":2.0},{"damage":0.0,"enemies":"2 Louse","floor":5.0,"turns":2.0},{"damage":1.0,"enemies":"Jaw Worm","floor":8.0,"turns":5.0},{"damage":5.0,"enemies":"2 Fungi Beasts","floor":10.0,"turns":4.0},{"damage":4.0,"enemies":"Red Slaver","floor":12.0,"turns":4.0},{"damage":8.0,"enemies":"Large Slime","floor":13.0,"turns":7.0},{"damage":11.0,"enemies":"3 Louse","floor":14.0,"turns":3.0},{"damage":24.0,"enemies":"The Guardian","floor":16.0,"turns":10.0},{"damage":16.0,"enemies":"Shell Parasite","floor":18.0,"turns":3.0},{"damage":0.0,"enemies":"Chosen","floor":21.0,"turns":3.0},{"damage":6.0,"enemies":"Snecko","floor":22.0,"turns":6.0},{"damage":2.0,"enemies":"Centurion and Healer","floor":24.0,"turns":3.0},{"damage":4.0,"enemies":"Book of Stabbing","floor":27.0,"turns":4.0},{"damage":0.0,"enemies":"Gremlin Leader","floor":29.0,"turns":5.0},{"damage":4.0,"enemies":"Book of Stabbing","floor":31.0,"turns":5.0},{"damage":1.0,"enemies":"Automaton","floor":33.0,"turns":7.0},{"damage":3.0,"enemies":"Orb Walker","floor":35.0,"turns":4.0},{"damage":19.0,"enemies":"2 Orb Walkers","floor":36.0,"turns":5.0},{"damage":0.0,"enemies":"3 Darklings","floor":39.0,"turns":5.0},{"damage":0.0,"enemies":"Spire Growth","floor":41.0,"turns":4.0},{"damage":0.0,"enemies":"4 Shapes","floor":44.0,"turns":5.0},{"damage":0.0,"enemies":"Nemesis","floor":47.0,"turns":3.0},{"damage":0.0,"enemies":"Maw","floor":48.0,"turns":3.0},{"damage":0,"enemies":"Awakened One","floor":50,"turns":6}],"seed_played":"6519796833573326443","potions_obtained":[{"floor":1.0,"key":"EssenceOfSteel"},{"floor":5.0,"key":"Block Potion"},{"floor":13.0,"key":"Energy Potion"},{"floor":16.0,"key":"Strength Potion"},{"floor":18.0,"key":"SpeedPotion"},{"floor":24.0,"key":"PowerPotion"},{"floor":31.0,"key":"Fire Potion"},{"floor":33.0,"key":"Block Potion"},{"floor":41.0,"key":"Weak Potion"},{"floor":44.0,"key":"Strength Potion"}],"is_trial":false,"path_per_floor":["M","$","?","?","M","R","?","M","T","M","$","M","M","M","R","B",null,"M","?","$","M","M","R","M","R","T","E","$","E","?","E","R","B",null,"M","?","?","$","M","R","M","?","T","M","?","$","E","M","R","B",null],"character_chosen":"DEFECT","items_purchased":["Turbo","Stack","Beam Cell","Stack","Leap","All For One","Hologram"],"campfire_rested":1,"item_purchase_floors":[2,20,28,38,38,46,46],"current_hp_per_floor":[64,64,58,58,58,58,47,46,46,41,41,37,29,18,35,11,46,30,30,30,37,38,38,43,43,43,46,46,55,55,58,58,60,60,59,49,49,49,58,58,65,65,65,68,68,68,68,68,68,68],"gold":67,"neow_bonus":"REMOVE_TWO","is_prod":false,"is_daily":false,"chose_seed":false,"campfire_upgraded":6,"win_rate":0,"timestamp":1566103004,"path_taken":["M","$","?","?","M","R","?","M","T","M","$","M","M","M","R","BOSS","M","?","$","M","M","R","M","R","T","E","$","E","?","E","R","BOSS","M","?","?","$","M","R","M","?","T","?","?","$","E","M","R","BOSS"],"build_version":"2019-07-17","purchased_purges":4,"victory":true,"max_hp_per_floor":[64,64,58,58,58,58,58,58,58,58,58,58,58,58,58,58,58,58,58,58,58,58,58,58,58,58,58,58,60,60,60,60,60,60,62,64,64,64,66,66,66,66,66,68,68,68,68,68,68,68],"card_choices":[{"not_picked":["Blizzard","Conserve Battery"],"picked":"Coolheaded","floor":1.0},{"not_picked":["Hello World","Barrage"],"picked":"Gash","floor":5.0},{"not_picked":["Go for the Eyes","FTL"],"picked":"Gash","floor":8.0},{"not_picked":["Leap","Glacier"],"picked":"Gash","floor":10.0},{"not_picked":["Fusion","Steam Power","Barrage"],"picked":"SKIP","floor":12.0},{"not_picked":["Redo","Thunder Strike"],"picked":"BootSequence","floor":13.0},{"not_picked":["Hello World","Aggregate"],"picked":"Gash","floor":14.0},{"not_picked":["Creative AI","Echo Form"],"picked":"All For One","floor":16.0},{"not_picked":["Rebound","Barrage","Consume"],"picked":"SKIP","floor":18.0},{"not_picked":["Coolheaded+1","Sweeping Beam"],"picked":"BootSequence","floor":21.0},{"not_picked":["Lockon","Double Energy"],"picked":"Gash+1","floor":22.0},{"not_picked":["Beam Cell+1","Steam Power","Defragment"],"picked":"SKIP","floor":24.0},{"not_picked":["Rebound","Leap"],"picked":"Auto Shields","floor":27.0},{"not_picked":["Leap","Conserve Battery+1","Compile Driver"],"picked":"Singing Bowl","floor":29.0},{"not_picked":["Leap","Biased Cognition"],"picked":"Go for the Eyes","floor":31.0},{"not_picked":["Echo Form","Meteor Strike"],"picked":"Buffer","floor":33.0},{"not_picked":["Turbo","Gash","Barrage"],"picked":"Singing Bowl","floor":35.0},{"not_picked":["Capacitor","Beam Cell+1","Barrage"],"picked":"Singing Bowl","floor":36.0},{"not_picked":["Sunder","Rebound","Steam"],"picked":"Singing Bowl","floor":39.0},{"not_picked":["Sweeping Beam","Aggregate"],"picked":"Hologram","floor":41.0},{"not_picked":["Stack","Steam+1","Barrage"],"picked":"Singing Bowl","floor":44.0},{"not_picked":["Coolheaded","Core Surge","Steam"],"picked":"SKIP","floor":47.0},{"not_picked":["Force Field","Conserve Battery","Beam Cell"],"picked":"SKIP","floor":48.0}],"player_experience":168488,"relics_obtained":[{"floor":9.0,"key":"Art of War"},{"floor":26.0,"key":"Singing Bowl"},{"floor":27.0,"key":"Cables"},{"floor":29.0,"key":"DataDisk"},{"floor":31.0,"key":"Orichalcum"},{"floor":36.0,"key":"Du-Vu Doll"},{"floor":43.0,"key":"Anchor"},{"floor":47.0,"key":"Dodecahedron"}],"event_choices":[{"damage_healed":0.0,"max_hp_gain":0.0,"max_hp_loss":6.0,"gold_gain":0.0,"event_name":"Golden Idol","player_choice":"Lose Max HP","floor":3.0,"gold_loss":0.0,"damage_taken":0.0,"relics_obtained":["Golden Idol"]},{"damage_healed":0.0,"max_hp_gain":0.0,"max_hp_loss":0.0,"gold_gain":0.0,"event_name":"Liars Game","player_choice":"Ignored","floor":4.0,"gold_loss":0.0,"damage_taken":0.0},{"damage_healed":0.0,"max_hp_gain":0.0,"max_hp_loss":0.0,"gold_gain":75.0,"event_name":"World of Goop","player_choice":"Gather Gold","floor":7.0,"gold_loss":0.0,"damage_taken":11.0},{"damage_healed":0.0,"max_hp_gain":0.0,"max_hp_loss":0.0,"gold_gain":0.0,"event_name":"The Library","player_choice":"Read","floor":19.0,"gold_loss":0.0,"damage_taken":0.0,"cards_obtained":["Self Repair"]},{"damage_healed":0.0,"max_hp_gain":0.0,"max_hp_loss":0.0,"gold_gain":0.0,"event_name":"Addict","player_choice":"Obtained Relic","floor":30.0,"gold_loss":85.0,"damage_taken":0.0,"relics_obtained":["Ornamental Fan"]},{"damage_healed":0.0,"max_hp_gain":0.0,"max_hp_loss":0.0,"gold_gain":0.0,"event_name":"Mysterious Sphere","player_choice":"Fight","floor":36.0,"gold_loss":0.0,"damage_taken":0.0},{"cards_removed":["Defend_B"],"damage_healed":0.0,"max_hp_gain":0.0,"max_hp_loss":0.0,"gold_gain":0.0,"event_name":"Falling","player_choice":"Removed Skill","floor":37.0,"gold_loss":0.0,"damage_taken":0.0},{"cards_removed":["Defend_B"],"damage_healed":0.0,"max_hp_gain":0.0,"max_hp_loss":0.0,"gold_gain":0.0,"event_name":"Wheel of Change","player_choice":"Card Removal","floor":42.0,"gold_loss":0.0,"damage_taken":0.0},{"damage_healed":0.0,"max_hp_gain":0.0,"max_hp_loss":0.0,"gold_gain":0.0,"event_name":"MindBloom","player_choice":"Upgrade","floor":45.0,"gold_loss":0.0,"damage_taken":0.0,"cards_upgraded":["Gash","Gash","Gash","BootSequence","Gash","All For One","Self Repair","BootSequence","Auto Shields","Beam Cell","Stack","Leap","Hologram"],"relics_obtained":["Mark of the Bloom"]}],"is_beta":false,"boss_relics":[{"not_picked":["Cursed Key","Philosopher\u0027s Stone"],"picked":"Runic Pyramid"},{"not_picked":["Coffee Dripper","Black Star"],"picked":"Empty Cage"}],"items_purged_floors":[11,20,28,38],"is_endless":false,"potions_floor_spawned":[1,5,13,16,18,24,31,33,41,44,47],"ascension_level":16}