{"gold_per_floor":[117,117,128,128,143,143,143,143,195,222,222,242,258,273,273,273],"floor_reached":16,"playtime":458,"items_purged":[],"score":189,"play_id":"bb1ab7ce-2137-4b89-aa63-19e477bd44f3","local_time":"20190722174052","is_ascension_mode":true,"campfire_choices":[{"data":"Rainbow","floor":6,"key":"SMITH"},{"data":"Genetic Algorithm","floor":8,"key":"SMITH"},{"data":"Creative AI","floor":11,"key":"SMITH"},{"data":"Sunder","floor":15,"key":"SMITH"}],"neow_cost":"NONE","seed_source_timestamp":114738759500400,"circlet_count":0,"master_deck":["AscendersBane","Strike_B","Strike_B","Strike_B","Defend_B","Defend_B","Defend_B","Defend_B","Zap+1","Dualcast","Genetic Algorithm+1","Rainbow+1","Tempest","Leap","Creative AI+1","Sunder+1","Compile Driver","Defragment"],"relics":["Cracked Core","Boot","PreservedInsect"],"potions_floor_usage":[10,12,16],"damage_taken":[{"damage":7,"enemies":"Small Slimes","floor":1,"turns":3},{"damage":1,"enemies":"2 Louse","floor":3,"turns":2},{"damage":0,"enemies":"Cultist","floor":5,"turns":3},{"damage":8,"enemies":"Lagavulin","floor":10,"turns":6},{"damage":4,"enemies":"Exordium Thugs","floor":12,"turns":4},{"damage":14,"enemies":"Large Slime","floor":13,"turns":7},{"damage":2,"enemies":"3 Louse","floor":14,"turns":3},{"damage":37,"enemies":"Slime Boss","floor":16,"turns":7}],"seed_played":"-4025443140134774717","potions_obtained":[{"floor":1,"key":"LiquidBronze"},{"floor":5,"key":"Regen Potion"},{"floor":7,"key":"Fire Potion"},{"floor":14,"key":"SkillPotion"}],"is_trial":false,"path_per_floor":["M","?","M","?","M","R","?","R","T","E","R","M","M","M","R","B"],"character_chosen":"DEFECT","items_purchased":[],"campfire_rested":0,"item_purchase_floors":[],"current_hp_per_floor":[57,57,56,61,61,61,61,61,61,53,53,49,35,33,33,0],"gold":273,"neow_bonus":"UPGRADE_CARD","is_prod":false,"is_daily":false,"chose_seed":false,"campfire_upgraded":4,"win_rate":0,"timestamp":1563810052,"path_taken":["M","?","M","?","M","R","?","R","T","E","R","M","?","M","R","BOSS"],"build_version":"2019-07-17","purchased_purges":0,"victory":false,"max_hp_per_floor":[71,71,71,76,76,76,76,76,76,76,76,76,76,76,76,76],"card_choices":[{"not_picked":["Double Energy","Self Repair"],"picked":"Genetic Algorithm","floor":1},{"not_picked":["Streamline","Barrage"],"picked":"Tempest","floor":3},{"not_picked":["Rip and Tear","Ball Lightning"],"picked":"Leap","floor":5},{"not_picked":["Stack","Aggregate"],"picked":"Creative AI","floor":10},{"not_picked":["Gash","Compile Driver"],"picked":"Sunder","floor":12},{"not_picked":["Turbo","Tempest"],"picked":"Compile Driver","floor":13},{"not_picked":["Gash","Undo"],"picked":"Defragment","floor":14}],"player_experience":1738815,"relics_obtained":[{"floor":9,"key":"Boot"},{"floor":10,"key":"PreservedInsect"}],"event_choices":[{"damage_healed":0,"gold_gain":0,"cards_transformed":["Strike_B"],"player_choice":"Change","damage_taken":0,"max_hp_gain":0,"max_hp_loss":0,"event_name":"Living Wall","floor":2,"gold_loss":0,"cards_obtained":["Rainbow"]},{"damage_healed":0,"gold_gain":0,"player_choice":"Donut","damage_taken":0,"max_hp_gain":5,"max_hp_loss":0,"event_name":"Big Fish","floor":4,"gold_loss":0},{"damage_healed":0,"gold_gain":0,"player_choice":"Got Potions","damage_taken":0,"max_hp_gain":0,"max_hp_loss":0,"event_name":"Lab","floor":7,"gold_loss":0}],"is_beta":false,"boss_relics":[],"items_purged_floors":[],"is_endless":false,"potions_floor_spawned":[1,5,14],"killed_by":"Slime Boss","ascension_level":17}