{"gold_per_floor":[114,114,124,124,124,124,143,163,163,177,177,102,120,134,134,134],"floor_reached":16,"playtime":508,"items_purged":["Strike_B"],"score":223,"play_id":"ea628edd-bef7-4be4-ab1e-d72ea76828b1","local_time":"20190421113734","is_ascension_mode":true,"campfire_choices":[{"data":"Sunder","floor":6,"key":"SMITH"},{"data":"Turbo","floor":11,"key":"SMITH"},{"floor":15,"key":"REST"}],"neow_cost":"NONE","seed_source_timestamp":0,"circlet_count":0,"master_deck":["AscendersBane","Strike_B","Strike_B","Defend_B","Defend_B","Defend_B","Defend_B","Zap","Dualcast","Hologram","Skim","Auto Shields","Sunder+1","Turbo+1","Hologram","Scrape"],"special_seed":0,"relics":["Orrery","Bottled Lightning"],"potions_floor_usage":[],"damage_taken":[{"damage":1.0,"enemies":"Jaw Worm","floor":1.0,"turns":5.0},{"damage":8.0,"enemies":"Small Slimes","floor":3.0,"turns":3.0},{"damage":1,"enemies":"2 Louse","floor":7,"turns":2},{"damage":7,"enemies":"Gremlin Gang","floor":8,"turns":6},{"damage":10,"enemies":"2 Fungi Beasts","floor":10,"turns":5},{"damage":15,"enemies":"Large Slime","floor":13,"turns":5},{"damage":13,"enemies":"Blue Slaver","floor":14,"turns":3},{"damage":0,"enemies":"Hexaghost","floor":16,"turns":1}],"seed_played":"-3330484351469273368","potions_obtained":[{"floor":7,"key":"Dexterity Potion"},{"floor":8,"key":"Swift Potion"}],"is_trial":false,"path_per_floor":["M","?","M","?","?","R","M","M","T","M","R","$","M","M","R","B"],"character_chosen":"DEFECT","items_purchased":[],"campfire_rested":1,"item_purchase_floors":[],"current_hp_per_floor":[67,67,59,59,59,59,58,51,51,41,41,41,26,13,35,35],"gold":134,"neow_bonus":"BOSS_RELIC","is_prod":false,"is_daily":false,"chose_seed":false,"campfire_upgraded":2,"win_rate":0,"timestamp":1555871854,"path_taken":["M","?","M","?","?","R","M","M","T","M","R","$","?","M","R","BOSS"],"build_version":"2019-01-23","purchased_purges":1,"victory":false,"max_hp_per_floor":[75,75,75,75,75,75,75,75,75,75,75,75,75,75,75,75],"card_choices":[{"not_picked":["Barrage","Hello World"],"picked":"Hologram","floor":0.0},{"not_picked":["Sweeping Beam","Ball Lightning"],"picked":"Skim","floor":0.0},{"not_picked":["Sweeping Beam","Go for the Eyes"],"picked":"Auto Shields","floor":0.0},{"not_picked":["Sweeping Beam","Cold Snap"],"picked":"Sunder","floor":1.0},{"not_picked":["Glacier","Coolheaded"],"picked":"Turbo","floor":3.0},{"not_picked":["Biased Cognition","Aggregate","Sweeping Beam"],"picked":"SKIP","floor":7},{"not_picked":["Redo","Sweeping Beam"],"picked":"Hologram","floor":8},{"not_picked":["Ball Lightning","Stack","Consume"],"picked":"SKIP","floor":10},{"not_picked":["Loop","Buffer"],"picked":"Scrape","floor":13},{"not_picked":["Ball Lightning","Barrage","Cold Snap"],"picked":"SKIP","floor":14}],"player_experience":116423,"relics_obtained":[{"floor":9,"key":"Bottled Lightning"}],"event_choices":[{"damage_healed":0.0,"max_hp_gain":0.0,"max_hp_loss":0.0,"gold_gain":0.0,"event_name":"Liars Game","player_choice":"Ignored","floor":2.0,"gold_loss":0.0,"damage_taken":0.0},{"damage_healed":0,"gold_gain":0,"player_choice":"Ignored","damage_taken":0,"max_hp_gain":0,"max_hp_loss":0,"event_name":"Shining Light","floor":4,"gold_loss":0},{"cards_removed":["Strike_B"],"damage_healed":0,"gold_gain":0,"player_choice":"Purged","damage_taken":0,"max_hp_gain":0,"max_hp_loss":0,"event_name":"Purifier","floor":5,"gold_loss":0}],"is_beta":false,"boss_relics":[],"items_purged_floors":[12],"is_endless":false,"potions_floor_spawned":[7,8,14],"killed_by":"Hexaghost","ascension_level":11}