{"gold_per_floor":[119,119,139,139,139,165,165,197,197,212,226,261,261,276,276,276],"floor_reached":16,"playtime":508,"items_purged":[],"score":315,"play_id":"0db54316-508f-47ef-a6df-1d83acd5a97a","local_time":"20190701121703","is_ascension_mode":true,"campfire_choices":[{"data":"Infinite Blades","floor":7,"key":"SMITH"},{"data":"Crippling Poison","floor":13,"key":"SMITH"},{"data":"Choke","floor":15,"key":"SMITH"}],"neow_cost":"NONE","seed_source_timestamp":1166834440117500,"circlet_count":0,"master_deck":["AscendersBane","Defend_G","Defend_G","Defend_G","Defend_G","Defend_G","Strike_G","Strike_G","Strike_G","Strike_G","Strike_G","Survivor","Neutralize+1","Dodge and Roll","Blur","Infinite Blades+1","Blur","Choke+1","Footwork","Crippling Poison+1","Backstab"],"relics":["Ring of the Snake","NeowsBlessing","Ninja Scroll","Letter Opener","Mummified Hand","Bottled Lightning","Anchor"],"potions_floor_usage":[8,11,12,16],"damage_taken":[{"damage":0,"enemies":"2 Louse","floor":1,"turns":1},{"damage":0,"enemies":"Cultist","floor":3,"turns":1},{"damage":0,"enemies":"Gremlin Nob","floor":6,"turns":1},{"damage":4,"enemies":"3 Sentries","floor":8,"turns":10},{"damage":0,"enemies":"Small Slimes","floor":10,"turns":3},{"damage":0,"enemies":"Looter","floor":11,"turns":1},{"damage":0,"enemies":"Gremlin Nob","floor":12,"turns":3},{"damage":0,"enemies":"Blue Slaver","floor":14,"turns":2},{"damage":62,"enemies":"Slime Boss","floor":16,"turns":11}],"seed_played":"-7823099214667369216","potions_obtained":[{"floor":1,"key":"SteroidPotion"},{"floor":6,"key":"FearPotion"},{"floor":10,"key":"FearPotion"},{"floor":12,"key":"FearPotion"}],"is_trial":false,"path_per_floor":["M","?","M","$","?","E","R","E","T","M","M","E","R","M","R","B"],"character_chosen":"THE_SILENT","items_purchased":[],"campfire_rested":0,"item_purchase_floors":[],"current_hp_per_floor":[59,59,59,59,59,59,59,55,55,55,55,55,55,55,55,0],"gold":276,"neow_bonus":"THREE_ENEMY_KILL","is_prod":false,"is_daily":false,"chose_seed":false,"campfire_upgraded":3,"win_rate":0,"timestamp":1561976223,"path_taken":["M","?","?","$","?","E","R","E","T","?","M","E","R","M","R","BOSS"],"build_version":"2019-01-23","purchased_purges":0,"victory":false,"max_hp_per_floor":[66,66,66,66,66,66,66,66,66,66,66,66,66,66,66,66],"card_choices":[{"not_picked":["Riddle With Holes","Bane"],"picked":"Dodge and Roll","floor":1},{"not_picked":["All Out Attack","Underhanded Strike"],"picked":"Blur","floor":3},{"not_picked":["Predator","Wraith Form v2"],"picked":"Infinite Blades","floor":6},{"not_picked":["Endless Agony","Slice"],"picked":"Blur","floor":8},{"not_picked":["Cloak And Dagger","Calculated Gamble"],"picked":"Choke","floor":10},{"not_picked":["Blade Dance","Deadly Poison"],"picked":"Footwork","floor":11},{"not_picked":["Night Terror","Quick Slash"],"picked":"Crippling Poison","floor":12},{"not_picked":["Choke","Acrobatics"],"picked":"Backstab","floor":14}],"player_experience":1546654,"relics_obtained":[{"floor":2,"key":"Ninja Scroll"},{"floor":6,"key":"Letter Opener"},{"floor":8,"key":"Mummified Hand"},{"floor":9,"key":"Bottled Lightning"},{"floor":12,"key":"Anchor"}],"event_choices":[{"damage_healed":0,"gold_gain":0,"player_choice":"Relic","damage_taken":0,"max_hp_gain":0,"max_hp_loss":0,"event_name":"Wheel of Change","floor":2,"gold_loss":0},{"damage_healed":0,"gold_gain":0,"player_choice":"Upgraded","damage_taken":0,"max_hp_gain":0,"max_hp_loss":0,"event_name":"Upgrade Shrine","floor":5,"gold_loss":0,"cards_upgraded":["Neutralize"]}],"is_beta":false,"boss_relics":[],"items_purged_floors":[],"is_endless":false,"potions_floor_spawned":[1,6,10,12],"killed_by":"Slime Boss","ascension_level":17}