{"gold_per_floor":[115,115,40,40,59,59,209,209,209,8,8,8,8,19,19,19],"floor_reached":16,"playtime":433,"items_purged":["Doubt"],"score":168,"play_id":"c1675a7b-b86c-418d-b498-3447a69a902b","local_time":"20190814172504","is_ascension_mode":true,"campfire_choices":[{"data":"Neutralize","floor":6,"key":"SMITH"},{"data":"Dramatic Entrance","floor":8,"key":"SMITH"},{"data":"Crippling Poison","floor":11,"key":"SMITH"},{"data":"Well Laid Plans","floor":13,"key":"SMITH"},{"data":"Dash","floor":15,"key":"SMITH"}],"neow_cost":"TEN_PERCENT_HP_LOSS","seed_source_timestamp":44668939309700,"circlet_count":0,"master_deck":["AscendersBane","Strike_G","Strike_G","Strike_G","Strike_G+1","Defend_G","Defend_G+1","Defend_G","Defend_G","Defend_G","Survivor","Neutralize+1","Dramatic Entrance+1","Forethought+1","Deflect","Flying Knee","Well Laid Plans+1","Crippling Poison+1","Dash+1"],"relics":["Ring of the Snake","Pear"],"potions_floor_usage":[],"damage_taken":[{"damage":0,"enemies":"2 Louse","floor":1,"turns":3},{"damage":5,"enemies":"Small Slimes","floor":5,"turns":5},{"damage":1,"enemies":"Jaw Worm","floor":14,"turns":3},{"damage":56,"enemies":"Slime Boss","floor":16,"turns":11}],"seed_played":"7895828609088768801","potions_obtained":[{"floor":1,"key":"Ancient Potion"}],"is_trial":false,"path_per_floor":["M","?","?","?","M","R","?","R","T","$","R","?","R","M","R","B"],"character_chosen":"THE_SILENT","items_purchased":["Well Laid Plans","Crippling Poison"],"campfire_rested":0,"item_purchase_floors":[10,10],"current_hp_per_floor":[59,41,41,46,41,41,41,41,51,51,51,51,51,50,50,0],"gold":19,"neow_bonus":"RANDOM_COLORLESS_2","is_prod":false,"is_daily":false,"chose_seed":false,"campfire_upgraded":5,"win_rate":0,"timestamp":1565796304,"path_taken":["M","?","?","?","M","R","?","R","T","?","R","?","R","?","R","BOSS"],"build_version":"2019-07-17","purchased_purges":1,"victory":false,"max_hp_per_floor":[60,60,60,65,65,65,65,65,75,75,75,75,75,75,75,75],"card_choices":[{"not_picked":["Riddle With Holes","Prepared"],"picked":"Deflect","floor":1},{"not_picked":["Reflex","Outmaneuver"],"picked":"Flying Knee","floor":5},{"not_picked":["Blade Dance","Cloak And Dagger"],"picked":"Dash","floor":14}],"player_experience":1884683,"relics_obtained":[{"floor":9,"key":"Pear"}],"event_choices":[{"damage_healed":0,"gold_gain":0,"player_choice":"Entered Light","damage_taken":18,"max_hp_gain":0,"max_hp_loss":0,"event_name":"Shining Light","floor":2,"gold_loss":0,"cards_upgraded":["Defend_G","Strike_G"]},{"cards_removed":["Strike_G"],"damage_healed":0,"gold_gain":0,"player_choice":"Card Removal","damage_taken":0,"max_hp_gain":0,"max_hp_loss":0,"event_name":"The Cleric","floor":3,"gold_loss":75},{"damage_healed":0,"gold_gain":0,"player_choice":"Donut","damage_taken":0,"max_hp_gain":5,"max_hp_loss":0,"event_name":"Big Fish","floor":4,"gold_loss":0},{"damage_healed":0,"gold_gain":150,"player_choice":"AGREE","damage_taken":0,"max_hp_gain":0,"max_hp_loss":0,"event_name":"Liars Game","floor":7,"gold_loss":0,"cards_obtained":["Doubt"]},{"damage_healed":0,"gold_gain":0,"player_choice":"Grow","damage_taken":0,"max_hp_gain":0,"max_hp_loss":0,"event_name":"Living Wall","floor":12,"gold_loss":0,"cards_upgraded":["Forethought"]}],"is_beta":false,"boss_relics":[],"items_purged_floors":[10],"is_endless":false,"potions_floor_spawned":[1],"killed_by":"Slime Boss","ascension_level":19}