{"gold_per_floor":[112,112,62,10,22,55,55,75,75,75,94,121,121,152,152,230,230,240,155,155,40,40,40,65,65,113,125,153,170,180,214,214,293,293,303,323,32,32,32,66,66,91,91,120,120],"floor_reached":45,"playtime":2505,"items_purged":["Strike_G","Strike_G"],"score":1056,"play_id":"9e84419c-f480-44e2-a672-70eba9ee869f","local_time":"20181030221746","is_ascension_mode":true,"campfire_choices":[{"data":"Neutralize","floor":10,"key":"SMITH"},{"floor":13,"key":"REST"},{"data":"Deadly Poison","floor":15,"key":"SMITH"},{"data":"Dash","floor":23,"key":"SMITH"},{"floor":32,"key":"REST"},{"data":"Malaise","floor":41,"key":"SMITH"}],"neow_cost":"NONE","seed_source_timestamp":220006179700232,"circlet_count":0,"master_deck":["Defend_G+1","Defend_G","Defend_G","Defend_G","Defend_G","Strike_G","Strike_G","Survivor","Neutralize+1","AscendersBane","Deadly Poison+1","Well Laid Plans","Dash+1","Crippling Poison","Leg Sweep","PiercingWail+1","Noxious Fumes+1","Blur","Backflip","Dodge and Roll","Escape Plan","Noxious Fumes+1","Malaise+1","Quick Slash+1","Metamorphosis","Noxious Fumes+1","Blur+1"],"relics":["Ring of the Snake","NeowsBlessing","Pantograph","Anchor","The Specimen","Mango","Sozu","Dodecahedron","War Paint","Boot","Frozen Egg 2","Vajra","Snake Skull","Mercury Hourglass","Cursed Key","Art of War","Question Card","Dream Catcher"],"potions_floor_usage":[8,12,16,28],"damage_taken":[{"damage":0,"enemies":"2 Louse","floor":1,"turns":1},{"damage":0,"enemies":"Jaw Worm","floor":5,"turns":1},{"damage":0,"enemies":"Gremlin Nob","floor":6,"turns":1},{"damage":1,"enemies":"Cultist","floor":8,"turns":4},{"damage":4,"enemies":"Exordium Wildlife","floor":11,"turns":6},{"damage":45,"enemies":"Lagavulin","floor":12,"turns":7},{"damage":8,"enemies":"3 Sentries","floor":14,"turns":13},{"damage":18,"enemies":"Hexaghost","floor":16,"turns":12},{"damage":4,"enemies":"Shell Parasite","floor":18,"turns":6},{"damage":21,"enemies":"Book of Stabbing","floor":24,"turns":8},{"damage":0,"enemies":"Chosen","floor":27,"turns":5},{"damage":14,"enemies":"Gremlin Leader","floor":28,"turns":7},{"damage":6,"enemies":"3 Cultists","floor":29,"turns":6},{"damage":3,"enemies":"Centurion and Healer","floor":30,"turns":6},{"damage":27,"enemies":"Slavers","floor":31,"turns":5},{"damage":18,"enemies":"Automaton","floor":33,"turns":7},{"damage":20,"enemies":"3 Shapes","floor":35,"turns":6},{"damage":4,"enemies":"Orb Walker","floor":36,"turns":5},{"damage":5,"enemies":"Nemesis","floor":40,"turns":9},{"damage":32,"enemies":"Giant Head","floor":42,"turns":9},{"damage":11,"enemies":"Reptomancer","floor":44,"turns":5},{"damage":18,"enemies":"Spire Growth","floor":45,"turns":4}],"seed_played":"833817425919178059","potions_obtained":[{"floor":7,"key":"AttackPotion"},{"floor":8,"key":"Fruit Juice"},{"floor":14,"key":"SpeedPotion"},{"floor":16,"key":"SteroidPotion"}],"is_trial":false,"path_per_floor":["M","$","?","$","M","E","?","M","T","R","M","E","R","E","R","B",null,"M","?","T","$","?","R","E","T","T","M","E","M","M","E","R","B",null,"M","M","$","?","?","E","R","E","T","E"],"character_chosen":"THE_SILENT","items_purchased":["Explosive Potion","Blur","Metamorphosis"],"campfire_rested":2,"item_purchase_floors":[4,21,37],"current_hp_per_floor":[63,63,63,63,63,63,63,67,67,67,63,18,40,46,46,53,80,76,76,76,76,99,99,78,78,78,78,64,58,55,28,57,64,90,70,66,66,66,66,61,61,29,29,18,0],"gold":120,"neow_bonus":"THREE_ENEMY_KILL","is_prod":false,"is_daily":false,"chose_seed":false,"campfire_upgraded":4,"win_rate":0,"timestamp":1540937866,"path_taken":["M","$","?","?","?","E","?","M","T","R","M","E","R","E","R","BOSS","M","?","?","$","?","R","E","?","T","M","E","M","?","E","R","BOSS","M","M","$","?","?","E","R","E","T","E","M"],"build_version":"2018-10-25v2","purchased_purges":2,"victory":false,"max_hp_per_floor":[70,70,70,70,70,70,70,75,75,75,75,75,75,89,89,89,89,89,89,89,89,99,99,99,99,99,99,99,99,99,99,99,99,99,99,99,99,99,99,99,99,99,99,99,99],"card_choices":[{"not_picked":["Blade Dance","Deflect","Setup"],"picked":"SKIP","floor":1},{"not_picked":["Dash","Acrobatics"],"picked":"Deadly Poison","floor":5},{"not_picked":["Underhanded Strike","PiercingWail"],"picked":"Well Laid Plans","floor":6},{"not_picked":["Expertise","Sucker Punch"],"picked":"Dash","floor":8},{"not_picked":["Cloak And Dagger","Footwork"],"picked":"Crippling Poison","floor":11},{"not_picked":["Skewer","Heel Hook"],"picked":"Leg Sweep","floor":12},{"not_picked":["Leg Sweep","Underhanded Strike"],"picked":"PiercingWail","floor":14},{"not_picked":["Wraith Form v2","A Thousand Cuts"],"picked":"Burst","floor":16},{"not_picked":["Deflect","Backflip"],"picked":"Noxious Fumes+1","floor":18},{"not_picked":["Deflect","Cloak And Dagger"],"picked":"Backflip","floor":24},{"not_picked":["Finisher","Deflect"],"picked":"Dodge and Roll","floor":27},{"not_picked":["Outmaneuver","Masterful Stab"],"picked":"Escape Plan","floor":28},{"not_picked":["Slice","Bane","PiercingWail"],"picked":"SKIP","floor":29},{"not_picked":["Cloak And Dagger","Well Laid Plans+1","Eviscerate"],"picked":"SKIP","floor":30},{"not_picked":["Concentrate","Dagger Throw+1"],"picked":"Noxious Fumes+1","floor":31},{"not_picked":["Tools of the Trade+1","Doppelganger"],"picked":"Malaise","floor":33},{"not_picked":["Deflect","Leg Sweep"],"picked":"Heel Hook+1","floor":35},{"not_picked":["Cloak And Dagger","Flying Knee+1"],"picked":"Quick Slash+1","floor":36},{"not_picked":["Acrobatics","Endless Agony"],"picked":"Noxious Fumes+1","floor":40},{"not_picked":["Heel Hook+1","Glass Knife"],"picked":"Blur+1","floor":42},{"not_picked":["Dagger Spray","Sucker Punch","Prepared","Poisoned Stab"],"picked":"SKIP","floor":44}],"player_experience":948753,"relics_obtained":[{"floor":6,"key":"Pantograph"},{"floor":9,"key":"Anchor"},{"floor":12,"key":"The Specimen"},{"floor":14,"key":"Mango"},{"floor":20,"key":"War Paint"},{"floor":24,"key":"Boot"},{"floor":25,"key":"Frozen Egg 2"},{"floor":26,"key":"Vajra"},{"floor":28,"key":"Snake Skull"},{"floor":31,"key":"Mercury Hourglass"},{"floor":40,"key":"Art of War"},{"floor":42,"key":"Question Card"},{"floor":44,"key":"Dream Catcher"}],"event_choices":[{"cards_removed":["Strike_G"],"damage_healed":0,"gold_gain":0,"player_choice":"Card Removal","damage_taken":0,"max_hp_gain":0,"max_hp_loss":0,"event_name":"The Cleric","floor":3,"gold_loss":50},{"damage_healed":0,"gold_gain":0,"player_choice":"Got Potions","damage_taken":0,"max_hp_gain":0,"max_hp_loss":0,"event_name":"The Lab","floor":7,"gold_loss":0},{"damage_healed":0,"gold_gain":0,"player_choice":"Obtained Relic","damage_taken":0,"relics_obtained":["Dodecahedron"],"max_hp_gain":0,"max_hp_loss":0,"event_name":"Addict","floor":19,"gold_loss":85},{"cards_removed":["Burst"],"damage_healed":13,"gold_gain":0,"player_choice":"Offered Rare","damage_taken":0,"max_hp_gain":10,"max_hp_loss":0,"event_name":"Bonfire Elementals","floor":22,"gold_loss":0},{"cards_removed":["Heel Hook"],"damage_healed":0,"gold_gain":0,"player_choice":"Removed Attack","damage_taken":0,"max_hp_gain":0,"max_hp_loss":0,"event_name":"Falling","floor":38,"gold_loss":0},{"damage_healed":0,"gold_gain":0,"player_choice":"Ignored","damage_taken":0,"max_hp_gain":0,"max_hp_loss":0,"event_name":"Mysterious Sphere","floor":39,"gold_loss":0}],"is_beta":false,"boss_relics":[{"not_picked":["Ectoplasm","Runic Pyramid"],"picked":"Sozu"},{"not_picked":["Eternal Feather","Velvet Choker"],"picked":"Cursed Key"}],"items_purged_floors":[21,37],"is_endless":false,"potions_floor_spawned":[8,14,16,27,29,31,33,35],"killed_by":"Spire Growth","ascension_level":13}