{"path_per_floor":["M","?","$","M","?","E","R","E","T","R","M","?","M","M","R","B",null,"M","?","$","?","?","R","M"],"character_chosen":"DEFECT","items_purchased":["Biased Cognition","Capacitor","Oddly Smooth Stone"],"gold_per_floor":[214,214,4,20,20,60,60,99,99,99,123,123,136,159,159,289,289,304,304,71,71,71,71,66,66],"floor_reached":25,"campfire_rested":0,"playtime":1251,"item_purchase_floors":[3,20,20],"current_hp_per_floor":[74,74,74,66,66,73,73,60,60,60,60,60,60,46,46,46,75,71,71,71,71,80,80,80,0],"items_purged":["Injury"],"gold":66,"score":298,"play_id":"32b8302c-b3a7-46c9-bdde-96270fc45168","local_time":"20180622181327","is_prod":false,"is_daily":false,"chose_seed":false,"is_ascension_mode":true,"campfire_upgraded":4,"win_rate":0,"timestamp":1529687607,"campfire_choices":[{"data":"Biased Cognition","floor":7,"key":"SMITH"},{"data":"Zap","floor":10,"key":"SMITH"},{"data":"Reinforced Body","floor":15,"key":"SMITH"},{"data":"Chill","floor":23,"key":"SMITH"}],"path_taken":["M","?","$","M","?","E","R","E","T","R","?","?","M","?","R","BOSS","M","?","$","?","?","R","M","E"],"build_version":"2018-06-21","seed_source_timestamp":690641554975038,"purchased_purges":1,"circlet_count":0,"victory":false,"master_deck":["Strike_B+1","Strike_B+1","Strike_B+1","Strike_B+1","Defend_B+1","Defend_B+1","Defend_B+1","Defend_B+1","Zap+1","Dualcast","Cold Snap","Biased Cognition+1","Gash","Rip and Tear","Hologram+1","Ball Lightning","Reinforced Body+1","Creative AI","Chill+1","Capacitor","Bandage Up","Leap","Conserve Battery"],"max_hp_per_floor":[75,75,75,75,75,75,75,75,75,75,75,75,75,75,75,75,75,80,80,80,80,80,80,80,80],"relics":["Cracked Core","Golden Idol","Ornamental Fan","Art of War","Darkstone Periapt","Eternal Feather","Oddly Smooth Stone"],"card_choices":[{"not_picked":["Stack","Gash"],"picked":"Cold Snap","floor":1},{"not_picked":["Stack","Conserve Battery"],"picked":"Gash","floor":4},{"not_picked":["Double Energy","FTL"],"picked":"Rip and Tear","floor":6},{"not_picked":["BootSequence","Rebound"],"picked":"Hologram","floor":8},{"not_picked":["Gash","Stack"],"picked":"Ball Lightning","floor":11},{"not_picked":["Stack","Auto Shields"],"picked":"Reinforced Body","floor":13},{"not_picked":["Hologram","Steam","Stack"],"picked":"SKIP","floor":14},{"not_picked":["Meteor Strike","Fission"],"picked":"Creative AI","floor":16},{"not_picked":["Skim","Stack"],"picked":"Chill","floor":18},{"not_picked":["Steam Power","Beam Cell"],"picked":"Conserve Battery","floor":24}],"player_experience":470249,"potions_floor_usage":[6,6,8,18,25,25,25],"damage_taken":[{"damage":1,"enemies":"2 Louse","floor":1,"turns":2},{"damage":8,"enemies":"Small Slimes","floor":4,"turns":3},{"damage":2,"enemies":"Gremlin Nob","floor":6,"turns":3},{"damage":13,"enemies":"3 Sentries","floor":8,"turns":7},{"damage":0,"enemies":"Jaw Worm","floor":11,"turns":3},{"damage":0,"enemies":"Gremlin Gang","floor":13,"turns":4},{"damage":14,"enemies":"Large Slime","floor":14,"turns":4},{"damage":0,"enemies":"Slime Boss","floor":16,"turns":7},{"damage":9,"enemies":"Spheric Guardian","floor":18,"turns":4},{"damage":0,"enemies":"2 Thieves","floor":24,"turns":4},{"damage":93,"enemies":"Gremlin Leader","floor":25,"turns":8}],"relics_obtained":[{"floor":6,"key":"Ornamental Fan"},{"floor":8,"key":"Art of War"},{"floor":9,"key":"Darkstone Periapt"}],"event_choices":[{"event_name":"Golden Idol","player_choice":"Take Wound","floor":2,"damage_taken":0},{"event_name":"The Lab","player_choice":"Got Potions","floor":5,"damage_taken":0},{"event_name":"Living Wall","player_choice":"Grow","floor":12,"damage_taken":0},{"event_name":"Back to Basics","player_choice":"Simplicity","floor":19,"damage_taken":0},{"event_name":"Match and Keep!","player_choice":"2 cards matched","floor":21,"damage_taken":0},{"event_name":"Wheel of Change","player_choice":"Full Heal","floor":22,"damage_taken":0}],"boss_relics":[{"not_picked":["Pandora\u0027s Box","Black Star"],"picked":"Eternal Feather"}],"items_purged_floors":[3],"is_endless":false,"potions_floor_spawned":[6,8,14,16,18,24],"seed_played":"-7926759728242649385","killed_by":"Gremlin Leader","ascension_level":3,"potions_obtained":[{"floor":5,"key":"FearPotion"},{"floor":5,"key":"Dexterity Potion"},{"floor":5,"key":"Regen Potion"},{"floor":6,"key":"SkillPotion"},{"floor":8,"key":"Poison Potion"},{"floor":14,"key":"Fruit Juice"},{"floor":16,"key":"PowerPotion"},{"floor":18,"key":"Block Potion"},{"floor":24,"key":"FocusPotion"}],"is_trial":false}