{"gold_per_floor":[119,129,142,161,179,144,144,202,202,202,214,214,243,259,259,330,330,330,330,330,330,330,330],"floor_reached":23,"playtime":957,"items_purged":[],"score":457,"play_id":"a63ea818-122a-4427-86c9-f0d0559168b5","local_time":"20190706143844","is_ascension_mode":true,"campfire_choices":[{"data":"Zap","floor":7,"key":"SMITH"},{"floor":10,"key":"REST"},{"data":"Conserve Battery","floor":12,"key":"SMITH"},{"data":"Doom and Gloom","floor":15,"key":"SMITH"}],"neow_cost":"NONE","seed_source_timestamp":18195200312400,"circlet_count":0,"master_deck":["AscendersBane","Strike_B","Strike_B","Strike_B","Strike_B","Defend_B","Defend_B","Defend_B","Defend_B","Zap+1","Dualcast","Blind","Reinforced Body","Conserve Battery+1","Gash","Melter","Conserve Battery","Cold Snap","Gash","Doom and Gloom+1","Tempest","Meteor Strike","Capacitor+1","Redo","Hologram","Barrage"],"relics":["Cracked Core","Thread and Needle","Shuriken","Mercury Hourglass","Ectoplasm"],"potions_floor_usage":[4,4,5,16,20],"damage_taken":[{"damage":3,"enemies":"Cultist","floor":1,"turns":4},{"damage":0,"enemies":"Jaw Worm","floor":2,"turns":4},{"damage":1,"enemies":"2 Louse","floor":3,"turns":2},{"damage":30,"enemies":"Gremlin Gang","floor":4,"turns":4},{"damage":6,"enemies":"Exordium Thugs","floor":5,"turns":4},{"damage":26,"enemies":"3 Sentries","floor":8,"turns":9},{"damage":0,"enemies":"Looter","floor":11,"turns":3},{"damage":14,"enemies":"3 Sentries","floor":13,"turns":8},{"damage":0,"enemies":"3 Louse","floor":14,"turns":1},{"damage":0,"enemies":"Slime Boss","floor":16,"turns":7},{"damage":28,"enemies":"3 Byrds","floor":18,"turns":4},{"damage":4,"enemies":"Chosen","floor":19,"turns":5},{"damage":6,"enemies":"Snake Plant","floor":20,"turns":3},{"damage":6,"enemies":"Centurion and Healer","floor":21,"turns":4},{"damage":28,"enemies":"Slavers","floor":23,"turns":3}],"seed_played":"2165218901071389270","potions_obtained":[{"floor":1,"key":"AttackPotion"},{"floor":2,"key":"Strength Potion"},{"floor":4,"key":"Poison Potion"},{"floor":8,"key":"SteroidPotion"},{"floor":13,"key":"Weak Potion"},{"floor":16,"key":"Strength Potion"},{"floor":19,"key":"FairyPotion"}],"is_trial":false,"path_per_floor":["M","M","M","M","M","?","R","?","T","R","M","R","E","M","R","B",null,"M","M","M","M","?","E"],"character_chosen":"DEFECT","items_purchased":[],"campfire_rested":1,"item_purchase_floors":[],"current_hp_per_floor":[61,61,60,30,24,41,41,15,15,36,36,36,22,22,22,22,59,31,27,21,15,15,0],"gold":330,"neow_bonus":"RANDOM_COLORLESS","is_prod":false,"is_daily":false,"chose_seed":false,"campfire_upgraded":3,"win_rate":0,"timestamp":1562416724,"path_taken":["M","M","M","M","?","?","R","?","T","R","M","R","E","M","R","BOSS","M","M","M","M","?","E"],"build_version":"2019-07-05","purchased_purges":0,"victory":false,"max_hp_per_floor":[71,71,71,71,71,71,71,71,71,71,71,71,71,71,71,71,71,71,71,71,71,71,71],"card_choices":[{"not_picked":["Stack","Beam Cell"],"picked":"Reinforced Body","floor":1},{"not_picked":["Sweeping Beam","Consume"],"picked":"Conserve Battery","floor":2},{"not_picked":["Skim","Barrage"],"picked":"Gash","floor":3},{"not_picked":["Static Discharge","Recycle"],"picked":"Melter","floor":4},{"not_picked":["Redo","Reboot"],"picked":"Conserve Battery","floor":5},{"not_picked":["Hologram","Beam Cell"],"picked":"Cold Snap","floor":8},{"not_picked":["Glacier","Barrage"],"picked":"Gash","floor":11},{"not_picked":["Coolheaded","FTL"],"picked":"Doom and Gloom","floor":13},{"not_picked":["Stack","Conserve Battery"],"picked":"Tempest","floor":14},{"not_picked":["Electrodynamics","Seek"],"picked":"Meteor Strike","floor":16},{"not_picked":["Gash","Steam"],"picked":"Capacitor","floor":18},{"not_picked":["Ball Lightning","Cold Snap"],"picked":"Redo","floor":19},{"not_picked":["Recycle","Go for the Eyes"],"picked":"Hologram","floor":20},{"not_picked":["Conserve Battery","Static Discharge"],"picked":"Barrage","floor":21}],"player_experience":1618488,"relics_obtained":[{"floor":8,"key":"Thread and Needle"},{"floor":9,"key":"Shuriken"},{"floor":13,"key":"Mercury Hourglass"}],"event_choices":[{"damage_healed":17,"gold_gain":0,"player_choice":"Healed","damage_taken":0,"max_hp_gain":0,"max_hp_loss":0,"event_name":"The Cleric","floor":6,"gold_loss":35},{"damage_healed":0,"gold_gain":0,"player_choice":"Searched \u00271\u0027 times","damage_taken":0,"max_hp_gain":0,"max_hp_loss":0,"event_name":"Dead Adventurer","floor":8,"gold_loss":0},{"damage_healed":0,"gold_gain":0,"player_choice":"Upgraded","damage_taken":0,"max_hp_gain":0,"max_hp_loss":0,"event_name":"Upgrade Shrine","floor":22,"gold_loss":0,"cards_upgraded":["Capacitor"]}],"is_beta":false,"boss_relics":[{"not_picked":["Velvet Choker","Snecko Eye"],"picked":"Ectoplasm"}],"items_purged_floors":[],"is_endless":false,"potions_floor_spawned":[1,2,4,8,13,16,19],"killed_by":"Slavers","ascension_level":17}