{"gold_per_floor":[19,19,30,180,11,11,26,26,53,68,86,86,86,113,113,191,191,208,193,224,251,251,251,270,270,351,379,429,429,429,46,46,124,124,137,137,189,411,411,411],"floor_reached":40,"playtime":1834,"items_purged":["Doubt"],"score":729,"play_id":"bea39281-0093-4c65-b38e-62867f978f8d","local_time":"20190423141504","is_ascension_mode":true,"campfire_choices":[{"data":"Neutralize","floor":6,"key":"SMITH"},{"data":"Noxious Fumes","floor":12,"key":"SMITH"},{"floor":15,"key":"REST"},{"floor":23,"key":"REST"},{"data":"Bullet Time","floor":25,"key":"SMITH"},{"floor":30,"key":"REST"},{"floor":32,"key":"REST"}],"neow_cost":"NO_GOLD","seed_source_timestamp":56236294013700,"circlet_count":0,"master_deck":["AscendersBane","Survivor","Neutralize+1","Dagger Spray","Dodge and Roll","Flying Knee","Noxious Fumes+1","Noxious Fumes","Backflip","Malaise","Backflip","Bullet Time+1","Dagger Throw","Backstab","Glass Knife","Backflip","Storm of Steel","Envenom","Heel Hook","Dodge and Roll","Deadly Poison","Escape Plan","Dodge and Roll","Crippling Poison","Leg Sweep","Calculated Gamble","Necronomicurse","Noxious Fumes+1","Master of Strategy","Adrenaline","PiercingWail","Sadistic Nature+1","Transmutation","Riddle With Holes"],"relics":["Ring of the Snake","Thread and Needle","Orichalcum","Juzu Bracelet","FaceOfCleric","Odd Mushroom","Pandora\u0027s Box","Red Mask","Oddly Smooth Stone","Frozen Egg 2","Pear","Necronomicon","Sozu","Du-Vu Doll"],"potions_floor_usage":[14,18,20,27,33,37,40],"damage_taken":[{"damage":0,"enemies":"Jaw Worm","floor":1,"turns":5},{"damage":0,"enemies":"Small Slimes","floor":3,"turns":4},{"damage":0,"enemies":"Cultist","floor":7,"turns":4},{"damage":0,"enemies":"2 Fungi Beasts","floor":10,"turns":4},{"damage":0,"enemies":"Exordium Wildlife","floor":11,"turns":5},{"damage":0,"enemies":"The Mushroom Lair","floor":14,"turns":4},{"damage":6,"enemies":"The Guardian","floor":16,"turns":12},{"damage":0,"enemies":"Chosen","floor":18,"turns":6},{"damage":10,"enemies":"2 Thieves","floor":19,"turns":4},{"damage":48,"enemies":"Masked Bandits","floor":20,"turns":6},{"damage":17,"enemies":"Cultist and Chosen","floor":24,"turns":6},{"damage":9,"enemies":"Slavers","floor":27,"turns":5},{"damage":21,"enemies":"Collector","floor":33,"turns":9},{"damage":4,"enemies":"Orb Walker","floor":35,"turns":5},{"damage":0,"enemies":"2 Orb Walkers","floor":37,"turns":5},{"damage":88,"enemies":"Awakened One","floor":40,"turns":9}],"seed_played":"-3459453084777350157","potions_obtained":[{"floor":7,"key":"GhostInAJar"},{"floor":16,"key":"Block Potion"},{"floor":19,"key":"Regen Potion"},{"floor":20,"key":"Energy Potion"},{"floor":33,"key":"SteroidPotion"}],"is_trial":false,"path_per_floor":["M","?","M","?","$","R","M","?","T","M","M","R","?","?","R","B",null,"M","M","?","T","?","R","M","R","T","E","?","?","R","$","R","B",null,"M","?","?","?","?","B"],"character_chosen":"THE_SILENT","items_purchased":["Flying Knee","Noxious Fumes","GhostInAJar","Energy Potion","Noxious Fumes+1","Master of Strategy"],"campfire_rested":4,"item_purchase_floors":[5,5,31,31,31,31],"current_hp_per_floor":[59,39,39,39,39,39,39,34,34,34,34,34,34,35,55,50,64,65,56,24,24,24,45,29,29,29,31,31,10,34,34,58,38,73,70,65,66,66,66,0],"gold":411,"neow_bonus":"ONE_RARE_RELIC","is_prod":false,"is_daily":false,"chose_seed":false,"campfire_upgraded":3,"win_rate":0,"timestamp":1556021704,"path_taken":["M","?","M","?","$","R","M","?","T","M","M","R","?","?","R","BOSS","M","M","?","?","?","R","M","R","T","E","?","?","R","$","R","BOSS","M","?","?","?","?","BOSS"],"build_version":"2019-01-23","purchased_purges":1,"victory":false,"max_hp_per_floor":[66,66,66,66,66,66,66,66,66,66,66,66,66,67,67,68,68,69,70,71,71,71,71,72,72,72,83,83,83,83,83,83,84,84,85,85,86,86,86,86],"card_choices":[{"not_picked":["Infinite Blades","Flechettes"],"picked":"Dagger Spray","floor":1},{"not_picked":["Noxious Fumes","Reflex"],"picked":"Dodge and Roll","floor":3},{"not_picked":["Underhanded Strike","Flying Knee"],"picked":"Noxious Fumes","floor":7},{"not_picked":["Distraction","All Out Attack"],"picked":"Backflip","floor":10},{"not_picked":["Slice","Finisher"],"picked":"Malaise","floor":11},{"not_picked":["Poisoned Stab","Dagger Throw"],"picked":"Backflip","floor":14},{"not_picked":["Die Die Die","Burst"],"picked":"Bullet Time","floor":16},{"not_picked":["Slice","Deadly Poison"],"picked":"Escape Plan","floor":18},{"not_picked":["Underhanded Strike","Quick Slash"],"picked":"Dodge and Roll","floor":19},{"not_picked":["Calculated Gamble","Deadly Poison"],"picked":"Crippling Poison","floor":20},{"not_picked":["Escape Plan","Cloak And Dagger"],"picked":"Leg Sweep","floor":24},{"not_picked":["Expertise","Quick Slash"],"picked":"Calculated Gamble","floor":27},{"not_picked":["Night Terror","Unload"],"picked":"Adrenaline","floor":33},{"not_picked":["Prepared","Noxious Fumes+1"],"picked":"PiercingWail","floor":35},{"not_picked":["Deep Breath","Purity"],"picked":"Sadistic Nature+1","floor":36},{"not_picked":["Enlightenment","PanicButton"],"picked":"Transmutation","floor":36},{"not_picked":["Heel Hook","Outmaneuver"],"picked":"Riddle With Holes","floor":37}],"player_experience":1048952,"relics_obtained":[{"floor":9,"key":"Juzu Bracelet"},{"floor":14,"key":"Odd Mushroom"},{"floor":20,"key":"Red Mask"},{"floor":21,"key":"Oddly Smooth Stone"},{"floor":26,"key":"Frozen Egg 2"},{"floor":27,"key":"Pear"},{"floor":29,"key":"Necronomicon"},{"floor":37,"key":"Du-Vu Doll"}],"event_choices":[{"damage_healed":0,"gold_gain":0,"player_choice":"Entered Light","damage_taken":20,"max_hp_gain":0,"max_hp_loss":0,"event_name":"Shining Light","floor":2,"gold_loss":0,"cards_upgraded":["Defend_G","Defend_G"]},{"damage_healed":0,"gold_gain":150,"player_choice":"AGREE","damage_taken":0,"max_hp_gain":0,"max_hp_loss":0,"event_name":"Liars Game","floor":4,"gold_loss":0,"cards_obtained":["Doubt"]},{"damage_healed":0,"gold_gain":0,"player_choice":"Success","damage_taken":5,"relics_obtained":["Orichalcum"],"max_hp_gain":0,"max_hp_loss":0,"event_name":"Scrap Ooze","floor":8,"gold_loss":0},{"damage_healed":0,"gold_gain":0,"player_choice":"Trade","damage_taken":0,"relics_obtained":["FaceOfCleric"],"max_hp_gain":0,"max_hp_loss":0,"event_name":"FaceTrader","floor":13,"gold_loss":0},{"damage_healed":0,"gold_gain":0,"player_choice":"Fought Mushrooms","damage_taken":0,"max_hp_gain":0,"max_hp_loss":0,"event_name":"Mushrooms","floor":14,"gold_loss":0},{"damage_healed":0,"gold_gain":0,"player_choice":"Fought Bandits","damage_taken":0,"max_hp_gain":0,"max_hp_loss":0,"event_name":"Masked Bandits","floor":20,"gold_loss":0},{"cards_removed":["Phantasmal Killer"],"damage_healed":0,"gold_gain":0,"player_choice":"Elegance","damage_taken":0,"max_hp_gain":0,"max_hp_loss":0,"event_name":"Back to Basics","floor":22,"gold_loss":0},{"damage_healed":0,"gold_gain":50,"player_choice":"Stole From Cult","damage_taken":0,"max_hp_gain":0,"max_hp_loss":0,"event_name":"Nest","floor":28,"gold_loss":0},{"damage_healed":0,"gold_gain":0,"player_choice":"Obtained Book","damage_taken":21,"max_hp_gain":0,"max_hp_loss":0,"event_name":"Cursed Tome","floor":29,"gold_loss":0},{"damage_healed":0,"gold_gain":0,"player_choice":"Memory 2","damage_taken":5,"max_hp_gain":0,"max_hp_loss":0,"event_name":"SensoryStone","floor":36,"gold_loss":0},{"damage_healed":0,"gold_gain":0,"player_choice":"Fight","damage_taken":0,"max_hp_gain":0,"max_hp_loss":0,"event_name":"Mysterious Sphere","floor":37,"gold_loss":0},{"damage_healed":0,"gold_gain":222,"player_choice":"Wore Mask","damage_taken":0,"max_hp_gain":0,"max_hp_loss":0,"event_name":"Tomb of Lord Red Mask","floor":38,"gold_loss":0},{"damage_healed":0,"gold_gain":0,"player_choice":"Took Portal","damage_taken":0,"max_hp_gain":0,"max_hp_loss":0,"event_name":"SecretPortal","floor":39,"gold_loss":0}],"is_beta":false,"boss_relics":[{"not_picked":["Runic Pyramid","Busted Crown"],"picked":"Pandora\u0027s Box"},{"not_picked":["Black Star","White Beast Statue"],"picked":"Sozu"}],"items_purged_floors":[5],"is_endless":false,"potions_floor_spawned":[7,16,19,20,33],"killed_by":"Awakened One","ascension_level":15}