{"gold_per_floor":[11,22,22,22,36,36,68,68,68,68],"floor_reached":10,"playtime":266,"items_purged":[],"score":116,"play_id":"764b2f5c-12c4-4a9c-a5e6-600a9799c283","local_time":"20190514194602","is_ascension_mode":true,"campfire_choices":[{"data":"Defend_R","floor":6,"key":"PURGE"},{"data":"Whirlwind","floor":8,"key":"SMITH"}],"neow_cost":"NO_GOLD","seed_source_timestamp":74300077457200,"circlet_count":0,"master_deck":["AscendersBane","Strike_R","Strike_R","Strike_R","Strike_R","Defend_R","Defend_R","Defend_R","Bash","Disarm","Whirlwind+1","Perfected Strike","Clash","Second Wind"],"relics":["Burning Blood","Peace Pipe","Prayer Wheel","Juzu Bracelet","Dodecahedron"],"potions_floor_usage":[5,7],"damage_taken":[{"damage":6,"enemies":"Cultist","floor":1,"turns":3},{"damage":8,"enemies":"Small Slimes","floor":2,"turns":3},{"damage":7,"enemies":"Jaw Worm","floor":5,"turns":3},{"damage":25,"enemies":"Gremlin Nob","floor":7,"turns":4},{"damage":40,"enemies":"Lagavulin","floor":10,"turns":7}],"seed_played":"7826740747752089397","potions_obtained":[{"floor":1,"key":"Energy Potion"},{"floor":2,"key":"FearPotion"}],"is_trial":false,"path_per_floor":["M","M","?","?","M","R","E","R","T","E"],"character_chosen":"IRONCLAD","items_purchased":[],"campfire_rested":0,"item_purchase_floors":[],"current_hp_per_floor":[68,66,61,54,53,53,34,34,34,0],"gold":68,"neow_bonus":"ONE_RARE_RELIC","is_prod":false,"is_daily":false,"chose_seed":false,"campfire_upgraded":1,"win_rate":0,"timestamp":1557855962,"path_taken":["M","?","?","?","M","R","E","R","T","E"],"build_version":"2019-01-23","purchased_purges":0,"victory":false,"max_hp_per_floor":[75,75,75,75,75,75,75,75,75,75],"card_choices":[{"not_picked":["Cleave","Rupture"],"picked":"Disarm","floor":1},{"not_picked":["Wild Strike","Bloodletting"],"picked":"Whirlwind","floor":2},{"not_picked":["Havoc","Cleave"],"picked":"Perfected Strike","floor":5},{"not_picked":["Hemokinesis","Armaments"],"picked":"Clash","floor":5},{"not_picked":["Intimidate","Sever Soul"],"picked":"Second Wind","floor":7}],"player_experience":1087884,"relics_obtained":[{"floor":7,"key":"Juzu Bracelet"},{"floor":9,"key":"Dodecahedron"}],"event_choices":[{"damage_healed":0,"gold_gain":0,"player_choice":"Success","damage_taken":5,"relics_obtained":["Prayer Wheel"],"max_hp_gain":0,"max_hp_loss":0,"event_name":"Scrap Ooze","floor":3,"gold_loss":0},{"cards_removed":["Strike_R"],"damage_healed":0,"gold_gain":0,"player_choice":"Card Removal","damage_taken":7,"max_hp_gain":0,"max_hp_loss":0,"event_name":"Golden Wing","floor":4,"gold_loss":0}],"is_beta":false,"boss_relics":[],"items_purged_floors":[],"is_endless":false,"potions_floor_spawned":[1,2],"killed_by":"Lagavulin","ascension_level":15}