{"gold_per_floor":[113,113,113,263,263,263,294,304,304,321,332,332,362,381,381,452,452,464,464,379,391,61,61,61,61,61,71,81,81,81],"floor_reached":30,"playtime":1108,"items_purged":["Strike_R"],"score":468,"play_id":"49f943ab-b666-4eb6-a4e4-f8ee6b323eda","local_time":"20190630083249","is_ascension_mode":true,"campfire_choices":[{"data":"Bash","floor":6,"key":"SMITH"},{"data":"Body Slam","floor":12,"key":"SMITH"},{"data":"Evolve","floor":15,"key":"SMITH"},{"floor":23,"key":"REST"},{"data":"Flex","floor":25,"key":"SMITH"},{"data":"Whirlwind","floor":29,"key":"SMITH"}],"neow_cost":"NONE","seed_source_timestamp":1066377127758000,"circlet_count":0,"master_deck":["AscendersBane","Strike_R","Strike_R","Strike_R","Strike_R","Defend_R","Defend_R","Defend_R","Defend_R","Bash+1","Body Slam+1","Flex+1","Dual Wield","Ghostly Armor","Feel No Pain","Evolve+1","Limit Break","Power Through","Metallicize","Reaper","Power Through","Entrench","Thunderclap","Whirlwind+1"],"relics":["Burning Blood","NeowsBlessing","Paper Frog","Dead Branch","Anchor","Sozu","PreservedInsect","Red Skull"],"potions_floor_usage":[11,16,16],"damage_taken":[{"damage":0,"enemies":"Jaw Worm","floor":1,"turns":1},{"damage":0,"enemies":"3 Sentries","floor":7,"turns":2},{"damage":0,"enemies":"Cultist","floor":8,"turns":1},{"damage":7,"enemies":"Small Slimes","floor":10,"turns":3},{"damage":14,"enemies":"Blue Slaver","floor":11,"turns":3},{"damage":0,"enemies":"3 Louse","floor":14,"turns":3},{"damage":43,"enemies":"Slime Boss","floor":16,"turns":12},{"damage":17,"enemies":"Chosen","floor":18,"turns":5},{"damage":60,"enemies":"Spheric Guardian","floor":21,"turns":9},{"damage":7,"enemies":"Colosseum Slavers","floor":24,"turns":7},{"damage":13,"enemies":"Centurion and Healer","floor":27,"turns":5},{"damage":24,"enemies":"Sentry and Sphere","floor":28,"turns":6},{"damage":33,"enemies":"Chosen and Byrds","floor":30,"turns":3}],"seed_played":"-973895881097860845","potions_obtained":[{"floor":1,"key":"Dexterity Potion"},{"floor":11,"key":"LiquidBronze"},{"floor":14,"key":"BloodPotion"}],"is_trial":false,"path_per_floor":["M","$","?","?","?","R","E","M","T","M","M","R","?","M","R","B",null,"M","?","?","M","$","R","?","R","T","M","M","R","M"],"character_chosen":"IRONCLAD","items_purchased":["Reaper","Power Through","Entrench"],"campfire_rested":1,"item_purchase_floors":[22,22,22],"current_hp_per_floor":[74,74,79,79,79,79,80,80,80,79,71,71,71,77,77,48,72,61,61,61,7,7,31,35,35,35,28,17,17,0],"gold":81,"neow_bonus":"THREE_ENEMY_KILL","is_prod":false,"is_daily":false,"chose_seed":false,"campfire_upgraded":5,"win_rate":0,"timestamp":1561876369,"path_taken":["M","$","?","?","?","R","E","?","T","M","M","R","?","M","R","BOSS","M","?","?","M","$","R","?","R","T","M","M","R","M"],"build_version":"2019-01-23","purchased_purges":1,"victory":false,"max_hp_per_floor":[75,75,80,80,80,80,80,80,80,80,80,80,80,80,80,80,80,80,80,80,80,80,80,80,80,80,80,80,80,80],"card_choices":[{"not_picked":["Sever Soul","Wild Strike"],"picked":"Body Slam","floor":1},{"not_picked":["Twin Strike","Warcry"],"picked":"Flex","floor":7},{"not_picked":["Carnage","Clothesline"],"picked":"Dual Wield","floor":8},{"not_picked":["Carnage","Pommel Strike"],"picked":"Ghostly Armor","floor":10},{"not_picked":["Clothesline","Entrench"],"picked":"Feel No Pain","floor":11},{"not_picked":["Warcry","Power Through"],"picked":"Evolve","floor":14},{"not_picked":["Feed","Fiend Fire"],"picked":"Limit Break","floor":16},{"not_picked":["Heavy Blade","True Grit"],"picked":"Power Through","floor":18},{"not_picked":["Seeing Red","Pommel Strike"],"picked":"Metallicize","floor":21},{"not_picked":["Cleave","Perfected Strike"],"picked":"Thunderclap","floor":27},{"not_picked":["Clothesline","Flex"],"picked":"Whirlwind","floor":28}],"player_experience":1518523,"relics_obtained":[{"floor":7,"key":"Paper Frog"},{"floor":9,"key":"Dead Branch"},{"floor":26,"key":"Red Skull"}],"event_choices":[{"damage_healed":0,"gold_gain":0,"player_choice":"Donut","damage_taken":0,"max_hp_gain":5,"max_hp_loss":0,"event_name":"Big Fish","floor":3,"gold_loss":0},{"damage_healed":0,"gold_gain":150,"player_choice":"AGREE","damage_taken":0,"max_hp_gain":0,"max_hp_loss":0,"event_name":"Liars Game","floor":4,"gold_loss":0,"cards_obtained":["Doubt"]},{"cards_removed":["Doubt"],"damage_healed":0,"gold_gain":0,"player_choice":"Card Removal","damage_taken":0,"max_hp_gain":0,"max_hp_loss":0,"event_name":"Wheel of Change","floor":5,"gold_loss":0},{"damage_healed":0,"gold_gain":30,"player_choice":"Searched \u00273\u0027 times","damage_taken":0,"relics_obtained":["Anchor"],"max_hp_gain":0,"max_hp_loss":0,"event_name":"Dead Adventurer","floor":13,"gold_loss":0},{"damage_healed":0,"gold_gain":0,"player_choice":"Ignored","damage_taken":0,"max_hp_gain":0,"max_hp_loss":0,"event_name":"Vampires","floor":19,"gold_loss":0},{"damage_healed":0,"gold_gain":0,"player_choice":"Obtained Relic","damage_taken":0,"relics_obtained":["PreservedInsect"],"max_hp_gain":0,"max_hp_loss":0,"event_name":"Addict","floor":20,"gold_loss":85},{"damage_healed":0,"gold_gain":0,"player_choice":"Fight","damage_taken":0,"max_hp_gain":0,"max_hp_loss":0,"event_name":"Colosseum","floor":24,"gold_loss":0},{"damage_healed":0,"gold_gain":0,"player_choice":"Fled From Nobs","damage_taken":0,"max_hp_gain":0,"max_hp_loss":0,"event_name":"Colosseum","floor":24,"gold_loss":0}],"is_beta":false,"boss_relics":[{"not_picked":["Coffee Dripper","Black Star"],"picked":"Sozu"}],"items_purged_floors":[22],"is_endless":false,"potions_floor_spawned":[1,11,14,18,27],"killed_by":"Chosen and Byrds","ascension_level":17}