{"gold_per_floor":[110,110,35,45,55,55,71,90,114,114,114,114,125,125,125,125],"floor_reached":16,"playtime":670,"items_purged":["Shame"],"score":166,"play_id":"c60e4267-bbb8-495a-9172-9f8e2bebc1ba","local_time":"20190610031119","is_ascension_mode":true,"campfire_choices":[{"data":"Neutralize","floor":6,"key":"SMITH"},{"data":"Tools of the Trade","floor":10,"key":"SMITH"},{"data":"Neutralize","floor":12,"key":"SMITH"},{"data":"Distraction","floor":15,"key":"SMITH"}],"neow_cost":"NONE","seed_source_timestamp":253894919121300,"circlet_count":0,"master_deck":["AscendersBane","Defend_G","Defend_G","Defend_G","Defend_G","Defend_G","Strike_G","Strike_G","Strike_G","Strike_G","Strike_G","Survivor","Neutralize+1","Forethought","Dagger Throw","Neutralize+1","Backflip","Tools of the Trade+1","Distraction+1","Flying Knee","Dagger Spray"],"relics":["Ring of the Snake","Omamori","Ancient Tea Set","Golden Idol"],"potions_floor_usage":[7,7,16],"damage_taken":[{"damage":2,"enemies":"2 Louse","floor":1,"turns":4},{"damage":0,"enemies":"Cultist","floor":4,"turns":5},{"damage":0,"enemies":"Jaw Worm","floor":5,"turns":6},{"damage":4,"enemies":"Large Slime","floor":7,"turns":8},{"damage":6,"enemies":"2 Fungi Beasts","floor":8,"turns":5},{"damage":1,"enemies":"Blue Slaver","floor":13,"turns":4},{"damage":35,"enemies":"Hexaghost","floor":16,"turns":14}],"seed_played":"-8664209457720825772","potions_obtained":[{"floor":1,"key":"Explosive Potion"},{"floor":4,"key":"EssenceOfSteel"},{"floor":7,"key":"Block Potion"}],"is_trial":false,"path_per_floor":["M","?","$","M","M","R","M","M","T","R","?","R","M","?","R","B"],"character_chosen":"THE_SILENT","items_purchased":[],"campfire_rested":0,"item_purchase_floors":[],"current_hp_per_floor":[57,57,57,57,57,57,53,47,47,47,36,36,35,35,35,0],"gold":125,"neow_bonus":"RANDOM_COLORLESS","is_prod":false,"is_daily":false,"chose_seed":false,"campfire_upgraded":4,"win_rate":0,"timestamp":1560129079,"path_taken":["M","?","?","M","M","R","M","M","T","R","?","R","?","?","R","BOSS"],"build_version":"2019-01-23","purchased_purges":1,"victory":false,"max_hp_per_floor":[66,66,66,66,66,66,66,66,66,66,66,66,66,66,66,66],"card_choices":[{"not_picked":["Acrobatics","Masterful Stab"],"picked":"Dagger Throw","floor":1},{"not_picked":["Expertise","Underhanded Strike"],"picked":"Backflip","floor":4},{"not_picked":["Eviscerate","Poisoned Stab"],"picked":"Tools of the Trade","floor":5},{"not_picked":["Blade Dance","Poisoned Stab"],"picked":"Distraction","floor":7},{"not_picked":["Dagger Throw","Deflect"],"picked":"Flying Knee","floor":8},{"not_picked":["Quick Slash","Night Terror"],"picked":"Dagger Spray","floor":13}],"player_experience":1264835,"relics_obtained":[{"floor":9,"key":"Omamori"}],"event_choices":[{"damage_healed":0,"gold_gain":0,"player_choice":"2 cards matched","damage_taken":0,"max_hp_gain":0,"max_hp_loss":0,"event_name":"Match and Keep!","floor":2,"gold_loss":0,"cards_obtained":["Neutralize","Shame"]},{"damage_healed":0,"gold_gain":0,"player_choice":"Success","damage_taken":11,"relics_obtained":["Ancient Tea Set"],"max_hp_gain":0,"max_hp_loss":0,"event_name":"Scrap Ooze","floor":11,"gold_loss":0},{"damage_healed":0,"gold_gain":0,"player_choice":"Take Wound","damage_taken":0,"relics_obtained":["Golden Idol"],"max_hp_gain":0,"max_hp_loss":0,"event_name":"Golden Idol","floor":14,"gold_loss":0,"cards_obtained":["Injury"]}],"is_beta":false,"boss_relics":[],"items_purged_floors":[3],"is_endless":false,"potions_floor_spawned":[1,4,7],"killed_by":"Hexaghost","ascension_level":16}