{"gold_per_floor":[119,294,244,261,331,331,345,363,363,388,61,79,79,89,89,188,188,206,206,206,206,106,106,140,140,165,183,197,229,229],"floor_reached":30,"playtime":436,"items_purged":["Strike_R","Defend_R"],"score":248,"play_id":"5eedeb64-6e78-49d5-b3a1-502a80e4abb3","local_time":"20191014054731","is_ascension_mode":false,"campfire_choices":[{"data":"Bash","floor":6,"key":"SMITH"},{"data":"Flex","floor":13,"key":"SMITH"},{"data":"Twin Strike","floor":15,"key":"SMITH"},{"data":"Clash","floor":23,"key":"SMITH"},{"data":"Thunderclap","floor":25,"key":"SMITH"}],"neow_cost":"NONE","seed_source_timestamp":38673281503728,"circlet_count":0,"master_deck":["Strike_R","Strike_R","Strike_R","Strike_R","Defend_R","Defend_R","Defend_R","Bash+1","Twin Strike+1","Flex+1","Thunderclap+1","Havoc+1","Limit Break+1","Clash+1","Clash","Injury","Heavy Blade"],"relics":["Burning Blood","NeowsBlessing","Pantograph","Thread and Needle","Anchor","Toxic Egg 2","Cursed Key","Turnip","Red Skull","Red Mask"],"potions_floor_usage":[10,10,16,24,29],"damage_taken":[{"damage":0,"enemies":"Cultist","floor":1,"turns":1},{"damage":0,"enemies":"2 Louse","floor":4,"turns":1},{"damage":0,"enemies":"Jaw Worm","floor":7,"turns":1},{"damage":9,"enemies":"Blue Slaver","floor":8,"turns":3},{"damage":14,"enemies":"Lagavulin","floor":10,"turns":5},{"damage":0,"enemies":"Red Slaver","floor":12,"turns":3},{"damage":0,"enemies":"3 Louse","floor":14,"turns":4},{"damage":61,"enemies":"The Guardian","floor":16,"turns":10},{"damage":0,"enemies":"Chosen","floor":18,"turns":3},{"damage":10,"enemies":"Slavers","floor":24,"turns":4},{"damage":11,"enemies":"3 Byrds","floor":27,"turns":5},{"damage":16,"enemies":"Shelled Parasite and Fungi","floor":28,"turns":4},{"damage":0,"enemies":"Masked Bandits","floor":29,"turns":2},{"damage":0,"enemies":"Centurion and Healer","floor":30,"turns":1}],"seed_played":"-4872426318107647043","potions_obtained":[{"floor":1,"key":"Ancient Potion"},{"floor":8,"key":"Weak Potion"},{"floor":10,"key":"Weak Potion"},{"floor":16,"key":"Regen Potion"},{"floor":18,"key":"SkillPotion"},{"floor":24,"key":"EssenceOfSteel"},{"floor":28,"key":"AttackPotion"}],"is_trial":false,"path_per_floor":["M","?","?","M","T","R","M","M","T","E","$","M","R","M","R","B",null,"M","?","?","?","$","R","E","R","T","M","M","?","M"],"character_chosen":"IRONCLAD","items_purchased":["Toxic Egg 2"],"campfire_rested":0,"item_purchase_floors":[11],"current_hp_per_floor":[80,80,80,80,80,80,80,77,77,69,69,75,75,80,80,25,80,80,80,80,65,65,65,61,61,61,56,46,52,52],"gold":229,"neow_bonus":"THREE_ENEMY_KILL","is_prod":false,"is_daily":false,"chose_seed":false,"campfire_upgraded":5,"win_rate":0,"timestamp":1571053651,"path_taken":["M","?","?","M","?","R","?","M","T","E","$","M","R","M","R","BOSS","M","?","?","?","$","R","E","R","T","M","M","?","M"],"build_version":"2019-10-11","purchased_purges":2,"victory":false,"max_hp_per_floor":[80,80,80,80,80,80,80,80,80,80,80,80,80,80,80,80,80,80,80,80,85,85,85,85,85,85,85,85,85,85],"card_choices":[{"not_picked":["Rupture","Cleave","True Grit"],"picked":"SKIP","floor":1},{"not_picked":["Ghostly Armor","Pommel Strike"],"picked":"Twin Strike","floor":4},{"not_picked":["Perfected Strike","Thunderclap"],"picked":"Flex","floor":7},{"not_picked":["Cleave","Perfected Strike"],"picked":"Thunderclap","floor":8},{"not_picked":["Seeing Red","Wild Strike","Reaper"],"picked":"SKIP","floor":10},{"not_picked":["Twin Strike","Dual Wield+1","Cleave"],"picked":"SKIP","floor":12},{"not_picked":["Rupture","Thunderclap"],"picked":"Havoc+1","floor":14},{"not_picked":["Dark Embrace","Reaper"],"picked":"Limit Break+1","floor":16},{"not_picked":["Warcry+1","Shrug It Off+1"],"picked":"Clash","floor":18},{"not_picked":["Sword Boomerang","Entrench+1"],"picked":"Clash","floor":24},{"not_picked":["Uppercut","Anger"],"picked":"Heavy Blade","floor":27},{"not_picked":["Intimidate+1","Body Slam","Bludgeon"],"picked":"SKIP","floor":28}],"player_experience":1613496,"relics_obtained":[{"floor":5,"key":"Pantograph"},{"floor":9,"key":"Thread and Needle"},{"floor":10,"key":"Anchor"},{"floor":24,"key":"Turnip"},{"floor":26,"key":"Red Skull"},{"floor":29,"key":"Red Mask"}],"event_choices":[{"damage_healed":0,"gold_gain":175,"player_choice":"AGREE","damage_taken":0,"max_hp_gain":0,"max_hp_loss":0,"event_name":"Liars Game","floor":2,"gold_loss":0,"cards_obtained":["Doubt"]},{"cards_removed":["Doubt"],"damage_healed":0,"gold_gain":0,"player_choice":"Card Removal","damage_taken":0,"max_hp_gain":0,"max_hp_loss":0,"event_name":"The Cleric","floor":3,"gold_loss":50},{"damage_healed":0,"gold_gain":0,"player_choice":"Ignored","damage_taken":0,"max_hp_gain":0,"max_hp_loss":0,"event_name":"Ghosts","floor":19,"gold_loss":0},{"damage_healed":0,"gold_gain":0,"player_choice":"Ignored","damage_taken":0,"max_hp_gain":0,"max_hp_loss":0,"event_name":"Vampires","floor":20,"gold_loss":0},{"damage_healed":0,"gold_gain":0,"player_choice":"Shed Blood","damage_taken":20,"max_hp_gain":5,"max_hp_loss":0,"event_name":"Forgotten Altar","floor":21,"gold_loss":0},{"damage_healed":0,"gold_gain":0,"player_choice":"Fought Bandits","damage_taken":0,"max_hp_gain":0,"max_hp_loss":0,"event_name":"Masked Bandits","floor":29,"gold_loss":0}],"is_beta":true,"boss_relics":[{"not_picked":["Calling Bell","Mark of Pain"],"picked":"Cursed Key"}],"items_purged_floors":[11,22],"is_endless":false,"potions_floor_spawned":[1,8,10,16,18,24,28],"killed_by":"Centurion and Healer","ascension_level":0}