{"gold_per_floor":[113,113,113,193,343,343,369,31,31,65,65,80,80,108,108,183,183,196,196,209,209,209,209,224,235,260,275,275,275,43,58,58,132,132,147,165,165,187,39,39,39,66,66,94,62,0,17,27,27,27],"floor_reached":51,"playtime":4067,"items_purged":["Doubt","Shame","Regret"],"score":1545,"play_id":"8d4ac096-9f68-4d20-8003-e530b3b5a4ac","local_time":"20190801161950","is_ascension_mode":true,"campfire_choices":[{"data":"Neutralize","floor":6.0,"key":"SMITH"},{"data":"A Thousand Cuts","floor":13.0,"key":"SMITH"},{"data":"Footwork","floor":15.0,"key":"SMITH"},{"data":"Skewer","floor":23.0,"key":"SMITH"},{"data":"After Image","floor":28.0,"key":"SMITH"},{"data":"Finisher","floor":32.0,"key":"SMITH"},{"data":"Accuracy","floor":40.0,"key":"SMITH"},{"data":"Well Laid Plans","floor":49,"key":"SMITH"}],"neow_cost":"NONE","seed_source_timestamp":0,"circlet_count":0,"master_deck":["AscendersBane","Strike_G","Strike_G","Strike_G","Strike_G","Defend_G","Defend_G+1","Defend_G","Defend_G","Defend_G","Survivor+1","Neutralize+1","Quick Slash","Footwork+1","Dagger Spray","A Thousand Cuts+1","Blade Dance+1","Venomology+1","After Image+1","Escape Plan+1","Skewer+1","Calculated Gamble+1","Blade Dance+1","Clumsy","Bullet Time+1","Blade Dance+1","Finisher+1","Reflex+1","Corpse Explosion+1","Injury","Regret","Leg Sweep+1","Well Laid Plans+1","Accuracy+1","Endless Agony","A Thousand Cuts+1","Acrobatics+1","Doubt","Calculated Gamble+1","Tactician+1","Deflect+1","Blur+1"],"special_seed":0,"relics":["Ring of the Snake","NeowsBlessing","Mummified Hand","Kunai","Shuriken","Toxic Egg 2","Mercury Hourglass","Happy Flower","Question Card","Cursed Key","Gremlin Horn","Bronze Scales","Darkstone Periapt","Calling Bell","War Paint","The Courier","Bird Faced Urn","MawBank","Meat on the Bone","Bottled Flame","Vajra","Red Mask"],"potions_floor_usage":[48,50,50],"damage_taken":[{"damage":0.0,"enemies":"Cultist","floor":1.0,"turns":1.0},{"damage":0.0,"enemies":"Gremlin Nob","floor":7.0,"turns":1.0},{"damage":0.0,"enemies":"Lagavulin","floor":10.0,"turns":1.0},{"damage":0.0,"enemies":"2 Louse","floor":12.0,"turns":1.0},{"damage":11.0,"enemies":"Gremlin Nob","floor":14.0,"turns":3.0},{"damage":21.0,"enemies":"The Guardian","floor":16.0,"turns":11.0},{"damage":2.0,"enemies":"Spheric Guardian","floor":18.0,"turns":4.0},{"damage":1.0,"enemies":"Shell Parasite","floor":20.0,"turns":4.0},{"damage":7.0,"enemies":"Snake Plant","floor":24.0,"turns":4.0},{"damage":1.0,"enemies":"Centurion and Healer","floor":25.0,"turns":6.0},{"damage":0.0,"enemies":"Cultist and Chosen","floor":27.0,"turns":3.0},{"damage":0.0,"enemies":"Snake Plant","floor":31.0,"turns":2.0},{"damage":13.0,"enemies":"Automaton","floor":33.0,"turns":7.0},{"damage":5.0,"enemies":"Orb Walker","floor":35.0,"turns":3.0},{"damage":3.0,"enemies":"3 Darklings","floor":36.0,"turns":4.0},{"damage":6.0,"enemies":"Maw","floor":38.0,"turns":7.0},{"damage":8.0,"enemies":"Reptomancer","floor":42.0,"turns":5.0},{"damage":3.0,"enemies":"Giant Head","floor":44.0,"turns":6.0},{"damage":24,"enemies":"Writhing Mass","floor":47,"turns":5},{"damage":25,"enemies":"Jaw Worm Horde","floor":48,"turns":3},{"damage":77,"enemies":"Time Eater","floor":50,"turns":12}],"seed_played":"4678856411553155459","potions_obtained":[{"floor":10.0,"key":"Explosive Potion"},{"floor":16.0,"key":"PowerPotion"},{"floor":18.0,"key":"Dexterity Potion"},{"floor":31.0,"key":"Block Potion"},{"floor":35.0,"key":"Fire Potion"},{"floor":38.0,"key":"Weak Potion"},{"floor":44,"key":"Ancient Potion"}],"is_trial":false,"path_per_floor":["M","?","?","T","?","R","E","$","T","E","?","M","R","E","R","B",null,"M","?","M","T","?","R","M","M","T","M","R","?","$","M","R","B",null,"M","M","?","M","$","R","?","E","T","E","$","?","M","M","R","B",null],"character_chosen":"THE_SILENT","items_purchased":["Shuriken","Blade Dance+1","Finisher","Endless Agony","Tactician+1"],"campfire_rested":0,"item_purchase_floors":[8,30,30,39,45],"current_hp_per_floor":[59,64,64,64,64,64,64,64,64,64,59,59,59,48,48,27,60,58,71,70,70,68,68,61,60,60,60,60,66,66,66,66,53,87,84,87,87,86,86,86,86,86,92,95,95,95,81,66,66,13],"gold":27,"neow_bonus":"THREE_ENEMY_KILL","is_prod":false,"is_daily":false,"chose_seed":false,"campfire_upgraded":8,"win_rate":0,"timestamp":1564669190,"path_taken":["M","?","?","?","?","R","E","?","T","E","?","M","R","E","R","BOSS","M","?","M","?","?","R","?","M","T","M","R","?","$","M","R","BOSS","M","M","?","?","$","R","?","E","T","E","?","?","M","M","R","BOSS"],"build_version":"2019-07-17","purchased_purges":3,"victory":true,"max_hp_per_floor":[66,71,71,71,71,71,71,71,71,71,71,71,71,71,71,71,71,71,71,71,71,68,68,68,68,68,68,68,74,74,74,74,74,92,92,92,92,92,92,92,92,92,98,98,98,98,98,98,98,98],"card_choices":[{"not_picked":["Slice","Expertise"],"picked":"Quick Slash","floor":1.0},{"not_picked":["Underhanded Strike","Deadly Poison"],"picked":"Dagger Spray","floor":7.0},{"not_picked":["Bouncing Flask+1","Prepared+1"],"picked":"A Thousand Cuts","floor":10.0},{"not_picked":["Footwork","Slice"],"picked":"Blade Dance+1","floor":12.0},{"not_picked":["Flying Knee","Crippling Poison+1"],"picked":"Venomology+1","floor":14.0},{"not_picked":["Tools of the Trade","Storm of Steel+1","A Thousand Cuts"],"picked":"After Image","floor":16.0},{"not_picked":["Bane","PiercingWail+1","Footwork"],"picked":"Escape Plan+1","floor":18.0},{"not_picked":["Quick Slash","Dagger Spray","Deadly Poison+1"],"picked":"Skewer","floor":20.0},{"not_picked":["Deadly Poison+1","Sucker Punch+1","Acrobatics+1"],"picked":"Calculated Gamble+1","floor":24.0},{"not_picked":["Leg Sweep+1","Terror+1","Backstab"],"picked":"Blade Dance+1","floor":25.0},{"not_picked":["Dagger Spray","Riddle With Holes","Deflect+1"],"picked":"Bullet Time+1","floor":27.0},{"not_picked":["Underhanded Strike","Footwork","Poisoned Stab"],"picked":"Reflex+1","floor":31.0},{"not_picked":["Doppelganger+1","Glass Knife","Tools of the Trade"],"picked":"Corpse Explosion+1","floor":33.0},{"not_picked":["PiercingWail+1","Heel Hook","Deflect+1"],"picked":"Leg Sweep+1","floor":35.0},{"not_picked":["Footwork","Backflip+1","Endless Agony"],"picked":"Well Laid Plans","floor":36.0},{"not_picked":["Dagger Spray+1","Infinite Blades","Riddle With Holes"],"picked":"Accuracy","floor":38.0},{"not_picked":["Dodge and Roll+1","Cloak And Dagger+1","Endless Agony"],"picked":"Acrobatics+1","floor":42.0},{"not_picked":["Underhanded Strike","Escape Plan+1","Backflip+1"],"picked":"Calculated Gamble+1","floor":44},{"not_picked":["Acrobatics+1","Dagger Throw","Slice"],"picked":"Deflect+1","floor":47},{"not_picked":["Dagger Spray","Prepared+1","Backflip+1"],"picked":"Blur+1","floor":48}],"player_experience":1783392,"relics_obtained":[{"floor":4.0,"key":"Mummified Hand"},{"floor":7.0,"key":"Kunai"},{"floor":9.0,"key":"Toxic Egg 2"},{"floor":10.0,"key":"Mercury Hourglass"},{"floor":14.0,"key":"Question Card"},{"floor":21.0,"key":"Gremlin Horn"},{"floor":26.0,"key":"Bronze Scales"},{"floor":34.0,"key":"War Paint"},{"floor":34.0,"key":"The Courier"},{"floor":34.0,"key":"Bird Faced Urn"},{"floor":42.0,"key":"Meat on the Bone"},{"floor":43.0,"key":"Bottled Flame"},{"floor":44,"key":"Vajra"}],"event_choices":[{"damage_healed":0.0,"max_hp_gain":5.0,"max_hp_loss":0.0,"gold_gain":0.0,"event_name":"Big Fish","player_choice":"Donut","floor":2.0,"gold_loss":0.0,"damage_taken":0.0},{"damage_healed":0.0,"max_hp_gain":0.0,"max_hp_loss":0.0,"gold_gain":0.0,"cards_transformed":["Strike_G"],"event_name":"Living Wall","player_choice":"Change","floor":3.0,"gold_loss":0.0,"damage_taken":0.0,"cards_obtained":["Footwork"]},{"damage_healed":0.0,"max_hp_gain":0.0,"max_hp_loss":0.0,"gold_gain":150.0,"event_name":"Liars Game","player_choice":"AGREE","floor":5.0,"gold_loss":0.0,"damage_taken":0.0,"cards_obtained":["Doubt"]},{"damage_healed":0.0,"max_hp_gain":0.0,"max_hp_loss":0.0,"gold_gain":0.0,"event_name":"Scrap Ooze","player_choice":"Success","floor":11.0,"gold_loss":0.0,"damage_taken":5.0,"relics_obtained":["Happy Flower"]},{"damage_healed":14.0,"max_hp_gain":0.0,"max_hp_loss":0.0,"gold_gain":0.0,"event_name":"The Library","player_choice":"Heal","floor":19.0,"gold_loss":0.0,"damage_taken":0.0},{"cards_removed":["Parasite"],"damage_healed":0.0,"max_hp_gain":0.0,"max_hp_loss":0.0,"gold_gain":0.0,"event_name":"Purifier","player_choice":"Purged","floor":22.0,"gold_loss":0.0,"damage_taken":0.0},{"damage_healed":0.0,"max_hp_gain":0.0,"max_hp_loss":0.0,"gold_gain":0.0,"event_name":"Addict","player_choice":"Stole Relic","floor":29.0,"gold_loss":0.0,"damage_taken":0.0,"relics_obtained":["Darkstone Periapt"],"cards_obtained":["Shame"]},{"damage_healed":0.0,"max_hp_gain":0.0,"max_hp_loss":0.0,"gold_gain":0.0,"event_name":"WeMeetAgain","player_choice":"Gave Potion","floor":37.0,"gold_loss":0.0,"damage_taken":0.0,"relics_obtained":["MawBank"]},{"damage_healed":0.0,"max_hp_gain":0.0,"max_hp_loss":0.0,"gold_gain":0.0,"event_name":"Duplicator","player_choice":"Copied","floor":41.0,"gold_loss":0.0,"damage_taken":0.0,"cards_obtained":["A Thousand Cuts"]},{"damage_healed":0,"gold_gain":0,"player_choice":"Paid","damage_taken":0,"relics_obtained":["Red Mask"],"max_hp_gain":0,"max_hp_loss":0,"event_name":"Tomb of Lord Red Mask","floor":46,"gold_loss":62}],"is_beta":false,"boss_relics":[{"not_picked":["Fusion Hammer","Tiny House"],"picked":"Cursed Key"},{"not_picked":["Pandora\u0027s Box","Orrery"],"picked":"Calling Bell"}],"items_purged_floors":[8,30,39],"is_endless":false,"potions_floor_spawned":[10,16,18,24,27,31,35,38,44,48],"ascension_level":18}