{"gold_per_floor":[114,4,21,21,34,34,53,128,151,151,178,193,193,205,205,205],"floor_reached":16,"playtime":638,"items_purged":["Strike_B"],"score":97,"play_id":"d1acbcae-fe5f-4a2c-9690-b667aff3a378","local_time":"20190326145206","is_ascension_mode":true,"campfire_choices":[{"data":"Zap","floor":6,"key":"SMITH"},{"data":"Reprogram","floor":10,"key":"SMITH"},{"data":"Dualcast","floor":15,"key":"SMITH"}],"neow_cost":"NONE","seed_source_timestamp":245319813296363,"circlet_count":0,"master_deck":["Strike_B","Defend_B","Defend_B","Defend_B","Defend_B","Zap+1","Dualcast+1","Sweeping Beam","Undo","Reprogram+1","Skim"],"relics":["Cracked Core","Pen Nib","DataDisk","Dream Catcher"],"potions_floor_usage":[],"damage_taken":[{"damage":0,"enemies":"Small Slimes","floor":1,"turns":3},{"damage":1,"enemies":"Jaw Worm","floor":3,"turns":4},{"damage":5,"enemies":"2 Louse","floor":5,"turns":2},{"damage":12,"enemies":"Exordium Thugs","floor":7,"turns":5},{"damage":14,"enemies":"Gremlin Gang","floor":12,"turns":4},{"damage":0,"enemies":"Red Slaver","floor":14,"turns":3},{"damage":22,"enemies":"Hexaghost","floor":16,"turns":9}],"seed_played":"-1842356760298332012","potions_obtained":[{"floor":1,"key":"FocusPotion"},{"floor":3,"key":"Energy Potion"},{"floor":14,"key":"Energy Potion"}],"is_trial":false,"path_per_floor":["M","$","M","?","M","R","M","?","T","R","T","M","?","M","R","B"],"character_chosen":"DEFECT","items_purchased":["Undo"],"campfire_rested":0,"item_purchase_floors":[2],"current_hp_per_floor":[75,75,74,74,69,69,57,46,46,46,46,32,32,32,32,10],"gold":205,"neow_bonus":"REMOVE_CARD","is_prod":false,"is_daily":false,"chose_seed":false,"campfire_upgraded":3,"win_rate":0,"timestamp":1553637126,"path_taken":["M","$","M","?","M","R","M","?","T","R","?","?","?","M","R","BOSS"],"build_version":"2019-01-23","purchased_purges":1,"victory":false,"max_hp_per_floor":[75,75,75,75,75,75,75,75,75,75,75,75,75,75,75,75],"card_choices":[{"not_picked":["Double Energy","Hello World"],"picked":"Sweeping Beam","floor":1},{"not_picked":["Stack","Cold Snap","Undo"],"picked":"SKIP","floor":3},{"not_picked":["Rebound","Chaos","Leap"],"picked":"SKIP","floor":5},{"not_picked":["Rebound","Chaos","Leap"],"picked":"SKIP","floor":5},{"not_picked":["Beam Cell","Heatsinks"],"picked":"Reprogram","floor":7},{"not_picked":["Barrage","Fission"],"picked":"Skim","floor":12},{"not_picked":["Stack","Aggregate","Heatsinks"],"picked":"SKIP","floor":14}],"player_experience":52654,"relics_obtained":[{"floor":9,"key":"Pen Nib"},{"floor":11,"key":"DataDisk"}],"event_choices":[{"cards_removed":["Strike_B"],"damage_healed":0,"gold_gain":0,"player_choice":"Forget","damage_taken":0,"max_hp_gain":0,"max_hp_loss":0,"event_name":"Living Wall","floor":4,"gold_loss":0},{"damage_healed":0,"gold_gain":75,"player_choice":"Gather Gold","damage_taken":11,"max_hp_gain":0,"max_hp_loss":0,"event_name":"World of Goop","floor":8,"gold_loss":0},{"damage_healed":0,"gold_gain":0,"player_choice":"Gave Potion","damage_taken":0,"relics_obtained":["Dream Catcher"],"max_hp_gain":0,"max_hp_loss":0,"event_name":"WeMeetAgain","floor":13,"gold_loss":0}],"is_beta":false,"boss_relics":[],"items_purged_floors":[2],"is_endless":false,"potions_floor_spawned":[1,3,14],"killed_by":"Hexaghost","ascension_level":1}