{"gold_per_floor":[109,34,45,63,63,63,13,33,113,113,113,113,13,13,13,13],"floor_reached":16,"playtime":291,"items_purged":["Strike_R","Strike_R"],"score":88,"play_id":"7ecd8b9d-cc0a-47b1-a189-d22ac26906bf","local_time":"20191011001050","is_ascension_mode":false,"campfire_choices":[{"data":"Battle Trance","floor":6,"key":"SMITH"},{"data":"Disarm","floor":10,"key":"SMITH"},{"data":"Shockwave","floor":12,"key":"SMITH"},{"data":"Bash","floor":15,"key":"SMITH"}],"neow_cost":"NONE","seed_source_timestamp":18235957316734,"circlet_count":0,"master_deck":["Strike_R","Defend_R","Defend_R","Defend_R","Defend_R","Bash+1","Cleave","Battle Trance+1","Shockwave+1","Disarm+1"],"special_seed":0,"relics":["Burning Blood","PreservedInsect","Kunai"],"potions_floor_usage":[],"damage_taken":[{"damage":14.0,"enemies":"Jaw Worm","floor":1.0,"turns":4.0},{"damage":1.0,"enemies":"2 Louse","floor":3.0,"turns":3.0},{"damage":1,"enemies":"Cultist","floor":4,"turns":3},{"damage":9,"enemies":"3 Louse","floor":8,"turns":3},{"damage":71,"enemies":"Slime Boss","floor":16,"turns":9}],"seed_played":"-8351957857949013572","potions_obtained":[{"floor":4,"key":"SpeedPotion"},{"floor":8,"key":"Strength Potion"}],"is_trial":false,"path_per_floor":["M","$","M","M","?","R","?","M","T","R","$","R","$","?","R","B"],"character_chosen":"IRONCLAD","items_purchased":[],"campfire_rested":0,"item_purchase_floors":[],"current_hp_per_floor":[72,72,77,80,73,73,73,70,70,70,70,70,70,70,70,0],"gold":13,"neow_bonus":"RANDOM_COMMON_RELIC","is_prod":false,"is_daily":false,"chose_seed":false,"campfire_upgraded":4,"win_rate":0,"timestamp":1570777850,"path_taken":["M","$","M","M","?","R","?","M","T","R","$","R","$","?","R","BOSS"],"build_version":"2019-07-17","purchased_purges":2,"victory":false,"max_hp_per_floor":[80,80,80,80,80,80,80,80,80,80,80,80,80,80,80,80],"card_choices":[{"not_picked":["Clash","Searing Blow"],"picked":"Cleave","floor":1.0},{"not_picked":["Flex","Iron Wave"],"picked":"Battle Trance","floor":3.0},{"not_picked":["Power Through","Clothesline"],"picked":"Shockwave","floor":4},{"not_picked":["Twin Strike","Wild Strike"],"picked":"Disarm","floor":8}],"player_experience":398116,"relics_obtained":[{"floor":9,"key":"Kunai"}],"event_choices":[{"cards_removed":["Strike_R"],"damage_healed":0,"gold_gain":0,"player_choice":"Card Removal","damage_taken":7,"max_hp_gain":0,"max_hp_loss":0,"event_name":"Golden Wing","floor":5,"gold_loss":0},{"cards_removed":["Strike_R"],"damage_healed":0,"gold_gain":0,"player_choice":"Card Removal","damage_taken":0,"max_hp_gain":0,"max_hp_loss":0,"event_name":"The Cleric","floor":7,"gold_loss":50},{"damage_healed":0,"gold_gain":0,"player_choice":"Ignored","damage_taken":0,"max_hp_gain":0,"max_hp_loss":0,"event_name":"Liars Game","floor":14,"gold_loss":0}],"is_beta":false,"boss_relics":[],"items_purged_floors":[2,13],"is_endless":false,"potions_floor_spawned":[4,8],"killed_by":"Slime Boss","ascension_level":0}