{"gold_per_floor":[117,117,117,131,44,44,62,93,93,93,107,126,138,168,168,242,242,261,109,124,144,144,174,174,205,230,248,163,177,195,195,195,272,272,291,27,40,52,98,98,108,108,132,146,146,163,163,163,163,163],"floor_reached":50,"playtime":3125,"items_purged":["Clash+1"],"score":918,"play_id":"af1545ad-30f2-46d6-a5c5-d643c5ed179a","local_time":"20191010221208","is_ascension_mode":true,"campfire_choices":[{"data":"Bash","floor":6,"key":"SMITH"},{"data":"Infernal Blade","floor":10,"key":"SMITH"},{"data":"Shrug It Off","floor":15,"key":"SMITH"},{"floor":24,"key":"REST"},{"floor":32,"key":"REST"},{"data":"Limit Break","floor":40,"key":"SMITH"},{"data":"Barricade","floor":42,"key":"SMITH"},{"data":"J.A.X.","floor":45,"key":"SMITH"},{"data":"Entrench","floor":49,"key":"SMITH"}],"neow_cost":"CURSE","seed_source_timestamp":2939076585469,"circlet_count":0,"master_deck":["AscendersBane","Bash+1","Clumsy","Infernal Blade+1","Clothesline+1","Reaper+1","Shrug It Off+1","Pommel Strike+1","Anger+1","Impervious","Armaments","Intimidate","Barricade+1","Entrench+1","Hemokinesis+1","Dual Wield","Disarm","Ghostly Armor","Corruption","Feed+1","Body Slam+1","Shockwave","J.A.X.+1","Fire Breathing","Heavy Blade+1","Flame Barrier","Immolate+1","Limit Break+1","True Grit","Flame Barrier","Corruption+1","Headbutt+1","Body Slam+1","Sword Boomerang+1","Dark Shackles","Madness","Madness"],"relics":["Burning Blood","Gambling Chip","Molten Egg 2","Mummified Hand","Ornamental Fan","Darkstone Periapt","Pandora\u0027s Box","Bronze Scales","Lantern","Red Skull","Torii","Happy Flower","Sozu","Bottled Lightning","Ginger","Juzu Bracelet"],"potions_floor_usage":[8,14,18,25,25,29,41,50],"damage_taken":[{"damage":0,"enemies":"Small Slimes","floor":1,"turns":3},{"damage":7,"enemies":"Jaw Worm","floor":4,"turns":3},{"damage":4,"enemies":"2 Louse","floor":7,"turns":3},{"damage":16,"enemies":"Gremlin Nob","floor":8,"turns":3},{"damage":1,"enemies":"2 Fungi Beasts","floor":11,"turns":3},{"damage":15,"enemies":"Blue Slaver","floor":12,"turns":6},{"damage":0,"enemies":"Lots of Slimes","floor":13,"turns":1},{"damage":17,"enemies":"3 Sentries","floor":14,"turns":6},{"damage":61,"enemies":"The Guardian","floor":16,"turns":10},{"damage":5,"enemies":"Spheric Guardian","floor":18,"turns":3},{"damage":11,"enemies":"Chosen","floor":20,"turns":6},{"damage":23,"enemies":"Shelled Parasite and Fungi","floor":21,"turns":9},{"damage":32,"enemies":"Gremlin Leader","floor":23,"turns":7},{"damage":32,"enemies":"Book of Stabbing","floor":25,"turns":5},{"damage":4,"enemies":"Chosen and Byrds","floor":27,"turns":4},{"damage":22,"enemies":"Snake Plant","floor":29,"turns":5},{"damage":4,"enemies":"Snecko","floor":30,"turns":3},{"damage":32,"enemies":"Champ","floor":33,"turns":13},{"damage":0,"enemies":"3 Shapes","floor":35,"turns":1},{"damage":18,"enemies":"3 Darklings","floor":37,"turns":10},{"damage":11,"enemies":"4 Shapes","floor":38,"turns":6},{"damage":38,"enemies":"2 Orb Walkers","floor":39,"turns":5},{"damage":24,"enemies":"Spire Growth","floor":41,"turns":4},{"damage":38,"enemies":"3 Darklings","floor":44,"turns":6},{"damage":4,"enemies":"4 Shapes","floor":46,"turns":5},{"damage":68,"enemies":"Donu and Deca","floor":50,"turns":5}],"seed_played":"3879581213162401222","potions_obtained":[{"floor":1,"key":"AttackPotion"},{"floor":7,"key":"LiquidBronze"},{"floor":8,"key":"PowerPotion"},{"floor":16,"key":"Ancient Potion"},{"floor":18,"key":"FearPotion"},{"floor":25,"key":"Block Potion"},{"floor":27,"key":"Dexterity Potion"},{"floor":33,"key":"FearPotion"}],"is_trial":false,"path_per_floor":["M","?","?","M","$","R","M","E","T","R","M","M","M","E","R","B",null,"M","$","M","M","?","E","R","E","T","M","?","M","M","?","R","B",null,"M","$","M","M","?","R","M","R","T","M","R","M","?","?","R","B"],"character_chosen":"IRONCLAD","items_purchased":["Reaper+1","Feed+1","Bottled Lightning"],"campfire_rested":2,"item_purchase_floors":[5,19,36],"current_hp_per_floor":[74,48,48,47,47,47,54,44,44,44,59,55,75,64,64,14,60,61,61,56,40,40,26,48,22,22,35,35,22,37,37,59,33,65,71,71,75,75,43,43,40,40,40,58,58,79,79,65,65,0],"gold":163,"neow_bonus":"ONE_RARE_RELIC","is_prod":false,"is_daily":false,"chose_seed":false,"campfire_upgraded":7,"win_rate":0,"timestamp":1570759928,"path_taken":["M","?","?","M","$","R","M","E","T","R","M","M","M","E","R","BOSS","M","$","M","M","?","E","R","E","T","M","?","M","M","?","R","BOSS","M","?","M","M","?","R","M","R","T","M","R","M","?","?","R","BOSS"],"build_version":"2019-10-10","purchased_purges":1,"victory":false,"max_hp_per_floor":[75,75,75,75,75,75,75,75,75,75,75,75,75,75,75,75,75,75,75,75,75,75,75,75,75,75,75,75,75,75,75,75,75,75,75,75,75,75,75,75,75,75,75,75,75,79,79,79,79,79],"card_choices":[{"not_picked":["Pommel Strike","Perfected Strike"],"picked":"Infernal Blade","floor":1},{"not_picked":["Sword Boomerang+1","Reckless Charge+1"],"picked":"Clothesline+1","floor":4},{"not_picked":["Burning Pact","Wild Strike+1","Havoc"],"picked":"SKIP","floor":7},{"not_picked":["Dark Embrace","Headbutt+1","Clash+1"],"picked":"SKIP","floor":8},{"not_picked":["Bloodletting","Power Through"],"picked":"Shrug It Off","floor":11},{"not_picked":["Headbutt+1","Flex"],"picked":"Pommel Strike+1","floor":12},{"not_picked":["Sentinel","Headbutt+1","Clothesline+1"],"picked":"SKIP","floor":13},{"not_picked":["Havoc","Barricade"],"picked":"Anger+1","floor":14},{"not_picked":["Double Tap","Exhume"],"picked":"Impervious","floor":16},{"not_picked":["Havoc","Heavy Blade+1"],"picked":"Corruption","floor":18},{"not_picked":["Anger+1","Searing Blow+1"],"picked":"Body Slam+1","floor":20},{"not_picked":["Warcry","Clothesline+1"],"picked":"Shockwave","floor":21},{"not_picked":["Thunderclap+1","Bloodletting","Searing Blow+1"],"picked":"SKIP","floor":23},{"not_picked":["Shockwave","Warcry"],"picked":"Fire Breathing","floor":25},{"not_picked":["Blood for Blood+1","Shockwave"],"picked":"Heavy Blade+1","floor":27},{"not_picked":["Rupture","Bloodletting"],"picked":"Flame Barrier","floor":29},{"not_picked":["Combust","Clash+1"],"picked":"Immolate+1","floor":30},{"not_picked":["Exhume","Impervious"],"picked":"Limit Break","floor":33},{"not_picked":["Cleave+1","Clash+1"],"picked":"True Grit","floor":35},{"not_picked":["Shrug It Off","Thunderclap+1"],"picked":"Flame Barrier","floor":37},{"not_picked":["Clash+1","Thunderclap+1","Havoc"],"picked":"SKIP","floor":38},{"not_picked":["Hemokinesis+1","Armaments"],"picked":"Corruption+1","floor":39},{"not_picked":["Sword Boomerang+1","Pummel+1"],"picked":"Headbutt+1","floor":41},{"not_picked":["Ghostly Armor+1","Corruption"],"picked":"Body Slam+1","floor":44},{"not_picked":["Flex","Cleave+1"],"picked":"Sword Boomerang+1","floor":46},{"not_picked":["Madness","Purity"],"picked":"Dark Shackles","floor":47}],"player_experience":494534,"relics_obtained":[{"floor":8,"key":"Mummified Hand"},{"floor":9,"key":"Ornamental Fan"},{"floor":14,"key":"Darkstone Periapt"},{"floor":23,"key":"Bronze Scales"},{"floor":25,"key":"Lantern"},{"floor":26,"key":"Red Skull"},{"floor":31,"key":"Happy Flower"},{"floor":39,"key":"Ginger"},{"floor":43,"key":"Juzu Bracelet"}],"event_choices":[{"damage_healed":0,"gold_gain":0,"player_choice":"Success","damage_taken":26,"relics_obtained":["Molten Egg 2"],"max_hp_gain":0,"max_hp_loss":0,"event_name":"Scrap Ooze","floor":2,"gold_loss":0},{"damage_healed":0,"gold_gain":0,"player_choice":"Ignored","damage_taken":0,"max_hp_gain":0,"max_hp_loss":0,"event_name":"Liars Game","floor":3,"gold_loss":0},{"damage_healed":0,"gold_gain":0,"player_choice":"Obtain J.A.X.","damage_taken":0,"max_hp_gain":0,"max_hp_loss":0,"event_name":"Drug Dealer","floor":22,"gold_loss":0,"cards_obtained":["J.A.X."]},{"damage_healed":0,"gold_gain":0,"player_choice":"Obtained Relic","damage_taken":0,"relics_obtained":["Torii"],"max_hp_gain":0,"max_hp_loss":0,"event_name":"Addict","floor":28,"gold_loss":85},{"damage_healed":0,"gold_gain":0,"player_choice":"Relic","damage_taken":0,"max_hp_gain":0,"max_hp_loss":0,"event_name":"Wheel of Change","floor":31,"gold_loss":0},{"damage_healed":0,"gold_gain":0,"player_choice":"Fight","damage_taken":0,"max_hp_gain":0,"max_hp_loss":0,"event_name":"Mysterious Sphere","floor":39,"gold_loss":0},{"damage_healed":0,"gold_gain":0,"player_choice":"Memory 1","damage_taken":0,"max_hp_gain":0,"max_hp_loss":0,"event_name":"SensoryStone","floor":47,"gold_loss":0},{"damage_healed":0,"gold_gain":0,"player_choice":"Embrace Madness","damage_taken":14,"max_hp_gain":0,"max_hp_loss":0,"event_name":"Winding Halls","floor":48,"gold_loss":0,"cards_obtained":["Madness","Madness"]}],"is_beta":true,"boss_relics":[{"not_picked":["Runic Cube","Runic Pyramid"],"picked":"Pandora\u0027s Box"},{"not_picked":["Black Star","Runic Dome"],"picked":"Sozu"}],"items_purged_floors":[19],"is_endless":false,"potions_floor_spawned":[1,7,8,12,16,18,23,25,27,33,35,37,46],"killed_by":"Donu and Deca","ascension_level":16}