{"gold_per_floor":[114,125,145,165,180,180,194,194,194,170,170,190,8,8,8,8],"floor_reached":16,"playtime":945,"items_purged":["Strike_B"],"score":178,"play_id":"55d543da-b71e-45f9-b324-a90907b72680","local_time":"20190706151231","is_ascension_mode":true,"campfire_choices":[{"data":"Zap","floor":6,"key":"SMITH"},{"data":"Fusion","floor":8,"key":"SMITH"},{"floor":15,"key":"REST"}],"neow_cost":"NONE","seed_source_timestamp":20240816382100,"circlet_count":0,"master_deck":["AscendersBane","Strike_B","Strike_B","Strike_B","Defend_B","Defend_B","Defend_B","Defend_B","Zap+1","Dualcast","Blind","Gash","Leap","FTL","Conserve Battery","Steam","Fusion+1","Rebound","Stack","Doom and Gloom","Hologram","Leap","Injury"],"relics":["Cracked Core","The Courier","Golden Idol"],"potions_floor_usage":[4,5,16],"damage_taken":[{"damage":7,"enemies":"Small Slimes","floor":1,"turns":3},{"damage":0,"enemies":"2 Louse","floor":2,"turns":2},{"damage":0,"enemies":"Cultist","floor":3,"turns":3},{"damage":12,"enemies":"3 Louse","floor":4,"turns":4},{"damage":0,"enemies":"Looter","floor":5,"turns":3},{"damage":14,"enemies":"Large Slime","floor":7,"turns":7},{"damage":19,"enemies":"Exordium Thugs","floor":10,"turns":4},{"damage":11,"enemies":"3 Louse","floor":12,"turns":3},{"damage":32,"enemies":"Slime Boss","floor":16,"turns":7}],"seed_played":"-5775005448641466708","potions_obtained":[{"floor":3,"key":"Weak Potion"},{"floor":4,"key":"Fruit Juice"},{"floor":5,"key":"Ancient Potion"},{"floor":12,"key":"SteroidPotion"}],"is_trial":false,"path_per_floor":["M","M","M","M","M","R","M","R","T","M","?","M","$","?","R","B"],"character_chosen":"DEFECT","items_purchased":["Doom and Gloom","Hologram","Leap"],"campfire_rested":1,"item_purchase_floors":[13,13,13],"current_hp_per_floor":[57,57,57,50,50,50,36,36,36,17,17,6,6,6,28,0],"gold":8,"neow_bonus":"RANDOM_COLORLESS","is_prod":false,"is_daily":false,"chose_seed":false,"campfire_upgraded":2,"win_rate":0,"timestamp":1562418751,"path_taken":["M","M","M","M","M","R","M","R","T","M","?","M","$","?","R","BOSS"],"build_version":"2019-07-05","purchased_purges":1,"victory":false,"max_hp_per_floor":[71,71,71,76,76,76,76,76,76,76,76,76,76,76,76,76],"card_choices":[{"not_picked":["Rebound","Steam"],"picked":"Gash","floor":1},{"not_picked":["Gash","Stack"],"picked":"Leap","floor":2},{"not_picked":["Leap","Redo"],"picked":"FTL","floor":3},{"not_picked":["Go for the Eyes","Rip and Tear"],"picked":"Conserve Battery","floor":4},{"not_picked":["Go for the Eyes","Meteor Strike"],"picked":"Steam","floor":5},{"not_picked":["Barrage","Stack"],"picked":"Fusion","floor":7},{"not_picked":["Barrage","Turbo"],"picked":"Rebound","floor":10},{"not_picked":["Reinforced Body","FTL"],"picked":"Stack","floor":12}],"player_experience":1620404,"relics_obtained":[{"floor":9,"key":"The Courier"}],"event_choices":[{"damage_healed":0,"gold_gain":0,"player_choice":"Ignored","damage_taken":0,"max_hp_gain":0,"max_hp_loss":0,"event_name":"Shining Light","floor":11,"gold_loss":0},{"damage_healed":0,"gold_gain":0,"player_choice":"Take Wound","damage_taken":0,"relics_obtained":["Golden Idol"],"max_hp_gain":0,"max_hp_loss":0,"event_name":"Golden Idol","floor":14,"gold_loss":0,"cards_obtained":["Injury"]}],"is_beta":false,"boss_relics":[],"items_purged_floors":[13],"is_endless":false,"potions_floor_spawned":[3,4,5,12],"killed_by":"Slime Boss","ascension_level":17}