{"gold_per_floor":[119,132,151,171,171,198,198,216,216,242,2,2,30,30,30,107,107,127,127,177,192,22,22,34,34,114,125,143,143,154,171,171,171],"floor_reached":33,"playtime":1419,"items_purged":[],"score":498,"play_id":"2a9b46a4-a08c-45ce-ae3d-e1f047479bec","local_time":"20191011214801","is_ascension_mode":true,"campfire_choices":[{"data":"Uppercut","floor":7,"key":"SMITH"},{"floor":12,"key":"REST"},{"data":"Uppercut","floor":15,"key":"SMITH"},{"data":"Uppercut","floor":23,"key":"SMITH"},{"data":"Feel No Pain","floor":25,"key":"SMITH"},{"data":"Feel No Pain","floor":29,"key":"SMITH"},{"data":"Shockwave","floor":32,"key":"SMITH"}],"neow_cost":"NONE","seed_source_timestamp":91751772032928,"circlet_count":0,"master_deck":["AscendersBane","Strike_R","Strike_R","Defend_R","Defend_R","Defend_R","Defend_R","Bash","Uppercut+1","Hemokinesis","Offering","Uppercut+1","Infernal Blade","Shockwave+1","Carnage","Exhume","Infernal Blade+1","Seeing Red+1","Anger+1","Uppercut+1","Feel No Pain+1","Feel No Pain+1","Carnage","Shrug It Off","Shrug It Off","Carnage+1"],"relics":["Burning Blood","Juzu Bracelet","Pantograph","Singing Bowl","Lantern","Orichalcum","Turnip","Astrolabe","Molten Egg 2"],"potions_floor_usage":[10,13,16,28,33,33],"damage_taken":[{"damage":6,"enemies":"Cultist","floor":1,"turns":3},{"damage":10,"enemies":"2 Louse","floor":2,"turns":3},{"damage":3,"enemies":"Small Slimes","floor":3,"turns":2},{"damage":13,"enemies":"Blue Slaver","floor":4,"turns":4},{"damage":34,"enemies":"Lagavulin","floor":6,"turns":5},{"damage":23,"enemies":"Red Slaver","floor":8,"turns":2},{"damage":11,"enemies":"Gremlin Nob","floor":10,"turns":3},{"damage":31,"enemies":"3 Sentries","floor":13,"turns":8},{"damage":23,"enemies":"Slime Boss","floor":16,"turns":7},{"damage":6,"enemies":"Spheric Guardian","floor":18,"turns":2},{"damage":6,"enemies":"Chosen","floor":21,"turns":3},{"damage":19,"enemies":"Sentry and Sphere","floor":24,"turns":5},{"damage":11,"enemies":"Snake Plant","floor":27,"turns":3},{"damage":3,"enemies":"Chosen and Byrds","floor":28,"turns":4},{"damage":20,"enemies":"Sentry and Sphere","floor":30,"turns":4},{"damage":5,"enemies":"Centurion and Healer","floor":31,"turns":7},{"damage":82,"enemies":"Champ","floor":33,"turns":12}],"seed_played":"-3281849008701980637","potions_obtained":[{"floor":2,"key":"Weak Potion"},{"floor":6,"key":"EssenceOfSteel"},{"floor":10,"key":"Swift Potion"},{"floor":16,"key":"SpeedPotion"},{"floor":18,"key":"DuplicationPotion"},{"floor":30,"key":"Fire Potion"}],"is_trial":false,"path_per_floor":["M","M","M","M","?","E","R","M","T","E","$","R","E","?","R","B",null,"M","?","?","M","$","R","M","R","T","M","M","R","M","M","R","B"],"character_chosen":"IRONCLAD","items_purchased":["Shockwave","Orichalcum","Feel No Pain","Carnage","Shrug It Off"],"campfire_rested":1,"item_purchase_floors":[11,11,22,22,22],"current_hp_per_floor":[68,64,67,60,60,32,32,15,15,12,12,35,10,10,10,18,62,62,62,62,64,64,64,51,51,51,46,51,51,39,42,42,0],"gold":171,"neow_bonus":"RANDOM_COMMON_RELIC","is_prod":false,"is_daily":false,"chose_seed":false,"campfire_upgraded":6,"win_rate":0,"timestamp":1570844881,"path_taken":["M","M","M","M","?","E","R","M","T","E","$","R","E","?","R","BOSS","M","?","?","M","$","R","M","R","T","M","M","R","M","M","R","BOSS"],"build_version":"2019-10-11","purchased_purges":0,"victory":false,"max_hp_per_floor":[75,75,75,75,75,75,75,75,75,77,77,77,77,77,77,77,77,77,77,77,79,79,79,79,79,79,79,81,81,83,85,85,85],"card_choices":[{"not_picked":["Cleave","Iron Wave"],"picked":"Uppercut","floor":1},{"not_picked":["Rage","Flex"],"picked":"Hemokinesis","floor":2},{"not_picked":["Wild Strike","Cleave"],"picked":"Offering","floor":3},{"not_picked":["Headbutt","True Grit"],"picked":"Uppercut","floor":4},{"not_picked":["Havoc","Berserk"],"picked":"Infernal Blade","floor":6},{"not_picked":["Intimidate","Warcry","Rage"],"picked":"SKIP","floor":8},{"not_picked":["Seeing Red","Burning Pact","Barricade"],"picked":"Singing Bowl","floor":10},{"not_picked":["Fire Breathing","Wild Strike"],"picked":"Carnage","floor":13},{"not_picked":["Limit Break","Bludgeon"],"picked":"Exhume","floor":16},{"not_picked":["Second Wind","Thunderclap"],"picked":"Uppercut","floor":18},{"not_picked":["Sentinel","Perfected Strike","Wild Strike"],"picked":"Singing Bowl","floor":21},{"not_picked":["Evolve","Entrench"],"picked":"Shrug It Off","floor":24},{"not_picked":["Fire Breathing","Shrug It Off"],"picked":"Carnage+1","floor":27},{"not_picked":["Wild Strike+1","Rupture","Pommel Strike+1"],"picked":"Singing Bowl","floor":28},{"not_picked":["Pommel Strike+1","Anger+1","Armaments"],"picked":"Singing Bowl","floor":30},{"not_picked":["Heavy Blade+1","Twin Strike+1","Warcry+1"],"picked":"Singing Bowl","floor":31}],"player_experience":506068,"relics_obtained":[{"floor":6,"key":"Pantograph"},{"floor":9,"key":"Singing Bowl"},{"floor":10,"key":"Lantern"},{"floor":13,"key":"Turnip"},{"floor":26,"key":"Molten Egg 2"}],"event_choices":[{"damage_healed":0,"gold_gain":0,"player_choice":"Ignored","damage_taken":0,"max_hp_gain":0,"max_hp_loss":0,"event_name":"Golden Idol","floor":5,"gold_loss":0},{"damage_healed":0,"gold_gain":0,"player_choice":"Fled","damage_taken":0,"max_hp_gain":0,"max_hp_loss":0,"event_name":"Scrap Ooze","floor":14,"gold_loss":0},{"damage_healed":0,"gold_gain":0,"player_choice":"Read","damage_taken":0,"max_hp_gain":0,"max_hp_loss":0,"event_name":"The Library","floor":19,"gold_loss":0,"cards_obtained":["Feel No Pain"]},{"damage_healed":0,"gold_gain":50,"player_choice":"Stole From Cult","damage_taken":0,"max_hp_gain":0,"max_hp_loss":0,"event_name":"Nest","floor":20,"gold_loss":0}],"is_beta":true,"boss_relics":[{"not_picked":["Velvet Choker","Runic Pyramid"],"picked":"Astrolabe"}],"items_purged_floors":[],"is_endless":false,"potions_floor_spawned":[2,6,8,10,16,18,24,30],"killed_by":"Champ","ascension_level":17}