{"gold_per_floor":[18,18,29,45,59,59,69,69,69,69,94,94,120,147,147,218,218,232,232,2,2],"floor_reached":21,"playtime":894,"items_purged":["Strike_G"],"score":337,"play_id":"cd9e1220-f839-406b-8f55-a1647efb1c30","local_time":"20190608201038","is_ascension_mode":true,"campfire_choices":[{"data":"Neutralize","floor":6,"key":"SMITH"},{"data":"Distraction","floor":8,"key":"SMITH"},{"floor":15,"key":"REST"}],"neow_cost":"NO_GOLD","seed_source_timestamp":142025665828000,"circlet_count":0,"master_deck":["AscendersBane","Defend_G","Defend_G","Defend_G","Defend_G","Defend_G","Strike_G","Strike_G","Survivor","Neutralize+1","Tactician","Terror","Poisoned Stab","Well Laid Plans","Distraction+1","Finisher+1","Backflip","Deflect","Flechettes","Tools of the Trade","Adrenaline","Bullet Time","Backflip+1","Ghostly","Ghostly","Ghostly","Corpse Explosion"],"relics":["Ring of the Snake","Meat on the Bone","Juzu Bracelet","Happy Flower","Matryoshka","Runic Pyramid"],"potions_floor_usage":[5,21],"damage_taken":[{"damage":2,"enemies":"Jaw Worm","floor":1,"turns":6},{"damage":1,"enemies":"Small Slimes","floor":3,"turns":4},{"damage":0,"enemies":"Cultist","floor":4,"turns":4},{"damage":17,"enemies":"Exordium Thugs","floor":5,"turns":7},{"damage":9,"enemies":"2 Fungi Beasts","floor":7,"turns":3},{"damage":20,"enemies":"Lagavulin","floor":11,"turns":6},{"damage":24,"enemies":"Gremlin Nob","floor":14,"turns":5},{"damage":24,"enemies":"The Guardian","floor":16,"turns":10},{"damage":4,"enemies":"3 Byrds","floor":18,"turns":6},{"damage":40,"enemies":"Chosen","floor":21,"turns":6}],"seed_played":"8344075235427245190","potions_obtained":[{"floor":4,"key":"Swift Potion"},{"floor":5,"key":"Ancient Potion"},{"floor":11,"key":"FairyPotion"},{"floor":14,"key":"Poison Potion"}],"is_trial":false,"path_per_floor":["M","?","M","M","M","R","M","R","T","?","E","?","T","E","R","B",null,"M","?","$","M"],"character_chosen":"THE_SILENT","items_purchased":["Corpse Explosion"],"campfire_rested":1,"item_purchase_floors":[20],"current_hp_per_floor":[57,57,56,56,39,39,30,30,30,30,22,22,22,18,37,25,56,52,33,33,0],"gold":2,"neow_bonus":"TRANSFORM_TWO_CARDS","is_prod":false,"is_daily":false,"chose_seed":false,"campfire_upgraded":2,"win_rate":0,"timestamp":1560017438,"path_taken":["M","?","M","M","M","R","M","R","T","?","E","?","?","E","R","BOSS","M","?","$","M"],"build_version":"2019-01-23","purchased_purges":1,"victory":false,"max_hp_per_floor":[66,66,66,66,66,66,66,66,66,66,66,66,66,66,66,66,66,66,33,33,33],"card_choices":[{"not_picked":["Expertise","Blade Dance"],"picked":"Poisoned Stab","floor":1},{"not_picked":["Predator","Acrobatics"],"picked":"Well Laid Plans","floor":3},{"not_picked":["Eviscerate","Underhanded Strike"],"picked":"Distraction","floor":4},{"not_picked":["Well Laid Plans","Deadly Poison"],"picked":"Finisher","floor":5},{"not_picked":["Choke","Accuracy"],"picked":"Backflip","floor":7},{"not_picked":["Backflip","Heel Hook"],"picked":"Deflect","floor":11},{"not_picked":["Quick Slash","Outmaneuver"],"picked":"Adrenaline","floor":14},{"not_picked":["Die Die Die","Burst"],"picked":"Bullet Time","floor":16},{"not_picked":["Blade Dance","PiercingWail"],"picked":"Backflip+1","floor":18}],"player_experience":1232367,"relics_obtained":[{"floor":9,"key":"Meat on the Bone"},{"floor":11,"key":"Juzu Bracelet"},{"floor":13,"key":"Happy Flower"},{"floor":14,"key":"Matryoshka"}],"event_choices":[{"damage_healed":0,"gold_gain":0,"player_choice":"Leave","damage_taken":0,"max_hp_gain":0,"max_hp_loss":0,"event_name":"The Cleric","floor":2,"gold_loss":0},{"damage_healed":0,"gold_gain":0,"player_choice":"Upgraded","damage_taken":0,"max_hp_gain":0,"max_hp_loss":0,"event_name":"Upgrade Shrine","floor":10,"gold_loss":0,"cards_upgraded":["Finisher"]},{"damage_healed":0,"gold_gain":0,"player_choice":"2 cards matched","damage_taken":0,"max_hp_gain":0,"max_hp_loss":0,"event_name":"Match and Keep!","floor":12,"gold_loss":0,"cards_obtained":["Flechettes","Tools of the Trade"]},{"damage_healed":0,"gold_gain":0,"player_choice":"Became a Ghost","damage_taken":0,"max_hp_gain":0,"max_hp_loss":33,"event_name":"Ghosts","floor":19,"gold_loss":0,"cards_obtained":["Ghostly","Ghostly","Ghostly"]}],"is_beta":false,"boss_relics":[{"not_picked":["Calling Bell","Black Star"],"picked":"Runic Pyramid"}],"items_purged_floors":[20],"is_endless":false,"potions_floor_spawned":[4,5,11,14],"killed_by":"Chosen","ascension_level":16}