{"gold_per_floor":[114,127,141,152,163,163,190,206,206,206,231,231,181,200,200,298,298,310,310,326,341,357,48,48,0,26,26,44,44,44,78,78,78],"floor_reached":33,"playtime":1839,"items_purged":[],"score":419,"play_id":"ac800619-2c75-4d6f-bcd9-135579455886","local_time":"20190920192808","is_ascension_mode":true,"campfire_choices":[{"data":"Perfected Strike","floor":6,"key":"SMITH"},{"floor":10,"key":"REST"},{"data":"Carnage","floor":15,"key":"SMITH"},{"data":"Double Tap","floor":24,"key":"SMITH"},{"data":"Corruption","floor":27,"key":"SMITH"},{"data":"Burning Pact","floor":29,"key":"SMITH"},{"data":"Flame Barrier","floor":32,"key":"SMITH"}],"neow_cost":"NONE","seed_source_timestamp":813606907799596,"circlet_count":0,"master_deck":["AscendersBane","Strike_R+1","Strike_R","Strike_R+1","Strike_R","Strike_R","Defend_R","Defend_R","Defend_R","Defend_R","Perfected Strike+1","Burning Pact+1","Feel No Pain","Flame Barrier+1","Headbutt","Reaper","Carnage+1","Headbutt","Double Tap+1","Shrug It Off","Corruption+1","Disarm+1","Shrug It Off","Exhume"],"relics":["Burning Blood","Gremlin Horn","Eternal Feather","Whetstone","Snecko Eye","HornCleat","Membership Card","Matryoshka","Anchor","Oddly Smooth Stone","Dodecahedron","Omamori","Pantograph"],"potions_floor_usage":[4,7,11,16,21,31,33],"damage_taken":[{"damage":0,"enemies":"Cultist","floor":1,"turns":2},{"damage":7,"enemies":"Small Slimes","floor":2,"turns":4},{"damage":7,"enemies":"2 Louse","floor":3,"turns":3},{"damage":34,"enemies":"Lots of Slimes","floor":4,"turns":6},{"damage":6,"enemies":"2 Fungi Beasts","floor":5,"turns":5},{"damage":47,"enemies":"Lagavulin","floor":7,"turns":8},{"damage":25,"enemies":"Exordium Wildlife","floor":8,"turns":5},{"damage":28,"enemies":"3 Sentries","floor":11,"turns":9},{"damage":1,"enemies":"3 Louse","floor":14,"turns":3},{"damage":24,"enemies":"Slime Boss","floor":16,"turns":9},{"damage":9,"enemies":"Chosen","floor":18,"turns":3},{"damage":13,"enemies":"3 Byrds","floor":20,"turns":3},{"damage":24,"enemies":"Snake Plant","floor":21,"turns":2},{"damage":0,"enemies":"Cultist and Chosen","floor":22,"turns":3},{"damage":0,"enemies":"Shelled Parasite and Fungi","floor":28,"turns":3},{"damage":2,"enemies":"Slavers","floor":31,"turns":7},{"damage":108,"enemies":"Automaton","floor":33,"turns":12}],"seed_played":"-8742626347738962720","potions_obtained":[{"floor":1,"key":"PowerPotion"},{"floor":3,"key":"SpeedPotion"},{"floor":5,"key":"BloodPotion"},{"floor":8,"key":"Regen Potion"},{"floor":11,"key":"Fire Potion"},{"floor":14,"key":"Energy Potion"},{"floor":18,"key":"Block Potion"},{"floor":21,"key":"Ancient Potion"}],"is_trial":false,"path_per_floor":["M","M","M","M","M","R","E","M","T","R","E","?","?","M","R","B",null,"M","?","M","M","M","$","R","?","T","R","M","R","T","E","R","B"],"character_chosen":"IRONCLAD","items_purchased":["Membership Card","Matryoshka","Dexterity Potion"],"campfire_rested":1,"item_purchase_floors":[23,23,23],"current_hp_per_floor":[78,77,76,48,48,48,23,9,9,42,39,32,32,40,49,39,70,71,71,64,46,60,60,72,72,72,80,80,80,80,80,80,0],"gold":78,"neow_bonus":"THREE_CARDS","is_prod":false,"is_daily":false,"chose_seed":false,"campfire_upgraded":6,"win_rate":0,"timestamp":1569022088,"path_taken":["M","M","M","M","M","R","E","M","T","R","E","?","?","M","R","BOSS","M","?","M","?","M","$","R","?","T","R","M","R","?","E","R","BOSS"],"build_version":"2019-09-20","purchased_purges":0,"victory":false,"max_hp_per_floor":[80,80,80,80,80,80,80,80,80,80,80,80,80,80,80,80,80,80,80,80,80,80,80,80,80,80,80,80,80,80,80,80,80],"card_choices":[{"not_picked":["Wild Strike","Havoc"],"picked":"Perfected Strike","floor":0},{"not_picked":["Havoc","Pummel"],"picked":"Burning Pact","floor":1},{"not_picked":["Rage","Heavy Blade","Body Slam"],"picked":"SKIP","floor":2},{"not_picked":["Clothesline","Combust"],"picked":"Feel No Pain","floor":3},{"not_picked":["Bloodletting","Iron Wave"],"picked":"Flame Barrier","floor":4},{"not_picked":["Fire Breathing","Warcry"],"picked":"Headbutt","floor":5},{"not_picked":["Flex","Iron Wave"],"picked":"Reaper","floor":7},{"not_picked":["Anger","Hemokinesis"],"picked":"Carnage","floor":8},{"not_picked":["Havoc","Heavy Blade"],"picked":"Headbutt","floor":11},{"not_picked":["Heavy Blade","Headbutt","Clash"],"picked":"SKIP","floor":14},{"not_picked":["Reaper","Offering"],"picked":"Double Tap","floor":16},{"not_picked":["Havoc","Clothesline"],"picked":"Shrug It Off","floor":18},{"not_picked":["Armaments","Rage+1","Intimidate+1"],"picked":"SKIP","floor":20},{"not_picked":["Warcry","Entrench"],"picked":"Corruption","floor":21},{"not_picked":["Rage+1","True Grit"],"picked":"Disarm+1","floor":22},{"not_picked":["Flex+1","Headbutt"],"picked":"Shrug It Off","floor":28},{"not_picked":["Heavy Blade","Second Wind"],"picked":"Exhume","floor":31}],"player_experience":407119,"relics_obtained":[{"floor":7,"key":"Gremlin Horn"},{"floor":9,"key":"Eternal Feather"},{"floor":11,"key":"Whetstone"},{"floor":26,"key":"Anchor"},{"floor":26,"key":"Oddly Smooth Stone"},{"floor":30,"key":"Dodecahedron"},{"floor":30,"key":"Omamori"},{"floor":31,"key":"Pantograph"}],"event_choices":[{"cards_removed":["Bash"],"damage_healed":0,"gold_gain":0,"player_choice":"Card Removal","damage_taken":7,"max_hp_gain":0,"max_hp_loss":0,"event_name":"Golden Wing","floor":12,"gold_loss":0},{"damage_healed":0,"gold_gain":0,"player_choice":"Left Gold","damage_taken":0,"max_hp_gain":0,"max_hp_loss":0,"event_name":"World of Goop","floor":13,"gold_loss":50},{"damage_healed":0,"gold_gain":0,"player_choice":"Gave Potion","damage_taken":0,"relics_obtained":["HornCleat"],"max_hp_gain":0,"max_hp_loss":0,"event_name":"WeMeetAgain","floor":19,"gold_loss":0},{"damage_healed":0,"gold_gain":0,"player_choice":"Paid Fearfully","damage_taken":0,"max_hp_gain":0,"max_hp_loss":0,"event_name":"Masked Bandits","floor":25,"gold_loss":48}],"is_beta":true,"boss_relics":[{"not_picked":["Coffee Dripper","Sozu"],"picked":"Snecko Eye"}],"items_purged_floors":[],"is_endless":false,"potions_floor_spawned":[1,3,5,8,11,14,18,21],"killed_by":"Automaton","ascension_level":10}