{"path_per_floor":["M","?","$","M","?","E","R","M","T","E","M","?","$","M","R","B",null,"M","$","?","M","?","R","M","M","T","?","E","M","E","?","R","B",null,"M","$","?","$","M","R","M","?","T","E","$","?","M","?","R","B"],"character_chosen":"THE_SILENT","items_purchased":["Infinite Blades","Caltrops","Ornamental Fan","Cloak And Dagger","Kunai","Cloak And Dagger","Happy Flower"],"gold_per_floor":[114,114,40,56,56,83,83,100,100,132,144,244,206,218,218,316,316,336,60,60,80,80,80,95,106,106,106,138,151,182,182,182,281,281,292,20,20,20,33,33,53,98,122,156,11,0,14,14,14,14],"floor_reached":51,"campfire_rested":0,"playtime":4134,"current_hp_per_floor":[70,56,56,56,56,56,56,56,56,39,38,38,38,33,33,26,70,66,66,66,66,53,53,40,40,40,75,69,69,61,61,61,41,75,49,49,49,49,32,32,44,24,24,34,34,34,34,74,74,36],"items_purged":[],"gold":14,"score":630,"play_id":"2bdec463-6451-48e9-9092-6763977f7541","is_prod":false,"is_daily":false,"is_ascension_mode":true,"campfire_upgraded":6,"path_taken":["M","?","$","M","?","E","R","M","T","E","M","?","$","?","R","BOSS","M","$","?","M","?","R","M","M","T","?","E","M","E","?","R","BOSS","M","$","?","?","M","R","M","?","T","E","$","?","M","?","R","BOSS"],"build_version":"2018-02-08-PROD1","purchased_purges":1,"victory":true,"master_deck":["Defend_G","Defend_G","Defend_G+1","Strike_G","Strike_G","Strike_G","Strike_G","Survivor+1","Neutralize+1","Infinite Blades","Prepared","A Thousand Cuts","Calculated Gamble+1","Backflip","Backflip","Blade Dance+1","Caltrops+1","Finisher","After Image+1","Accuracy+1","Cloak And Dagger","Acrobatics","Backflip+1","Malaise","Blur","Tools of the Trade","Cloak And Dagger","Noxious Fumes+1","Caltrops+1","PiercingWail+1","Cloak And Dagger+1"],"max_hp_per_floor":[70,70,70,70,70,70,70,70,70,70,70,70,70,70,70,70,70,70,70,70,70,75,75,75,75,75,75,75,75,75,75,75,75,75,75,75,75,75,75,75,75,75,75,85,85,85,85,74,74,74],"relics":["Ring of the Snake","NeowsBlessing","Anchor","Tingsha","Mummified Hand","Lizard Tail","Ornamental Fan","Frozen Eye","Juzu Bracelet","Prayer Wheel","Question Card","Kunai","Ice Cream","Oddly Smooth Stone","Pear","Happy Flower","Red Mask"],"card_choices":[{"not_picked":["Bane","Flechettes"],"picked":"Concentrate"},{"not_picked":["Masterful Stab","Endless Agony"],"picked":"Prepared"},{"not_picked":["Bane","Riddle With Holes"],"picked":"Calculated Gamble"},{"not_picked":["PiercingWail","Cloak And Dagger"],"picked":"Backflip"},{"not_picked":["Bullet Time","Slice"],"picked":"Backflip"},{"not_picked":["Distraction","Cloak And Dagger"],"picked":"Blade Dance"},{"not_picked":["Deadly Poison","Concentrate"],"picked":"Finisher"},{"not_picked":["Tactician","A Thousand Cuts"],"picked":"After Image"},{"not_picked":["Endless Agony","Poisoned Stab"],"picked":"Accuracy"},{"not_picked":["Quick Slash","Well Laid Plans"],"picked":"Acrobatics"},{"not_picked":["Endless Agony","Outmaneuver"],"picked":"Backflip"},{"not_picked":["Deadly Poison","Setup"],"picked":"Malaise"},{"not_picked":["Skewer","Calculated Gamble"],"picked":"Blur"},{"not_picked":["A Thousand Cuts","Doppelganger"],"picked":"Tools of the Trade"},{"not_picked":["Dagger Throw","Distraction","Choke"],"picked":"Noxious Fumes"},{"not_picked":["Expertise","Dagger Spray","Cloak And Dagger"],"picked":"Caltrops"},{"not_picked":["Deflect","Phantasmal Killer","Sucker Punch"],"picked":"PiercingWail"},{"not_picked":["Quick Slash","Dagger Throw","Slice"],"picked":"Cloak And Dagger"}],"player_experience":189355,"potions_floor_usage":[35,41,42,42,50],"damage_taken":[{"damage":0.0,"enemies":"Jaw Worm","floor":1.0,"turns":1.0},{"damage":0.0,"enemies":"2 Louse","floor":4.0,"turns":1.0},{"damage":0.0,"enemies":"Lagavulin","floor":6.0,"turns":1.0},{"damage":0.0,"enemies":"Blue Slaver","floor":8.0,"turns":5.0},{"damage":17.0,"enemies":"3 Sentries","floor":10.0,"turns":6.0},{"damage":1.0,"enemies":"2 Fungi Beasts","floor":11.0,"turns":3.0},{"damage":5.0,"enemies":"Lots of Slimes","floor":14.0,"turns":3.0},{"damage":7.0,"enemies":"Hexaghost","floor":16.0,"turns":9.0},{"damage":4.0,"enemies":"Shell Parasite","floor":18.0,"turns":5.0},{"damage":0.0,"enemies":"3 Byrds","floor":21.0,"turns":5.0},{"damage":13.0,"enemies":"Snake Plant","floor":24.0,"turns":4.0},{"damage":0.0,"enemies":"Snecko","floor":25.0,"turns":5.0},{"damage":18.0,"enemies":"Slavers","floor":28.0,"turns":6.0},{"damage":0.0,"enemies":"Centurion and Healer","floor":29.0,"turns":6.0},{"damage":8.0,"enemies":"Book of Stabbing","floor":30.0,"turns":5.0},{"damage":20.0,"enemies":"Automaton","floor":33.0,"turns":10.0},{"damage":26,"enemies":"3 Shapes","floor":35,"turns":6},{"damage":17,"enemies":"3 Darklings","floor":39,"turns":7},{"damage":3,"enemies":"Maw","floor":41,"turns":9},{"damage":20,"enemies":"Mysterious Sphere","floor":42,"turns":6},{"damage":0,"enemies":"Giant Head","floor":44,"turns":9},{"damage":0,"enemies":"4 Shapes","floor":47,"turns":5},{"damage":38,"enemies":"Awakened One","floor":50,"turns":14}],"event_choices":[{"event_name":"Shining Light","player_choice":"Entered Light","floor":2.0,"damage_taken":0.0},{"event_name":"Living Wall","player_choice":"Change","floor":5.0,"damage_taken":0.0},{"event_name":"Golden Shrine","player_choice":"Pray","floor":12.0,"damage_taken":0.0},{"event_name":"Vampires","player_choice":"Ignored","floor":20.0,"damage_taken":0.0},{"event_name":"Forgotten Altar","player_choice":"Shed Blood","floor":22.0,"damage_taken":0.0},{"event_name":"Bonfire Elementals","player_choice":"UNCOMMON","floor":27.0,"damage_taken":0.0},{"event_name":"Purifier","player_choice":"One Purge","floor":31.0,"damage_taken":0.0},{"event_name":"Mysterious Sphere","player_choice":"Fight","floor":42,"damage_taken":0},{"event_name":"Tomb of Lord Red Mask","player_choice":"Paid","floor":46,"damage_taken":0},{"event_name":"The Moai Head","player_choice":"Heal","floor":48,"damage_taken":0}],"boss_relics":[],"potions_floor_spawned":[4,8,14,16,24,25,28,29,35,39,41],"seed_played":"-8711135104756782682","ascension_level":2,"is_trial":false}