{"gold_per_floor":[14,14,32,51,66,92,17,17,17,17,49,49,84,104,104,180,180,195,215,36,36,49,49],"floor_reached":23,"playtime":1212,"items_purged":["Strike_R","Strike_R"],"score":405,"play_id":"04aa3115-4fa5-4f1a-94a5-eb3b848bb6c5","local_time":"20190526193641","is_ascension_mode":true,"campfire_choices":[{"data":"Apotheosis","floor":8,"key":"SMITH"},{"data":"1","floor":10,"key":"LIFT"},{"data":"2","floor":15,"key":"LIFT"}],"neow_cost":"NO_GOLD","seed_source_timestamp":1109616100750700,"circlet_count":0,"master_deck":["AscendersBane","Defend_R","Defend_R","Defend_R","Defend_R","Bash","Discovery","Apotheosis+1","Headbutt","Clash","Clash","Flame Barrier","Shrug It Off","Clash","Rage","Offering","Dual Wield+1","Sentinel+1","Offering+1","Fire Breathing","Battle Trance","Inflame","Clash"],"relics":["Burning Blood","Girya","Thread and Needle","Ginger","Sundial","Unceasing Top","Astrolabe","Bag of Marbles"],"potions_floor_usage":[16],"damage_taken":[{"damage":6,"enemies":"2 Louse","floor":1,"turns":3},{"damage":11,"enemies":"Jaw Worm","floor":3,"turns":3},{"damage":0,"enemies":"Cultist","floor":4,"turns":2},{"damage":10,"enemies":"2 Fungi Beasts","floor":5,"turns":4},{"damage":4,"enemies":"Lagavulin","floor":6,"turns":5},{"damage":2,"enemies":"3 Sentries","floor":11,"turns":7},{"damage":14,"enemies":"Gremlin Nob","floor":13,"turns":3},{"damage":5,"enemies":"Red Slaver","floor":14,"turns":4},{"damage":2,"enemies":"The Guardian","floor":16,"turns":11},{"damage":14,"enemies":"Spheric Guardian","floor":18,"turns":3},{"damage":6,"enemies":"Chosen","floor":19,"turns":2},{"damage":12,"enemies":"Centurion and Healer","floor":22,"turns":5},{"damage":61,"enemies":"Slavers","floor":23,"turns":4}],"seed_played":"-8183961130271015327","potions_obtained":[{"floor":3,"key":"AttackPotion"},{"floor":13,"key":"AttackPotion"},{"floor":19,"key":"PowerPotion"}],"is_trial":false,"path_per_floor":["M","?","M","M","M","E","$","R","T","R","E","$","E","M","R","B",null,"M","M","$","?","M","E"],"character_chosen":"IRONCLAD","items_purchased":["Inflame"],"campfire_rested":0,"item_purchase_floors":[20],"current_hp_per_floor":[68,63,58,64,60,62,62,62,62,62,66,66,58,59,59,63,72,64,64,64,64,58,0],"gold":49,"neow_bonus":"RANDOM_COLORLESS_2","is_prod":false,"is_daily":false,"chose_seed":false,"campfire_upgraded":1,"win_rate":0,"timestamp":1558892201,"path_taken":["M","?","M","M","M","E","$","R","T","R","E","$","E","M","R","BOSS","M","M","$","?","?","E"],"build_version":"2019-01-23","purchased_purges":2,"victory":false,"max_hp_per_floor":[75,75,75,75,75,75,75,75,75,75,75,75,75,75,75,75,75,75,75,75,75,75,75],"card_choices":[{"not_picked":["Perfected Strike","Shrug It Off"],"picked":"Headbutt","floor":1},{"not_picked":["Disarm","Headbutt"],"picked":"Clash","floor":3},{"not_picked":["Power Through","Heavy Blade"],"picked":"Clash","floor":4},{"not_picked":["Warcry","Rage"],"picked":"Flame Barrier","floor":5},{"not_picked":["Headbutt","Cleave"],"picked":"Body Slam","floor":6},{"not_picked":["Sever Soul","Burning Pact"],"picked":"Shrug It Off","floor":11},{"not_picked":["Twin Strike","Iron Wave"],"picked":"Clash","floor":13},{"not_picked":["Ghostly Armor","Evolve"],"picked":"Rage","floor":14},{"not_picked":["Immolate","Berserk"],"picked":"Offering","floor":16},{"not_picked":["Bloodletting","Sword Boomerang"],"picked":"Fire Breathing","floor":18},{"not_picked":["Perfected Strike","Hemokinesis"],"picked":"Battle Trance","floor":19},{"not_picked":["Warcry","Armaments+1"],"picked":"Clash","floor":22}],"player_experience":1214019,"relics_obtained":[{"floor":6,"key":"Thread and Needle"},{"floor":9,"key":"Ginger"},{"floor":11,"key":"Sundial"},{"floor":13,"key":"Unceasing Top"}],"event_choices":[{"damage_healed":0,"gold_gain":0,"player_choice":"Success","damage_taken":5,"relics_obtained":["Girya"],"max_hp_gain":0,"max_hp_loss":0,"event_name":"Scrap Ooze","floor":2,"gold_loss":0},{"cards_removed":["Body Slam"],"damage_healed":0,"gold_gain":0,"player_choice":"Gave Card","damage_taken":0,"relics_obtained":["Bag of Marbles"],"max_hp_gain":0,"max_hp_loss":0,"event_name":"WeMeetAgain","floor":21,"gold_loss":0}],"is_beta":false,"boss_relics":[{"not_picked":["Runic Dome","Runic Pyramid"],"picked":"Astrolabe"}],"items_purged_floors":[7,20],"is_endless":false,"potions_floor_spawned":[3,13,14,19,22],"killed_by":"Slavers","ascension_level":16}