{"gold_per_floor":[114,114,114,127,138,173,22,22,95,150,30,44,44,44,44,123,123,139,150,65,65,8,8,8],"floor_reached":24,"playtime":1025,"items_purged":[],"score":364,"play_id":"ca18c558-ab6c-4961-a8f7-c99fffcb08cc","local_time":"20190622195016","is_ascension_mode":true,"campfire_choices":[{"data":"Skewer","floor":8,"key":"SMITH"},{"floor":13,"key":"REST"},{"data":"Bullet Time","floor":15,"key":"SMITH"},{"data":"Ghostly","floor":23,"key":"SMITH"}],"neow_cost":"NONE","seed_source_timestamp":415889213601800,"circlet_count":0,"master_deck":["AscendersBane","Defend_G","Defend_G","Defend_G","Defend_G","Defend_G","Strike_G","Strike_G","Strike_G","Strike_G","Strike_G","Survivor","Neutralize+1","Deadly Poison","Backflip","Skewer+1","Bane","Bullet Time+1","Endless Agony","Catalyst","Finisher","Poisoned Stab","Envenom","Backstab","Prepared","Ghostly+1","Ghostly","Ghostly"],"relics":["Ring of the Snake","Strawberry","Bronze Scales","Dream Catcher","Pear","Tiny Chest","Shuriken","Runic Pyramid","StoneCalendar","Happy Flower"],"potions_floor_usage":[6,10,16,16],"damage_taken":[{"damage":0,"enemies":"2 Louse","floor":1,"turns":4},{"damage":0,"enemies":"Small Slimes","floor":4,"turns":4},{"damage":0,"enemies":"Cultist","floor":5,"turns":4},{"damage":17,"enemies":"Gremlin Nob","floor":6,"turns":4},{"damage":19,"enemies":"Lagavulin","floor":10,"turns":6},{"damage":9,"enemies":"Lots of Slimes","floor":12,"turns":4},{"damage":15,"enemies":"The Guardian","floor":16,"turns":12},{"damage":19,"enemies":"Spheric Guardian","floor":18,"turns":4},{"damage":8,"enemies":"3 Byrds","floor":19,"turns":3},{"damage":41,"enemies":"Gremlin Leader","floor":24,"turns":4}],"seed_played":"-7892744501914124843","potions_obtained":[{"floor":4,"key":"Energy Potion"},{"floor":6,"key":"PowerPotion"},{"floor":12,"key":"SteroidPotion"}],"is_trial":false,"path_per_floor":["M","?","?","M","M","E","$","R","T","E","$","M","R","T","R","B",null,"M","M","?","?","?","R","E"],"character_chosen":"THE_SILENT","items_purchased":["Bullet Time","GhostInAJar","Catalyst"],"campfire_rested":1,"item_purchase_floors":[7,11,11],"current_hp_per_floor":[66,48,48,48,48,31,31,31,41,22,22,13,37,37,37,22,68,49,41,41,41,41,41,0],"gold":8,"neow_bonus":"RANDOM_COMMON_RELIC","is_prod":false,"is_daily":false,"chose_seed":false,"campfire_upgraded":3,"win_rate":0,"timestamp":1561225816,"path_taken":["M","?","?","?","?","E","$","R","T","E","?","M","R","?","R","BOSS","M","M","?","?","?","R","E"],"build_version":"2019-01-23","purchased_purges":0,"victory":false,"max_hp_per_floor":[73,73,73,73,73,73,73,73,83,83,83,83,83,83,83,83,83,83,83,83,41,41,41,41],"card_choices":[{"not_picked":["Slice","Poisoned Stab"],"picked":"Deadly Poison","floor":1},{"not_picked":["Heel Hook","Flying Knee"],"picked":"Backflip","floor":4},{"not_picked":["Backflip","Deadly Poison"],"picked":"Skewer","floor":5},{"not_picked":["Dodge and Roll","Blade Dance"],"picked":"Bane","floor":6},{"not_picked":["Blade Dance","Accuracy"],"picked":"Endless Agony","floor":10},{"not_picked":["Quick Slash","Expertise"],"picked":"Finisher","floor":12},{"not_picked":["Acrobatics","Bane"],"picked":"Poisoned Stab","floor":13},{"not_picked":["Tools of the Trade","Storm of Steel"],"picked":"Envenom","floor":16},{"not_picked":["Dagger Throw","Bane"],"picked":"Backstab","floor":18},{"not_picked":["Outmaneuver","Tactician"],"picked":"Prepared","floor":19}],"player_experience":1441896,"relics_obtained":[{"floor":6,"key":"Dream Catcher"},{"floor":9,"key":"Pear"},{"floor":10,"key":"Tiny Chest"},{"floor":14,"key":"Shuriken"}],"event_choices":[{"damage_healed":0,"gold_gain":0,"player_choice":"Success","damage_taken":18,"relics_obtained":["Bronze Scales"],"max_hp_gain":0,"max_hp_loss":0,"event_name":"Scrap Ooze","floor":2,"gold_loss":0},{"damage_healed":0,"gold_gain":0,"player_choice":"Upgraded","damage_taken":0,"max_hp_gain":0,"max_hp_loss":0,"event_name":"Upgrade Shrine","floor":3,"gold_loss":0,"cards_upgraded":["Neutralize"]},{"damage_healed":0,"gold_gain":0,"player_choice":"Obtained Relic","damage_taken":0,"relics_obtained":["StoneCalendar"],"max_hp_gain":0,"max_hp_loss":0,"event_name":"Addict","floor":20,"gold_loss":85},{"damage_healed":0,"gold_gain":0,"player_choice":"Became a Ghost","damage_taken":0,"max_hp_gain":0,"max_hp_loss":42,"event_name":"Ghosts","floor":21,"gold_loss":0,"cards_obtained":["Ghostly","Ghostly","Ghostly"]},{"damage_healed":0,"gold_gain":0,"player_choice":"Paid Gold","damage_taken":0,"relics_obtained":["Happy Flower"],"max_hp_gain":0,"max_hp_loss":0,"event_name":"WeMeetAgain","floor":22,"gold_loss":57}],"is_beta":false,"boss_relics":[{"not_picked":["Fusion Hammer","Ring of the Serpent"],"picked":"Runic Pyramid"}],"items_purged_floors":[],"is_endless":false,"potions_floor_spawned":[4,6,12],"killed_by":"Gremlin Leader","ascension_level":16}