{"gold_per_floor":[109,184,234,249,264,264,277,427,452,452,466,482,507,527,527,604,604,616,616,628,628,640,640,565,565,565,565,592,592],"floor_reached":29,"playtime":857,"items_purged":[],"score":525,"play_id":"932edb26-3046-46f5-b291-d87d486d1d84","local_time":"20190716231950","is_ascension_mode":true,"campfire_choices":[{"data":"Bash","floor":6,"key":"SMITH"},{"data":"Feel No Pain","floor":10,"key":"SMITH"},{"data":"True Grit","floor":15,"key":"SMITH"},{"floor":23,"key":"REST"},{"data":"Offering","floor":25,"key":"SMITH"},{"floor":27,"key":"REST"}],"neow_cost":"NONE","seed_source_timestamp":354758170963500,"circlet_count":0,"master_deck":["AscendersBane","Strike_R","Strike_R","Strike_R","Strike_R","Strike_R","Defend_R","Defend_R","Defend_R","Defend_R","Bash+1","Feel No Pain+1","Anger","Anger","Iron Wave","Anger","Anger","True Grit+1","Offering+1","Bludgeon","Heavy Blade","Feel No Pain","Decay","Whirlwind+1","Shrug It Off"],"relics":["Burning Blood","Bag of Marbles","Orichalcum","Red Skull","Lizard Tail","Nilry\u0027s Codex","The Courier","Omamori"],"potions_floor_usage":[13,13,16,28,29],"damage_taken":[{"damage":8,"enemies":"Cultist","floor":1,"turns":5},{"damage":7,"enemies":"Jaw Worm","floor":4,"turns":3},{"damage":5,"enemies":"2 Louse","floor":5,"turns":3},{"damage":9,"enemies":"Looter","floor":7,"turns":3},{"damage":4,"enemies":"Exordium Wildlife","floor":11,"turns":3},{"damage":0,"enemies":"2 Fungi Beasts","floor":12,"turns":2},{"damage":0,"enemies":"Gremlin Nob","floor":13,"turns":2},{"damage":5,"enemies":"Blue Slaver","floor":14,"turns":3},{"damage":32,"enemies":"Hexaghost","floor":16,"turns":9},{"damage":43,"enemies":"3 Byrds","floor":18,"turns":6},{"damage":31,"enemies":"Shell Parasite","floor":20,"turns":3},{"damage":22,"enemies":"Cultist and Chosen","floor":22,"turns":5},{"damage":50,"enemies":"Gremlin Leader","floor":28,"turns":7},{"damage":12,"enemies":"Chosen and Byrds","floor":29,"turns":4}],"seed_played":"6150897911642054028","potions_obtained":[{"floor":4,"key":"Fire Potion"},{"floor":5,"key":"AttackPotion"},{"floor":14,"key":"LiquidBronze"},{"floor":22,"key":"Strength Potion"},{"floor":28,"key":"FearPotion"}],"is_trial":false,"path_per_floor":["M","?","?","M","M","R","M","?","T","R","M","M","E","M","R","B",null,"M","?","M","?","M","R","?","R","T","R","E","M"],"character_chosen":"IRONCLAD","items_purchased":[],"campfire_rested":2,"item_purchase_floors":[],"current_hp_per_floor":[66,55,48,47,48,48,45,45,45,45,47,53,59,60,60,34,65,28,7,28,28,12,34,34,34,34,56,12,0],"gold":592,"neow_bonus":"RANDOM_COMMON_RELIC","is_prod":false,"is_daily":false,"chose_seed":false,"campfire_upgraded":4,"win_rate":0,"timestamp":1563311990,"path_taken":["M","?","?","?","M","R","M","?","T","R","M","M","E","M","R","BOSS","M","?","M","?","M","R","?","R","T","R","E","M"],"build_version":"2019-07-05","purchased_purges":0,"victory":false,"max_hp_per_floor":[75,75,75,75,75,75,75,75,75,75,75,75,75,75,75,75,75,75,75,75,75,75,75,75,75,75,75,75,75],"card_choices":[{"not_picked":["Cleave","Disarm"],"picked":"Feel No Pain","floor":1},{"not_picked":["Carnage","Pommel Strike"],"picked":"Anger","floor":4},{"not_picked":["Body Slam","Armaments"],"picked":"Anger","floor":5},{"not_picked":["Armaments","Combust"],"picked":"Iron Wave","floor":7},{"not_picked":["Wild Strike","Burning Pact"],"picked":"Anger","floor":11},{"not_picked":["Iron Wave","Burning Pact"],"picked":"Anger","floor":12},{"not_picked":["Pummel","Uppercut"],"picked":"True Grit","floor":13},{"not_picked":["Havoc","Wild Strike"],"picked":"Offering","floor":14},{"not_picked":["Impervious","Immolate"],"picked":"Bludgeon","floor":16},{"not_picked":["Havoc","Headbutt"],"picked":"Heavy Blade","floor":18},{"not_picked":["Sword Boomerang","Headbutt"],"picked":"Feel No Pain","floor":20},{"not_picked":["Entrench","Pommel Strike"],"picked":"Whirlwind+1","floor":22},{"not_picked":["True Grit","Warcry"],"picked":"Shrug It Off","floor":28}],"player_experience":1665073,"relics_obtained":[{"floor":9,"key":"Orichalcum"},{"floor":13,"key":"Red Skull"},{"floor":19,"key":"Nilry\u0027s Codex"},{"floor":26,"key":"The Courier"},{"floor":28,"key":"Omamori"}],"event_choices":[{"damage_healed":0,"gold_gain":75,"player_choice":"Gather Gold","damage_taken":11,"max_hp_gain":0,"max_hp_loss":0,"event_name":"World of Goop","floor":2,"gold_loss":0},{"damage_healed":0,"gold_gain":50,"player_choice":"Touch","damage_taken":7,"max_hp_gain":0,"max_hp_loss":0,"event_name":"FaceTrader","floor":3,"gold_loss":0},{"damage_healed":0,"gold_gain":150,"player_choice":"AGREE","damage_taken":0,"max_hp_gain":0,"max_hp_loss":0,"event_name":"Liars Game","floor":8,"gold_loss":0,"cards_obtained":["Doubt"]},{"damage_healed":0,"gold_gain":0,"player_choice":"Obtained Book","damage_taken":21,"max_hp_gain":0,"max_hp_loss":0,"event_name":"Cursed Tome","floor":19,"gold_loss":0},{"damage_healed":0,"gold_gain":0,"player_choice":"Smashed Altar","damage_taken":0,"max_hp_gain":0,"max_hp_loss":0,"event_name":"Forgotten Altar","floor":21,"gold_loss":0,"cards_obtained":["Decay"]},{"cards_removed":["Doubt"],"damage_healed":0,"gold_gain":0,"player_choice":"Gave Gold","damage_taken":0,"max_hp_gain":0,"max_hp_loss":0,"event_name":"Beggar","floor":24,"gold_loss":75}],"is_beta":false,"boss_relics":[{"not_picked":["Coffee Dripper","Fusion Hammer"],"picked":"Lizard Tail"}],"items_purged_floors":[],"is_endless":false,"potions_floor_spawned":[4,5,7,14,22,28],"killed_by":"Chosen and Byrds","ascension_level":17}