{"gold_per_floor":[119,194,194,344,359,389,389,399,399,414,474,474,489,548,548,548],"floor_reached":16,"playtime":550,"items_purged":[],"score":257,"play_id":"4dbf2423-459a-4664-b9aa-086dfde0a724","local_time":"20190822063231","is_ascension_mode":true,"campfire_choices":[{"data":"Zap","floor":7,"key":"SMITH"},{"floor":12,"key":"REST"},{"data":"Fusion","floor":15,"key":"SMITH"}],"neow_cost":"NONE","seed_source_timestamp":696618190822200,"circlet_count":0,"master_deck":["AscendersBane","Strike_B","Strike_B","Strike_B","Strike_B","Defend_B","Defend_B","Defend_B","Defend_B+1","Zap+1","Dualcast","Self Repair+1","Doubt","Conserve Battery","Fusion+1","Barrage","Melter","Echo Form+1","Capacitor+1","Ball Lightning"],"relics":["Cracked Core","NeowsBlessing","Frozen Egg 2","Cables","Tiny Chest","Thread and Needle"],"potions_floor_usage":[10,13,14],"damage_taken":[{"damage":0,"enemies":"2 Louse","floor":1,"turns":1},{"damage":0,"enemies":"Small Slimes","floor":5,"turns":1},{"damage":0,"enemies":"3 Sentries","floor":6,"turns":2},{"damage":5,"enemies":"Jaw Worm","floor":8,"turns":3},{"damage":8,"enemies":"Large Slime","floor":10,"turns":7},{"damage":46,"enemies":"Lagavulin","floor":11,"turns":8},{"damage":3,"enemies":"Exordium Wildlife","floor":13,"turns":5},{"damage":60,"enemies":"Gremlin Nob","floor":14,"turns":6},{"damage":35,"enemies":"Hexaghost","floor":16,"turns":8}],"seed_played":"8103318693748166514","potions_obtained":[{"floor":1,"key":"Regen Potion"},{"floor":10,"key":"Explosive Potion"},{"floor":11,"key":"SkillPotion"},{"floor":13,"key":"Regen Potion"},{"floor":14,"key":"Poison Potion"}],"is_trial":false,"path_per_floor":["M","?","?","?","M","E","R","M","T","M","E","R","M","?","R","B"],"character_chosen":"DEFECT","items_purchased":[],"campfire_rested":1,"item_purchase_floors":[],"current_hp_per_floor":[64,53,32,32,32,42,42,47,47,64,28,49,56,28,28,0],"gold":548,"neow_bonus":"THREE_ENEMY_KILL","is_prod":false,"is_daily":false,"chose_seed":false,"campfire_upgraded":2,"win_rate":0,"timestamp":1566448351,"path_taken":["M","?","?","?","M","E","R","M","T","?","E","R","M","?","R","BOSS"],"build_version":"2019-07-17","purchased_purges":0,"victory":false,"max_hp_per_floor":[71,71,71,71,71,71,71,71,71,71,71,71,71,71,71,71],"card_choices":[{"not_picked":["BootSequence","Streamline"],"picked":"Self Repair","floor":1},{"not_picked":["Steam","Darkness"],"picked":"Conserve Battery","floor":5},{"not_picked":["Coolheaded","Doom and Gloom"],"picked":"Fusion","floor":6},{"not_picked":["Scrape","Fusion"],"picked":"Barrage","floor":8},{"not_picked":["Sweeping Beam","Lockon"],"picked":"Melter","floor":10},{"not_picked":["Doom and Gloom","Storm+1"],"picked":"Echo Form+1","floor":11},{"not_picked":["Storm+1","Heatsinks+1"],"picked":"Capacitor+1","floor":13},{"not_picked":["Beam Cell","Go for the Eyes"],"picked":"Ball Lightning","floor":14}],"player_experience":1942454,"relics_obtained":[{"floor":6,"key":"Frozen Egg 2"},{"floor":9,"key":"Cables"},{"floor":11,"key":"Tiny Chest"},{"floor":14,"key":"Thread and Needle"}],"event_choices":[{"damage_healed":0,"gold_gain":75,"player_choice":"Gather Gold","damage_taken":11,"max_hp_gain":0,"max_hp_loss":0,"event_name":"World of Goop","floor":2,"gold_loss":0},{"damage_healed":0,"gold_gain":0,"player_choice":"Entered Light","damage_taken":21,"max_hp_gain":0,"max_hp_loss":0,"event_name":"Shining Light","floor":3,"gold_loss":0,"cards_upgraded":["Self Repair","Defend_B"]},{"damage_healed":0,"gold_gain":150,"player_choice":"AGREE","damage_taken":0,"max_hp_gain":0,"max_hp_loss":0,"event_name":"Liars Game","floor":4,"gold_loss":0,"cards_obtained":["Doubt"]},{"damage_healed":0,"gold_gain":0,"player_choice":"Searched \u00272\u0027 times","damage_taken":0,"max_hp_gain":0,"max_hp_loss":0,"event_name":"Dead Adventurer","floor":14,"gold_loss":0}],"is_beta":false,"boss_relics":[],"items_purged_floors":[],"is_endless":false,"potions_floor_spawned":[1,10,11,13,14],"killed_by":"Hexaghost","ascension_level":18}