{"gold_per_floor":[112,112,112,132,151,151,168,168,168,168,194,194,194,221,221,299,299,311,311],"floor_reached":19,"playtime":872,"items_purged":[],"score":298,"play_id":"669ff6ce-4dea-47eb-bbb0-1187595da64a","local_time":"20180910150938","is_ascension_mode":true,"campfire_choices":[{"data":"Defragment","floor":6,"key":"SMITH"},{"data":"Zap","floor":8,"key":"SMITH"},{"floor":13,"key":"REST"},{"data":"White Noise","floor":15,"key":"SMITH"}],"neow_cost":"NONE","seed_source_timestamp":2002399703565763,"circlet_count":0,"master_deck":["Strike_B","Strike_B","Strike_B","Defend_B","Defend_B","Defend_B","Defend_B","Zap+1","Dualcast+1","AscendersBane","Defragment+1","White Noise+1","Self Repair","Coolheaded","Glacier","Fission","Streamline"],"relics":["Cracked Core","Happy Flower","Frozen Egg 2","Mummified Hand","PreservedInsect","Black Star"],"potions_floor_usage":[11,11,16],"damage_taken":[{"damage":0,"enemies":"Small Slimes","floor":1,"turns":3},{"damage":0,"enemies":"Cultist","floor":4,"turns":3},{"damage":0,"enemies":"2 Louse","floor":5,"turns":1},{"damage":2,"enemies":"2 Fungi Beasts","floor":7,"turns":3},{"damage":23,"enemies":"Gremlin Nob","floor":11,"turns":4},{"damage":13,"enemies":"Lagavulin","floor":14,"turns":8},{"damage":17,"enemies":"The Guardian","floor":16,"turns":16},{"damage":28,"enemies":"3 Byrds","floor":18,"turns":10},{"damage":0,"enemies":"2 Thieves","floor":19,"turns":1}],"seed_played":"4724551153256459968","potions_obtained":[{"floor":5,"key":"Ancient Potion"},{"floor":7,"key":"Block Potion"},{"floor":14,"key":"Block Potion"},{"floor":18,"key":"Swift Potion"}],"is_trial":false,"path_per_floor":["M","?","?","M","M","R","M","R","T","?","E","?","R","E","R","B",null,"M"],"character_chosen":"DEFECT","items_purchased":[],"campfire_rested":1,"item_purchase_floors":[],"current_hp_per_floor":[64,64,57,57,57,57,55,55,55,55,39,39,60,54,54,44,64,43,43],"gold":311,"neow_bonus":"RANDOM_COMMON_RELIC","is_prod":false,"is_daily":false,"chose_seed":false,"campfire_upgraded":3,"win_rate":0,"timestamp":1536588578,"path_taken":["M","?","?","M","M","R","M","R","T","?","E","?","R","E","R","BOSS","M","M"],"build_version":"2018-09-06","purchased_purges":0,"victory":false,"max_hp_per_floor":[71,71,71,71,71,71,71,71,71,71,71,71,71,71,71,71,71,71,71],"card_choices":[{"not_picked":["Barrage","Redo"],"picked":"Defragment","floor":1},{"not_picked":["Stack","Undo"],"picked":"White Noise","floor":4},{"not_picked":["Blizzard","Beam Cell","Capacitor"],"picked":"SKIP","floor":5},{"not_picked":["Storm","Turbo"],"picked":"Self Repair","floor":7},{"not_picked":["Turbo","Double Energy"],"picked":"Coolheaded","floor":11},{"not_picked":["Steam","Ball Lightning"],"picked":"Glacier","floor":14},{"not_picked":["Hyperbeam","Thunder Strike"],"picked":"Fission","floor":16},{"not_picked":["Stack","Cold Snap+1"],"picked":"Streamline","floor":18}],"player_experience":729537,"relics_obtained":[{"floor":9,"key":"Frozen Egg 2"},{"floor":11,"key":"Mummified Hand"},{"floor":14,"key":"PreservedInsect"}],"event_choices":[{"event_name":"The Woman in Blue","player_choice":"Bought 0 Potions","floor":2,"damage_taken":0},{"event_name":"Golden Wing","player_choice":"Card Removal","floor":3,"damage_taken":0},{"event_name":"Liars Game","player_choice":"disagreed","floor":10,"damage_taken":0},{"event_name":"Living Wall","player_choice":"Grow","floor":12,"damage_taken":0}],"is_beta":false,"boss_relics":[{"not_picked":["Runic Pyramid","Busted Crown"],"picked":"Black Star"}],"items_purged_floors":[],"is_endless":false,"potions_floor_spawned":[5,7,14,18],"killed_by":"2 Thieves","ascension_level":14}