{"gold_per_floor":[112,123,123,48,48,73,83,111,138,138,148,148,165,180,180,254,304,324,8,8,8,21,21],"floor_reached":23,"playtime":1070,"items_purged":["Strike_G"],"score":429,"play_id":"e5e15145-9846-43e2-b258-e63e88762c55","local_time":"20190725225421","is_ascension_mode":true,"campfire_choices":[{"data":"Neutralize","floor":10,"key":"SMITH"},{"floor":15,"key":"REST"}],"neow_cost":"NONE","seed_source_timestamp":86983139772800,"circlet_count":0,"master_deck":["AscendersBane","Strike_G","Defend_G+1","Defend_G","Defend_G","Defend_G","Defend_G","Survivor","Neutralize+1","Poisoned Stab+1","Dodge and Roll+1","Footwork","Dagger Spray","Crippling Poison","Blur","Poisoned Stab","Flying Knee","After Image","Footwork","Skewer","Envenom","Dash","Venomology","Heel Hook","Acrobatics"],"relics":["Ring of the Snake","NeowsBlessing","Strawberry","War Paint","Sundial","Orichalcum","Tiny House"],"potions_floor_usage":[11,13,16,22,22,22,23],"damage_taken":[{"damage":0,"enemies":"2 Louse","floor":1,"turns":1},{"damage":0,"enemies":"Small Slimes","floor":2,"turns":1},{"damage":0,"enemies":"Gremlin Nob","floor":6,"turns":1},{"damage":0,"enemies":"Cultist","floor":7,"turns":5},{"damage":27,"enemies":"Lagavulin","floor":8,"turns":13},{"damage":9,"enemies":"Large Slime","floor":11,"turns":9},{"damage":1,"enemies":"2 Fungi Beasts","floor":13,"turns":3},{"damage":0,"enemies":"3 Louse","floor":14,"turns":2},{"damage":38,"enemies":"Slime Boss","floor":16,"turns":16},{"damage":19,"enemies":"Shell Parasite","floor":18,"turns":8},{"damage":19,"enemies":"3 Byrds","floor":22,"turns":5},{"damage":22,"enemies":"Book of Stabbing","floor":23,"turns":5}],"seed_played":"-3711198558621738875","potions_obtained":[{"floor":8,"key":"Weak Potion"},{"floor":11,"key":"Poison Potion"},{"floor":14,"key":"Block Potion"},{"floor":17,"key":"SneckoOil"},{"floor":21,"key":"Dexterity Potion"},{"floor":21,"key":"Energy Potion"}],"is_trial":false,"path_per_floor":["M","M","$","?","?","E","M","E","T","R","M","?","M","M","R","B",null,"M","$","?","?","M","E"],"character_chosen":"THE_SILENT","items_purchased":["Envenom","Dash"],"campfire_rested":1,"item_purchase_floors":[19,19],"current_hp_per_floor":[59,59,59,59,55,55,55,28,28,28,19,19,18,18,39,1,60,41,41,41,41,22,0],"gold":21,"neow_bonus":"THREE_ENEMY_KILL","is_prod":false,"is_daily":false,"chose_seed":false,"campfire_upgraded":1,"win_rate":0,"timestamp":1564088061,"path_taken":["M","M","$","?","?","E","M","E","T","R","M","?","M","M","R","BOSS","M","$","?","?","?","E"],"build_version":"2019-07-17","purchased_purges":1,"victory":false,"max_hp_per_floor":[66,66,66,66,73,73,73,73,73,73,73,73,73,73,73,73,78,78,78,78,78,78,78],"card_choices":[{"not_picked":["Cloak And Dagger","PiercingWail"],"picked":"Poisoned Stab","floor":1},{"not_picked":["PiercingWail","Underhanded Strike"],"picked":"Dodge and Roll","floor":2},{"not_picked":["Acrobatics","Bouncing Flask"],"picked":"Footwork","floor":6},{"not_picked":["Backflip","Finisher"],"picked":"Dagger Spray","floor":7},{"not_picked":["Expertise","Night Terror"],"picked":"Crippling Poison","floor":8},{"not_picked":["Accuracy","Prepared"],"picked":"Blur","floor":11},{"not_picked":["All Out Attack","Flechettes"],"picked":"Poisoned Stab","floor":13},{"not_picked":["PiercingWail","Blade Dance"],"picked":"Flying Knee","floor":14},{"not_picked":["Night Terror","Wraith Form v2"],"picked":"After Image","floor":16},{"not_picked":["Backflip","Caltrops"],"picked":"Footwork","floor":17},{"not_picked":["Bane","Caltrops"],"picked":"Skewer","floor":18},{"not_picked":["Dodge and Roll","Outmaneuver"],"picked":"Acrobatics","floor":22}],"player_experience":1759497,"relics_obtained":[{"floor":6,"key":"War Paint"},{"floor":8,"key":"Sundial"},{"floor":9,"key":"Orichalcum"}],"event_choices":[{"cards_removed":["Strike_G"],"damage_healed":0,"gold_gain":0,"player_choice":"Card Removal","damage_taken":0,"max_hp_gain":0,"max_hp_loss":0,"event_name":"The Cleric","floor":4,"gold_loss":75},{"damage_healed":0,"gold_gain":0,"player_choice":"Success","damage_taken":11,"relics_obtained":["Strawberry"],"max_hp_gain":0,"max_hp_loss":0,"event_name":"Scrap Ooze","floor":5,"gold_loss":0},{"damage_healed":0,"gold_gain":0,"player_choice":"Ignored","damage_taken":0,"max_hp_gain":0,"max_hp_loss":0,"event_name":"Shining Light","floor":12,"gold_loss":0},{"damage_healed":0,"gold_gain":0,"cards_transformed":["Strike_G","Strike_G"],"player_choice":"Became Test Subject","damage_taken":0,"max_hp_gain":0,"max_hp_loss":0,"event_name":"Drug Dealer","floor":20,"gold_loss":0,"cards_obtained":["Venomology","Heel Hook"]},{"damage_healed":0,"gold_gain":0,"player_choice":"Got Potions","damage_taken":0,"max_hp_gain":0,"max_hp_loss":0,"event_name":"Lab","floor":21,"gold_loss":0}],"is_beta":false,"boss_relics":[{"not_picked":["Ectoplasm","Coffee Dripper"],"picked":"Tiny House"}],"items_purged_floors":[19],"is_endless":false,"potions_floor_spawned":[8,11,14],"killed_by":"Book of Stabbing","ascension_level":18}