{"gold_per_floor":[109,122,122,133,150,150,150,150,177,177],"floor_reached":10,"playtime":246,"items_purged":[],"score":107,"play_id":"f1d6196c-e77c-4838-bc7e-15dd348fa514","local_time":"20190812194809","is_ascension_mode":true,"campfire_choices":[{"data":"Zap","floor":6,"key":"SMITH"}],"neow_cost":"NONE","seed_source_timestamp":874604958935800,"circlet_count":0,"master_deck":["AscendersBane","Strike_B","Strike_B","Strike_B","Strike_B","Defend_B","Defend_B","Defend_B+1","Defend_B","Zap+1","Dualcast","Hologram+1","Defragment","Conserve Battery","Leap"],"relics":["Cracked Core","Omamori","DataDisk","Bottled Lightning","Juzu Bracelet"],"potions_floor_usage":[10],"damage_taken":[{"damage":1,"enemies":"Cultist","floor":1,"turns":3},{"damage":7,"enemies":"Jaw Worm","floor":2,"turns":3},{"damage":8,"enemies":"Small Slimes","floor":4,"turns":3},{"damage":16,"enemies":"Blue Slaver","floor":5,"turns":4},{"damage":14,"enemies":"Large Slime","floor":10,"turns":3}],"seed_played":"2810957020613003061","potions_obtained":[{"floor":1,"key":"Dexterity Potion"},{"floor":5,"key":"SkillPotion"}],"is_trial":false,"path_per_floor":["M","M","?","M","M","R","?","T","T","M"],"character_chosen":"DEFECT","items_purchased":[],"campfire_rested":0,"item_purchase_floors":[],"current_hp_per_floor":[63,56,35,27,11,11,6,6,6,0],"gold":177,"neow_bonus":"RANDOM_COMMON_RELIC","is_prod":false,"is_daily":false,"chose_seed":false,"campfire_upgraded":1,"win_rate":0,"timestamp":1565632089,"path_taken":["M","M","?","M","M","R","?","?","T","M"],"build_version":"2019-07-17","purchased_purges":0,"victory":false,"max_hp_per_floor":[71,71,71,71,71,71,71,71,71,71],"card_choices":[{"not_picked":["Blizzard","Turbo"],"picked":"Hologram","floor":1},{"not_picked":["Barrage","Redo"],"picked":"Defragment","floor":2},{"not_picked":["Stack","Cold Snap"],"picked":"Conserve Battery","floor":4},{"not_picked":["Coolheaded","Go for the Eyes"],"picked":"Leap","floor":5}],"player_experience":1841780,"relics_obtained":[{"floor":8,"key":"Bottled Lightning"},{"floor":9,"key":"Juzu Bracelet"}],"event_choices":[{"damage_healed":0,"gold_gain":0,"player_choice":"Entered Light","damage_taken":21,"max_hp_gain":0,"max_hp_loss":0,"event_name":"Shining Light","floor":3,"gold_loss":0,"cards_upgraded":["Hologram","Defend_B"]},{"damage_healed":0,"gold_gain":0,"player_choice":"Success","damage_taken":5,"relics_obtained":["DataDisk"],"max_hp_gain":0,"max_hp_loss":0,"event_name":"Scrap Ooze","floor":7,"gold_loss":0}],"is_beta":false,"boss_relics":[],"items_purged_floors":[],"is_endless":false,"potions_floor_spawned":[1,5],"killed_by":"Large Slime","ascension_level":17}