{"gold_per_floor":[114,114,114,114,114,141,37,37,37,47,122,151,7,25,25,98,98,117,117,117,217,122,122,133,148,175,175,190,205,205,222,222,297,297,310,330,330,350,13,13,32,32,32,57,57,72,72,88,88,88,88],"floor_reached":51,"playtime":2337,"items_purged":["Regret","Bash","Injury"],"score":1370,"play_id":"c555d4f4-243d-420e-bed4-e18c36977d3a","local_time":"20190215234146","is_ascension_mode":true,"campfire_choices":[{"data":"Juggernaut","floor":8.0,"key":"SMITH"},{"data":"Rupture","floor":15.0,"key":"SMITH"},{"floor":23.0,"key":"REST"},{"floor":27.0,"key":"REST"},{"data":"Barricade","floor":30.0,"key":"SMITH"},{"data":"Body Slam","floor":32.0,"key":"SMITH"},{"floor":40.0,"key":"REST"},{"floor":45.0,"key":"RECALL"},{"data":"Body Slam","floor":49.0,"key":"SMITH"}],"neow_cost":"NONE","seed_source_timestamp":178073673288560,"circlet_count":0,"master_deck":["AscendersBane","Strike_R","Strike_R","Strike_R","Defend_R","Defend_R","Defend_R","Defend_R","Combust+1","Juggernaut+1","Cleave","Clothesline","Sentinel","Rupture+1","Barricade+1","Power Through","Body Slam+1","Ghostly Armor","Sentinel","True Grit","Battle Trance","Iron Wave","Demon Form","Clumsy","Parasite","Feel No Pain","Secret Weapon","Shrug It Off","Evolve","Body Slam+1","Armaments","Shrug It Off","Juggernaut+1","Juggernaut"],"special_seed":0,"relics":["Burning Blood","NeowsBlessing","Darkstone Periapt","Letter Opener","Juzu Bracelet","Thread and Needle","Bag of Preparation","Busted Crown","Turnip","Pear","Strawberry","Calling Bell","Orichalcum","Matryoshka","Bird Faced Urn","Regal Pillow","Bronze Scales"],"potions_floor_usage":[50,51],"damage_taken":[{"damage":0.0,"enemies":"Small Slimes","floor":1.0,"turns":1.0},{"damage":0.0,"enemies":"Lagavulin","floor":6.0,"turns":1.0},{"damage":0.0,"enemies":"Cultist","floor":10.0,"turns":1.0},{"damage":27.0,"enemies":"3 Sentries","floor":12.0,"turns":6.0},{"damage":1.0,"enemies":"2 Louse","floor":14.0,"turns":2.0},{"damage":47.0,"enemies":"The Guardian","floor":16.0,"turns":10.0},{"damage":7.0,"enemies":"Spheric Guardian","floor":18.0,"turns":4.0},{"damage":3.0,"enemies":"Colosseum Slavers","floor":21.0,"turns":4.0},{"damage":48.0,"enemies":"Colosseum Nobs","floor":21.0,"turns":5.0},{"damage":9.0,"enemies":"Shell Parasite","floor":24.0,"turns":6.0},{"damage":12.0,"enemies":"Centurion and Healer","floor":25.0,"turns":6.0},{"damage":5.0,"enemies":"Sentry and Sphere","floor":28.0,"turns":6.0},{"damage":0.0,"enemies":"Snake Plant","floor":29.0,"turns":5.0},{"damage":13.0,"enemies":"Cultist and Chosen","floor":31.0,"turns":6.0},{"damage":51.0,"enemies":"Automaton","floor":33.0,"turns":9.0},{"damage":0.0,"enemies":"Orb Walker","floor":35.0,"turns":3.0},{"damage":41.0,"enemies":"3 Darklings","floor":36.0,"turns":6.0},{"damage":18.0,"enemies":"Jaw Worm Horde","floor":38.0,"turns":6.0},{"damage":4.0,"enemies":"Maw","floor":41.0,"turns":7.0},{"damage":45.0,"enemies":"Reptomancer","floor":44.0,"turns":8.0},{"damage":53.0,"enemies":"Spire Growth","floor":46.0,"turns":5.0},{"damage":3.0,"enemies":"Sphere and 2 Shapes","floor":48.0,"turns":3.0},{"damage":109,"enemies":"Time Eater","floor":50,"turns":12},{"damage":42,"enemies":"Donu and Deca","floor":51,"turns":4}],"seed_played":"-7662881932326802211","potions_obtained":[{"floor":1.0,"key":"Dexterity Potion"},{"floor":10.0,"key":"PowerPotion"},{"floor":16.0,"key":"EssenceOfSteel"},{"floor":21.0,"key":"FearPotion"},{"floor":25.0,"key":"Swift Potion"},{"floor":28.0,"key":"Dexterity Potion"},{"floor":35.0,"key":"SkillPotion"},{"floor":41.0,"key":"FearPotion"},{"floor":46.0,"key":"PowerPotion"},{"floor":48.0,"key":"Dexterity Potion"}],"is_trial":false,"path_per_floor":["M","?","?","?","?","E","$","R","T","M","?","E","$","M","R","B",null,"M","?","$","?","$","R","M","M","T","R","M","M","R","M","R","B",null,"M","M","?","M","$","R","M","?","T","E","R","M","?","M","R","B","B"],"character_chosen":"IRONCLAD","items_purchased":["Clothesline","Sentinel","Sentinel","True Grit","Shrug It Off","Evolve","Body Slam","Armaments"],"campfire_rested":3,"item_purchase_floors":[7,13,22,22,39,39,39,39],"current_hp_per_floor":[74,80,75,75,75,81,81,81,81,81,70,49,49,54,54,13,64,63,63,63,34,34,61,58,52,59,88,89,95,95,88,88,43,102,110,83,83,81,81,115,116,116,116,83,83,46,116,116,116,25,0],"gold":88,"neow_bonus":"THREE_ENEMY_KILL","is_prod":false,"is_daily":false,"chose_seed":false,"campfire_upgraded":5,"win_rate":0,"timestamp":1550270506,"path_taken":["M","?","?","?","?","E","$","R","T","M","?","E","$","M","R","BOSS","M","?","$","?","$","R","M","M","T","R","M","M","R","M","R","BOSS","M","M","?","M","$","R","M","?","T","E","R","M","?","M","R","BOSS","BOSS"],"build_version":"2019-01-23","purchased_purges":3,"victory":false,"max_hp_per_floor":[75,81,81,81,81,81,81,81,81,81,81,81,81,81,81,81,81,81,81,81,91,91,91,91,91,98,98,98,98,98,98,98,98,116,116,116,116,116,116,116,116,116,116,116,116,116,116,116,116,116,116],"card_choices":[{"not_picked":["Warcry","Twin Strike"],"picked":"Combust","floor":1.0},{"not_picked":["Dual Wield","Thunderclap"],"picked":"Cleave","floor":6.0},{"not_picked":["Corruption","Twin Strike"],"picked":"Carnage","floor":10.0},{"not_picked":["Twin Strike","Limit Break","Havoc"],"picked":"SKIP","floor":12.0},{"not_picked":["Anger","Headbutt"],"picked":"Rupture","floor":14.0},{"not_picked":["Immolate","Brutality"],"picked":"Barricade","floor":16.0},{"not_picked":["Twin Strike"],"picked":"SKIP","floor":18.0},{"not_picked":[],"picked":"Ghostly Armor","floor":21.0},{"not_picked":["Corruption"],"picked":"SKIP","floor":24.0},{"not_picked":[],"picked":"Battle Trance","floor":25.0},{"not_picked":["Sword Boomerang"],"picked":"SKIP","floor":28.0},{"not_picked":[],"picked":"Iron Wave","floor":29.0},{"not_picked":["Fire Breathing"],"picked":"SKIP","floor":31.0},{"not_picked":[],"picked":"Demon Form","floor":33.0},{"not_picked":["Warcry"],"picked":"SKIP","floor":35.0},{"not_picked":[],"picked":"Feel No Pain","floor":36.0},{"not_picked":[],"picked":"Secret Weapon","floor":37.0},{"not_picked":["Cleave"],"picked":"SKIP","floor":38.0},{"not_picked":[],"picked":"Shrug It Off","floor":41.0},{"not_picked":[],"picked":"Juggernaut","floor":44.0},{"not_picked":["Cleave+1"],"picked":"SKIP","floor":46.0},{"not_picked":["Fire Breathing"],"picked":"SKIP","floor":48.0}],"player_experience":636308,"relics_obtained":[{"floor":6.0,"key":"Juzu Bracelet"},{"floor":9.0,"key":"Thread and Needle"},{"floor":12.0,"key":"Bag of Preparation"},{"floor":21.0,"key":"Turnip"},{"floor":21.0,"key":"Pear"},{"floor":26.0,"key":"Strawberry"},{"floor":34.0,"key":"Orichalcum"},{"floor":34.0,"key":"Matryoshka"},{"floor":34.0,"key":"Bird Faced Urn"},{"floor":43.0,"key":"Regal Pillow"},{"floor":44.0,"key":"Bronze Scales"}],"event_choices":[{"damage_healed":0.0,"max_hp_gain":0.0,"max_hp_loss":0.0,"gold_gain":0.0,"event_name":"Big Fish","player_choice":"Box","floor":2.0,"gold_loss":0.0,"damage_taken":0.0,"relics_obtained":["Darkstone Periapt"],"cards_obtained":["Regret"]},{"damage_healed":0.0,"max_hp_gain":0.0,"max_hp_loss":0.0,"gold_gain":0.0,"event_name":"Scrap Ooze","player_choice":"Success","floor":3.0,"gold_loss":0.0,"damage_taken":5.0,"relics_obtained":["Letter Opener"]},{"damage_healed":0.0,"max_hp_gain":0.0,"max_hp_loss":0.0,"gold_gain":0.0,"event_name":"Living Wall","player_choice":"Grow","floor":4.0,"gold_loss":0.0,"damage_taken":0.0,"cards_upgraded":["Combust"]},{"damage_healed":0.0,"max_hp_gain":0.0,"max_hp_loss":0.0,"gold_gain":0.0,"event_name":"Match and Keep!","player_choice":"1 cards matched","floor":5.0,"gold_loss":0.0,"damage_taken":0.0,"cards_obtained":["Juggernaut"]},{"damage_healed":0.0,"max_hp_gain":0.0,"max_hp_loss":0.0,"gold_gain":75.0,"event_name":"World of Goop","player_choice":"Gather Gold","floor":11.0,"gold_loss":0.0,"damage_taken":11.0},{"damage_healed":0.0,"max_hp_gain":0.0,"max_hp_loss":0.0,"gold_gain":0.0,"cards_transformed":["Strike_R","Strike_R"],"event_name":"Drug Dealer","player_choice":"Became Test Subject","floor":19.0,"gold_loss":0.0,"damage_taken":0.0,"cards_obtained":["Power Through","Body Slam"]},{"damage_healed":0.0,"max_hp_gain":0.0,"max_hp_loss":0.0,"gold_gain":0.0,"event_name":"Colosseum","player_choice":"Fight","floor":21.0,"gold_loss":0.0,"damage_taken":0.0},{"damage_healed":0.0,"max_hp_gain":0.0,"max_hp_loss":0.0,"gold_gain":0.0,"event_name":"Colosseum","player_choice":"Fought Nobs","floor":21.0,"gold_loss":0.0,"damage_taken":0.0},{"damage_healed":0.0,"max_hp_gain":0.0,"max_hp_loss":0.0,"gold_gain":0.0,"event_name":"SensoryStone","player_choice":"Memory 1","floor":37.0,"gold_loss":0.0,"damage_taken":0.0},{"damage_healed":0.0,"max_hp_gain":0.0,"max_hp_loss":0.0,"gold_gain":0.0,"event_name":"Duplicator","player_choice":"Copied","floor":42.0,"gold_loss":0.0,"damage_taken":0.0,"cards_obtained":["Juggernaut"]},{"cards_removed":["Carnage"],"damage_healed":70.0,"max_hp_gain":0.0,"max_hp_loss":0.0,"gold_gain":0.0,"event_name":"Bonfire Elementals","player_choice":"Offered Uncommon","floor":47.0,"gold_loss":0.0,"damage_taken":0.0}],"is_beta":false,"boss_relics":[{"not_picked":["White Beast Statue","Black Blood"],"picked":"Busted Crown"},{"not_picked":["Runic Cube","Cursed Key"],"picked":"Calling Bell"}],"items_purged_floors":[7,13,39],"is_endless":false,"potions_floor_spawned":[1,10,16,21,21,25,28,29,35,41,46,48],"killed_by":"Donu and Deca","ascension_level":20}