{"gold_per_floor":[111,124,141,291,303,303,323,323,323,323,323,333,333,364,364,364],"floor_reached":16,"playtime":440,"items_purged":[],"score":189,"play_id":"1f5dcc2e-f07a-48ee-8eab-4b4c9868d29f","local_time":"20190808194448","is_ascension_mode":true,"campfire_choices":[{"data":"Gash","floor":6,"key":"SMITH"},{"data":"Capacitor","floor":8,"key":"SMITH"},{"data":"Buffer","floor":13,"key":"SMITH"},{"floor":15,"key":"REST"}],"neow_cost":"NONE","seed_source_timestamp":528610765105100,"circlet_count":0,"master_deck":["AscendersBane","Strike_B","Strike_B","Strike_B","Defend_B","Defend_B","Defend_B","Defend_B","Zap+1","Dualcast","Leap","Gash+1","Hologram","Doubt","Go for the Eyes","Capacitor+1","Parasite","Buffer+1","Redo"],"relics":["Cracked Core","Bottled Tornado","Bag of Preparation"],"potions_floor_usage":[12,16],"damage_taken":[{"damage":12,"enemies":"Small Slimes","floor":1,"turns":2},{"damage":0,"enemies":"2 Louse","floor":2,"turns":3},{"damage":0,"enemies":"Cultist","floor":3,"turns":4},{"damage":13,"enemies":"Large Slime","floor":5,"turns":5},{"damage":11,"enemies":"Exordium Wildlife","floor":7,"turns":4},{"damage":9,"enemies":"Red Slaver","floor":12,"turns":4},{"damage":33,"enemies":"Lagavulin","floor":14,"turns":8},{"damage":34,"enemies":"Slime Boss","floor":16,"turns":9}],"seed_played":"-6708197737545884843","potions_obtained":[{"floor":1,"key":"Dexterity Potion"},{"floor":2,"key":"Strength Potion"},{"floor":12,"key":"Fruit Juice"}],"is_trial":false,"path_per_floor":["M","M","M","?","M","R","M","R","T","?","?","M","R","E","R","B"],"character_chosen":"DEFECT","items_purchased":[],"campfire_rested":1,"item_purchase_floors":[],"current_hp_per_floor":[52,52,52,52,39,39,28,28,28,45,45,41,41,8,30,0],"gold":364,"neow_bonus":"UPGRADE_CARD","is_prod":false,"is_daily":false,"chose_seed":false,"campfire_upgraded":3,"win_rate":0,"timestamp":1565286288,"path_taken":["M","M","M","?","M","R","M","R","T","?","?","?","R","E","R","BOSS"],"build_version":"2019-07-17","purchased_purges":0,"victory":false,"max_hp_per_floor":[71,71,71,71,71,71,71,71,71,71,71,76,76,76,76,76],"card_choices":[{"not_picked":["Aggregate","Go for the Eyes"],"picked":"Leap","floor":1},{"not_picked":["Darkness","Go for the Eyes"],"picked":"Gash","floor":2},{"not_picked":["Consume","Blizzard"],"picked":"Hologram","floor":3},{"not_picked":["Lockon","Tempest"],"picked":"Go for the Eyes","floor":5},{"not_picked":["Aggregate","Streamline"],"picked":"Capacitor","floor":7},{"not_picked":["Turbo","Leap"],"picked":"Buffer","floor":12},{"not_picked":["All For One","Go for the Eyes"],"picked":"Redo","floor":14}],"player_experience":1832220,"relics_obtained":[{"floor":9,"key":"Bottled Tornado"},{"floor":14,"key":"Bag of Preparation"}],"event_choices":[{"damage_healed":0,"gold_gain":150,"player_choice":"AGREE","damage_taken":0,"max_hp_gain":0,"max_hp_loss":0,"event_name":"Liars Game","floor":4,"gold_loss":0,"cards_obtained":["Doubt"]},{"damage_healed":17,"gold_gain":0,"player_choice":"Healed and dodged fight","damage_taken":0,"max_hp_gain":0,"max_hp_loss":0,"event_name":"Mushrooms","floor":10,"gold_loss":0,"cards_obtained":["Parasite"]},{"cards_removed":["Strike_B"],"damage_healed":0,"gold_gain":0,"player_choice":"Offered Basic","damage_taken":0,"max_hp_gain":0,"max_hp_loss":0,"event_name":"Bonfire Elementals","floor":11,"gold_loss":0}],"is_beta":false,"boss_relics":[],"items_purged_floors":[],"is_endless":false,"potions_floor_spawned":[1,2,12],"killed_by":"Slime Boss","ascension_level":17}