{"gold_per_floor":[111,63,63,13,38,57,95,95,152,173,197,221,221,254,254,254],"floor_reached":16,"playtime":577,"items_purged":[],"score":112,"play_id":"de06a02e-6607-4a47-a5b5-cf71fd577a21","local_time":"20190728165051","is_ascension_mode":false,"campfire_choices":[{"floor":8,"key":"REST"},{"floor":13,"key":"REST"},{"data":"Hologram","floor":15,"key":"SMITH"}],"neow_cost":"NONE","seed_source_timestamp":1618081564514666,"circlet_count":0,"master_deck":["Strike_B","Strike_B","Strike_B","Strike_B","Defend_B","Defend_B","Defend_B","Defend_B","Zap","Dualcast","Streamline","Sweeping Beam","Skim","Fusion","Gash","Go for the Eyes","Scrape","Hologram+1"],"relics":["Cracked Core","Golden Idol","Bronze Scales","Boot","Tiny Chest","Orichalcum"],"potions_floor_usage":[11,12,14],"damage_taken":[{"damage":11,"enemies":"Jaw Worm","floor":1,"turns":3},{"damage":0,"enemies":"Small Slimes","floor":5,"turns":3},{"damage":6,"enemies":"Cultist","floor":6,"turns":3},{"damage":20,"enemies":"Lagavulin","floor":7,"turns":7},{"damage":8,"enemies":"Red Slaver","floor":10,"turns":3},{"damage":10,"enemies":"Looter","floor":11,"turns":2},{"damage":0,"enemies":"3 Louse","floor":12,"turns":2},{"damage":17,"enemies":"3 Sentries","floor":14,"turns":5},{"damage":40,"enemies":"Slime Boss","floor":16,"turns":7}],"seed_played":"6509984487862167962","potions_obtained":[{"floor":7,"key":"Poison Potion"},{"floor":11,"key":"Block Potion"},{"floor":12,"key":"AttackPotion"}],"is_trial":false,"path_per_floor":["M","$","?","?","M","M","E","R","T","M","M","M","R","E","R","B"],"character_chosen":"DEFECT","items_purchased":["Sweeping Beam"],"campfire_rested":2,"item_purchase_floors":[2],"current_hp_per_floor":[71,71,51,51,51,45,25,49,49,41,31,31,55,38,38,0],"gold":254,"neow_bonus":"TEN_PERCENT_HP_BONUS","is_prod":false,"is_daily":false,"chose_seed":false,"campfire_upgraded":1,"win_rate":0,"timestamp":1564347051,"path_taken":["M","$","?","?","M","M","E","R","T","M","?","M","R","E","R","BOSS"],"build_version":"2019-07-17","purchased_purges":0,"victory":false,"max_hp_per_floor":[82,82,82,82,82,82,82,82,82,82,82,82,82,82,82,82],"card_choices":[{"not_picked":["Tempest","Loop"],"picked":"Streamline","floor":1},{"not_picked":["Go for the Eyes","Streamline"],"picked":"Skim","floor":5},{"not_picked":["Streamline","Auto Shields"],"picked":"Fusion","floor":6},{"not_picked":["Amplify","Go for the Eyes","Stack"],"picked":"SKIP","floor":7},{"not_picked":["Heatsinks","Lockon"],"picked":"Gash","floor":10},{"not_picked":["Reprogram","Rip and Tear"],"picked":"Go for the Eyes","floor":11},{"not_picked":["Hologram","Tempest"],"picked":"Scrape","floor":12},{"not_picked":["Undo","Redo"],"picked":"Hologram","floor":14}],"player_experience":318690,"relics_obtained":[{"floor":7,"key":"Boot"},{"floor":9,"key":"Tiny Chest"},{"floor":14,"key":"Orichalcum"}],"event_choices":[{"damage_healed":0,"gold_gain":0,"player_choice":"Take Damage","damage_taken":20,"relics_obtained":["Golden Idol"],"max_hp_gain":0,"max_hp_loss":0,"event_name":"Golden Idol","floor":3,"gold_loss":0},{"damage_healed":0,"gold_gain":0,"player_choice":"Paid Gold","damage_taken":0,"relics_obtained":["Bronze Scales"],"max_hp_gain":0,"max_hp_loss":0,"event_name":"WeMeetAgain","floor":4,"gold_loss":50}],"is_beta":false,"boss_relics":[],"items_purged_floors":[],"is_endless":false,"potions_floor_spawned":[7,11,12],"killed_by":"Slime Boss","ascension_level":0}