{"gold_per_floor":[116,135,60,60,60,60,70,85,109,33,33,51,51,71,71,144,144,154,154,174,191,191,191,291,52,126,126,8,37,37,49,49,124,124,137,48,62,72,22,22,40,56,56,56,76,76,76,76,376,376],"floor_reached":51,"playtime":2763,"items_purged":["Strike_G","Writhe"],"score":1178,"play_id":"fe929aa0-26f6-44f3-8382-b0e8e626bd71","local_time":"20181101213043","is_ascension_mode":true,"campfire_choices":[{"data":"Neutralize","floor":6.0,"key":"SMITH"},{"data":"Noxious Fumes","floor":11.0,"key":"SMITH"},{"data":"Poisoned Stab","floor":13.0,"key":"SMITH"},{"data":"Dash","floor":15.0,"key":"SMITH"},{"floor":30.0,"key":"DIG"},{"floor":32.0,"key":"DIG"},{"floor":40.0,"key":"DIG"},{"floor":47.0,"key":"DIG"},{"floor":49.0,"key":"DIG"}],"neow_cost":"NONE","seed_source_timestamp":1479482602014510,"circlet_count":0,"master_deck":["Defend_G+1","Defend_G+1","Defend_G+1","Defend_G+1","Defend_G+1","Survivor+1","Neutralize+1","AscendersBane","Flying Knee+1","Dash+1","Poisoned Stab+1","Noxious Fumes+1","Predator+1","Blur+1","Doppelganger+1","Sucker Punch+1","Ghostly+1","Ghostly+1","Ghostly+1","Calculated Gamble+1","Crippling Poison+1","Leg Sweep+1","Footwork+1","Leg Sweep+1","Terror+1","A Thousand Cuts+1","Caltrops+1","Dagger Spray+1","Dagger Spray+1","PiercingWail+1","Footwork+1","Backflip+1","Predator+1","Dash+1","Dodge and Roll+1","Cloak And Dagger+1","Deadly Poison+1"],"special_seed":0,"relics":["Coffee Dripper","Juzu Bracelet","Boot","Odd Mushroom","Fusion Hammer","Pocketwatch","Calipers","Matryoshka","MealTicket","Toxic Egg 2","Gremlin Horn","Shovel","Smiling Mask","Blood Vial","Oddly Smooth Stone","Question Card","Astrolabe","Pen Nib","Dead Branch","Mark of the Bloom","Mercury Hourglass","Darkstone Periapt","Old Coin"],"potions_floor_usage":[50,50],"damage_taken":[{"damage":1.0,"enemies":"2 Louse","floor":1.0,"turns":4.0},{"damage":2.0,"enemies":"Small Slimes","floor":2.0,"turns":3.0},{"damage":2.0,"enemies":"Jaw Worm","floor":7.0,"turns":4.0},{"damage":11.0,"enemies":"Exordium Thugs","floor":8.0,"turns":6.0},{"damage":1.0,"enemies":"Looter","floor":12.0,"turns":3.0},{"damage":2.0,"enemies":"The Mushroom Lair","floor":14.0,"turns":4.0},{"damage":8.0,"enemies":"Slime Boss","floor":16.0,"turns":9.0},{"damage":24.0,"enemies":"2 Thieves","floor":18.0,"turns":5.0},{"damage":1.0,"enemies":"Spheric Guardian","floor":20.0,"turns":5.0},{"damage":3.0,"enemies":"Snake Plant","floor":21.0,"turns":4.0},{"damage":6.0,"enemies":"Colosseum Slavers","floor":24.0,"turns":4.0},{"damage":20.0,"enemies":"Colosseum Nobs","floor":24.0,"turns":7.0},{"damage":0.0,"enemies":"Gremlin Leader","floor":29.0,"turns":6.0},{"damage":0.0,"enemies":"Sentry and Sphere","floor":31.0,"turns":6.0},{"damage":2.0,"enemies":"Automaton","floor":33.0,"turns":12.0},{"damage":20.0,"enemies":"3 Shapes","floor":35.0,"turns":6.0},{"damage":1.0,"enemies":"Orb Walker","floor":37.0,"turns":6.0},{"damage":13.0,"enemies":"Transient","floor":38.0,"turns":5.0},{"damage":2.0,"enemies":"4 Shapes","floor":41.0,"turns":5.0},{"damage":22.0,"enemies":"3 Darklings","floor":42.0,"turns":5.0},{"damage":0.0,"enemies":"Maw","floor":45.0,"turns":9.0},{"damage":20,"enemies":"Awakened One","floor":50,"turns":14}],"seed_played":"-5856905582772438084","potions_obtained":[{"floor":7.0,"key":"FearPotion"},{"floor":14.0,"key":"Ancient Potion"},{"floor":16.0,"key":"Ancient Potion"},{"floor":24.0,"key":"GamblersBrew"},{"floor":33.0,"key":"Regen Potion"},{"floor":37.0,"key":"SpeedPotion"},{"floor":38.0,"key":"Regen Potion"},{"floor":42.0,"key":"GamblersBrew"}],"is_trial":false,"path_per_floor":["M","M","?","T","?","R","M","M","T","$","R","M","R","?","R","B",null,"M","?","M","M","?","R","?","$","T","T","$","E","R","M","R","B",null,"M","$","M","M","$","R","M","M","T","?","M","?","R","T","R","B"],"character_chosen":"THE_SILENT","items_purchased":["Noxious Fumes","Leg Sweep","MealTicket","Footwork","Footwork","Backflip+1"],"campfire_rested":0,"item_purchase_floors":[10,25,25,28,36,36],"current_hp_per_floor":[58,56,56,56,61,61,59,48,48,48,48,47,47,45,45,37,63,39,35,34,31,31,31,5,5,5,5,5,5,5,7,7,7,28,25,35,34,22,32,32,32,26,26,26,28,28,28,28,28,8],"gold":376,"neow_bonus":"BOSS_RELIC","is_prod":false,"is_daily":false,"chose_seed":false,"campfire_upgraded":4,"win_rate":0,"timestamp":1541104243,"path_taken":["M","M","?","?","?","R","M","M","T","$","R","M","R","?","R","BOSS","M","?","M","M","?","R","?","?","T","?","?","E","R","M","R","BOSS","M","$","M","M","$","R","M","M","T","?","M","?","R","?","R","BOSS"],"build_version":"2018-10-25v2","purchased_purges":2,"victory":true,"max_hp_per_floor":[66,66,66,66,71,71,71,71,71,71,71,71,71,71,71,71,71,71,35,35,35,35,35,35,35,35,35,35,35,35,35,35,35,35,35,35,35,35,35,35,35,35,35,33,33,33,33,33,33,33],"card_choices":[{"not_picked":["Dagger Throw","Quick Slash"],"picked":"Flying Knee","floor":1.0},{"not_picked":["Blur","Cloak And Dagger"],"picked":"Dash","floor":2.0},{"not_picked":["Bouncing Flask","Bane","Setup"],"picked":"SKIP","floor":7.0},{"not_picked":["Slice","PiercingWail"],"picked":"Poisoned Stab","floor":8.0},{"not_picked":["Deflect","Acrobatics"],"picked":"Predator","floor":12.0},{"not_picked":["Poisoned Stab","All Out Attack"],"picked":"Blur","floor":14.0},{"not_picked":["Burst","Bullet Time"],"picked":"Doppelganger","floor":16.0},{"not_picked":["Acrobatics","Well Laid Plans"],"picked":"Sucker Punch","floor":18.0},{"not_picked":["Dagger Throw","Tactician"],"picked":"Calculated Gamble","floor":20.0},{"not_picked":["Endless Agony","Prepared","Underhanded Strike"],"picked":"SKIP","floor":21.0},{"not_picked":["Infinite Blades","Deflect"],"picked":"Crippling Poison","floor":24.0},{"not_picked":["Noxious Fumes","Deflect+1"],"picked":"Leg Sweep+1","floor":29.0},{"not_picked":["Poisoned Stab","Slice"],"picked":"Terror+1","floor":31.0},{"not_picked":["Phantasmal Killer+1","Doppelganger+1","Storm of Steel+1"],"picked":"A Thousand Cuts","floor":33.0},{"not_picked":["Blade Dance+1","Sucker Punch","Deflect+1"],"picked":"PiercingWail+1","floor":35.0},{"not_picked":["Heel Hook+1","Dagger Throw","Skewer"],"picked":"Predator+1","floor":37.0},{"not_picked":["Poisoned Stab","Flying Knee","Well Laid Plans"],"picked":"Dash","floor":38.0},{"not_picked":["Outmaneuver+1","All Out Attack+1","Heel Hook+1"],"picked":"Dodge and Roll+1","floor":41.0},{"not_picked":["Quick Slash+1","Riddle With Holes","Poisoned Stab+1"],"picked":"Cloak And Dagger+1","floor":42.0},{"not_picked":["Slice","Expertise+1","Endless Agony"],"picked":"Deadly Poison+1","floor":45.0}],"player_experience":470416,"relics_obtained":[{"floor":4.0,"key":"Juzu Bracelet"},{"floor":9.0,"key":"Boot"},{"floor":14.0,"key":"Odd Mushroom"},{"floor":24.0,"key":"Calipers"},{"floor":24.0,"key":"Matryoshka"},{"floor":26.0,"key":"Toxic Egg 2"},{"floor":26.0,"key":"Gremlin Horn"},{"floor":27.0,"key":"Shovel"},{"floor":27.0,"key":"Smiling Mask"},{"floor":29.0,"key":"Blood Vial"},{"floor":30.0,"key":"Oddly Smooth Stone"},{"floor":32.0,"key":"Question Card"},{"floor":40.0,"key":"Pen Nib"},{"floor":43.0,"key":"Dead Branch"},{"floor":47.0,"key":"Mercury Hourglass"},{"floor":48.0,"key":"Darkstone Periapt"},{"floor":49.0,"key":"Old Coin"}],"event_choices":[{"cards_removed":["Strike_G"],"damage_healed":0.0,"max_hp_gain":0.0,"max_hp_loss":0.0,"gold_gain":0.0,"event_name":"The Cleric","player_choice":"Card Removal","floor":3.0,"gold_loss":75.0,"damage_taken":0.0},{"damage_healed":0.0,"max_hp_gain":5.0,"max_hp_loss":0.0,"gold_gain":0.0,"event_name":"Big Fish","player_choice":"Donut","floor":5.0,"gold_loss":0.0,"damage_taken":0.0},{"damage_healed":0.0,"max_hp_gain":0.0,"max_hp_loss":0.0,"gold_gain":0.0,"event_name":"Mushrooms","player_choice":"Fought Mushrooms","floor":14.0,"gold_loss":0.0,"damage_taken":0.0},{"damage_healed":0.0,"max_hp_gain":0.0,"max_hp_loss":36.0,"gold_gain":0.0,"event_name":"Ghosts","player_choice":"Became a Ghost","floor":19.0,"gold_loss":0.0,"damage_taken":0.0,"cards_obtained":["Ghostly","Ghostly","Ghostly"]},{"damage_healed":0.0,"max_hp_gain":0.0,"max_hp_loss":0.0,"gold_gain":0.0,"event_name":"The Mausoleum","player_choice":"Opened","floor":22.0,"gold_loss":0.0,"damage_taken":0.0,"relics_obtained":["Pocketwatch"],"cards_obtained":["Writhe"]},{"damage_healed":0.0,"max_hp_gain":0.0,"max_hp_loss":0.0,"gold_gain":0.0,"event_name":"Colosseum","player_choice":"Fight","floor":24.0,"gold_loss":0.0,"damage_taken":0.0},{"damage_healed":0.0,"max_hp_gain":0.0,"max_hp_loss":0.0,"gold_gain":0.0,"event_name":"Colosseum","player_choice":"Fought Nobs","floor":24.0,"gold_loss":0.0,"damage_taken":0.0},{"damage_healed":0.0,"max_hp_gain":0.0,"max_hp_loss":2.0,"gold_gain":0.0,"event_name":"Winding Halls","player_choice":"Max HP","floor":44.0,"gold_loss":0.0,"damage_taken":0.0},{"damage_healed":0.0,"max_hp_gain":0.0,"max_hp_loss":0.0,"gold_gain":0.0,"event_name":"MindBloom","player_choice":"Upgrade","floor":46.0,"gold_loss":0.0,"damage_taken":0.0,"cards_upgraded":["Defend_G","Defend_G","Defend_G","Defend_G","Defend_G","Survivor","Flying Knee","Predator","Blur","Doppelganger","Sucker Punch","Ghostly","Ghostly","Ghostly","Calculated Gamble","Crippling Poison","Leg Sweep","Footwork","A Thousand Cuts","Footwork","Dash"],"relics_obtained":["Mark of the Bloom"]}],"is_beta":false,"boss_relics":[{"not_picked":["Tiny House","Pandora\u0027s Box"],"picked":"Fusion Hammer"},{"not_picked":["Cursed Key","Velvet Choker"],"picked":"Astrolabe"}],"items_purged_floors":[28,39],"is_endless":false,"potions_floor_spawned":[7,14,16,20,24,33,37,38,42],"ascension_level":15}