{"gold_per_floor":[20,20,295,64,75,102,102,135,135,203,224,224,224,242,242,335,335,351,374,374,4,19,58,58,81,81,81,95,95,116,34,34,34],"floor_reached":33,"playtime":1579,"items_purged":["Regret","Strike_B"],"score":506,"play_id":"ac719f94-19ba-4878-8e40-c9e9e70e58af","local_time":"20190520033013","is_ascension_mode":true,"campfire_choices":[{"floor":13,"key":"REST"},{"data":"Apotheosis","floor":15,"key":"SMITH"},{"data":"Self Repair","floor":24,"key":"SMITH"},{"data":"Sweeping Beam","floor":32,"key":"SMITH"}],"neow_cost":"NO_GOLD","seed_source_timestamp":532837288941700,"circlet_count":0,"master_deck":["AscendersBane","Strike_B","Defend_B","Defend_B","Defend_B","Defend_B","Zap","Dualcast","Purity","Apotheosis+1","Cold Snap","Self Repair+1","Genetic Algorithm","Conserve Battery","Glacier","Chaos","BootSequence","Redo","Sweeping Beam+1","Loop","Buffer","Barrage","Consume","Defragment","Aggregate","Gash","Coolheaded","Barrage","Ball Lightning","All For One","Undo","Self Repair+1","Auto Shields","Skim","Sunder","Storm+1","Stack"],"relics":["Cracked Core","Matryoshka","Golden Idol","Blue Candle","Art of War","Happy Flower","Bird Faced Urn","Oddly Smooth Stone","Bottled Flame","Coffee Dripper","Unceasing Top","Frozen Egg 2","Kunai"],"potions_floor_usage":[8,16,19,23,25,28,30],"damage_taken":[{"damage":4,"enemies":"Jaw Worm","floor":1,"turns":2},{"damage":5,"enemies":"2 Louse","floor":5,"turns":2},{"damage":28,"enemies":"Gremlin Nob","floor":6,"turns":5},{"damage":5,"enemies":"Lagavulin","floor":8,"turns":8},{"damage":9,"enemies":"Lagavulin Event","floor":10,"turns":8},{"damage":0,"enemies":"Cultist","floor":11,"turns":5},{"damage":0,"enemies":"Blue Slaver","floor":14,"turns":4},{"damage":15,"enemies":"Hexaghost","floor":16,"turns":10},{"damage":0,"enemies":"Chosen","floor":18,"turns":7},{"damage":6,"enemies":"3 Byrds","floor":19,"turns":5},{"damage":18,"enemies":"3 Cultists","floor":22,"turns":6},{"damage":45,"enemies":"Book of Stabbing","floor":23,"turns":6},{"damage":0,"enemies":"Cultist and Chosen","floor":25,"turns":7},{"damage":28,"enemies":"Chosen and Byrds","floor":28,"turns":7},{"damage":12,"enemies":"Snecko","floor":30,"turns":6},{"damage":26,"enemies":"Champ","floor":33,"turns":9}],"seed_played":"7538521377229669062","potions_obtained":[{"floor":5,"key":"SkillPotion"},{"floor":10,"key":"Fire Potion"},{"floor":11,"key":"SteroidPotion"},{"floor":14,"key":"PowerPotion"},{"floor":18,"key":"Poison Potion"},{"floor":19,"key":"PowerPotion"},{"floor":23,"key":"Weak Potion"},{"floor":28,"key":"SneckoOil"}],"is_trial":false,"path_per_floor":["M","?","?","$","M","E","?","E","T","?","M","T","R","M","R","B",null,"M","M","?","$","M","E","R","M","T","?","M","T","M","$","R","B"],"character_chosen":"DEFECT","items_purchased":["Self Repair","Genetic Algorithm","Conserve Battery","Defragment","Aggregate","Gash","Coolheaded","Barrage","Storm+1","Stack"],"campfire_rested":1,"item_purchase_floors":[4,4,4,21,21,21,21,21,31,31],"current_hp_per_floor":[60,65,65,65,60,39,13,15,15,16,25,25,47,56,56,76,76,76,76,54,54,40,15,15,21,21,21,21,21,13,13,13,0],"gold":34,"neow_bonus":"RANDOM_COLORLESS_2","is_prod":false,"is_daily":false,"chose_seed":false,"campfire_upgraded":3,"win_rate":0,"timestamp":1558315813,"path_taken":["M","?","?","$","?","E","?","E","T","?","M","?","R","M","R","BOSS","M","?","?","$","M","E","R","M","T","?","M","?","M","$","R","BOSS"],"build_version":"2019-01-23","purchased_purges":2,"victory":false,"max_hp_per_floor":[71,76,76,76,76,76,76,76,76,76,76,76,76,76,76,76,76,76,76,81,81,81,81,81,81,81,81,81,81,81,81,81,81],"card_choices":[{"not_picked":["Compile Driver","Turbo"],"picked":"Cold Snap","floor":1},{"not_picked":["Self Repair","Conserve Battery"],"picked":"Glacier","floor":5},{"not_picked":["Stack","Meteor Strike"],"picked":"Chaos","floor":6},{"not_picked":["Reprogram","Steam Power"],"picked":"BootSequence","floor":8},{"not_picked":["Undo","Turbo"],"picked":"Redo","floor":10},{"not_picked":["Rebound","Streamline"],"picked":"Sweeping Beam","floor":11},{"not_picked":["Double Energy","Compile Driver"],"picked":"Loop","floor":14},{"not_picked":["Amplify","Seek"],"picked":"Buffer","floor":16},{"not_picked":["Glacier+1","Rebound"],"picked":"Barrage","floor":18},{"not_picked":["Heatsinks","Steam+1"],"picked":"Consume","floor":19},{"not_picked":["Sweeping Beam","BootSequence"],"picked":"Ball Lightning","floor":22},{"not_picked":["Barrage","Glacier+1"],"picked":"All For One","floor":23},{"not_picked":["Stack","Cold Snap+1"],"picked":"Undo","floor":25},{"not_picked":["Beam Cell","Barrage"],"picked":"Skim","floor":28},{"not_picked":["Conserve Battery","Hello World+1"],"picked":"Sunder","floor":30}],"player_experience":1167614,"relics_obtained":[{"floor":6,"key":"Matryoshka"},{"floor":8,"key":"Blue Candle"},{"floor":9,"key":"Art of War"},{"floor":9,"key":"Happy Flower"},{"floor":10,"key":"Bird Faced Urn"},{"floor":12,"key":"Oddly Smooth Stone"},{"floor":12,"key":"Bottled Flame"},{"floor":23,"key":"Unceasing Top"},{"floor":26,"key":"Frozen Egg 2"},{"floor":29,"key":"Kunai"}],"event_choices":[{"damage_healed":0,"gold_gain":0,"player_choice":"Donut","damage_taken":0,"max_hp_gain":5,"max_hp_loss":0,"event_name":"Big Fish","floor":2,"gold_loss":0},{"damage_healed":0,"gold_gain":275,"player_choice":"Desecrate","damage_taken":0,"max_hp_gain":0,"max_hp_loss":0,"event_name":"Golden Shrine","floor":3,"gold_loss":0,"cards_obtained":["Regret"]},{"damage_healed":0,"gold_gain":0,"player_choice":"Take Damage","damage_taken":26,"relics_obtained":["Golden Idol"],"max_hp_gain":0,"max_hp_loss":0,"event_name":"Golden Idol","floor":7,"gold_loss":0},{"damage_healed":0,"gold_gain":30,"player_choice":"Searched \u00273\u0027 times","damage_taken":0,"max_hp_gain":0,"max_hp_loss":0,"event_name":"Dead Adventurer","floor":10,"gold_loss":0},{"damage_healed":0,"gold_gain":0,"player_choice":"Shed Blood","damage_taken":27,"max_hp_gain":5,"max_hp_loss":0,"event_name":"Forgotten Altar","floor":20,"gold_loss":0},{"damage_healed":0,"gold_gain":0,"cards_transformed":["Strike_B","Strike_B"],"player_choice":"Became Test Subject","damage_taken":0,"max_hp_gain":0,"max_hp_loss":0,"event_name":"Drug Dealer","floor":27,"gold_loss":0,"cards_obtained":["Self Repair","Auto Shields"]}],"is_beta":false,"boss_relics":[{"not_picked":["Cursed Key","Tiny House"],"picked":"Coffee Dripper"}],"items_purged_floors":[4,21],"is_endless":false,"potions_floor_spawned":[5,10,11,14,18,19,23,28],"killed_by":"Champ","ascension_level":15}