{"gold_per_floor":[112,112,130,24,24,24,54,64,144,154,179,206,218,260,272,355,367,399,429,458,470,502,514,546,571,630,642,654,681,693,720,732,744],"floor_reached":33,"playtime":1672,"items_purged":[],"score":502,"play_id":"eeb4e075-75b2-4315-bdb6-cf7e1382184c","local_time":"20181111160358","is_ascension_mode":true,"campfire_choices":[{"floor":6.0,"key":"REST"},{"floor":13.0,"key":"REST"},{"floor":15.0,"key":"REST"},{"floor":23.0,"key":"REST"},{"floor":28.0,"key":"REST"},{"floor":30,"key":"REST"},{"floor":32,"key":"REST"}],"neow_cost":"NONE","seed_source_timestamp":2325892667140599,"circlet_count":0,"master_deck":["AscendersBane","Strike_B+1","Strike_B+1","Strike_B+1","Strike_B+1","Defend_B+1","Defend_B+1","Defend_B+1","Zap","Cold Snap","Sweeping Beam","Defragment","Turbo","Steam Power","Conserve Battery","Chill","Leap+1","Defragment","Coolheaded+1","Multi-Cast+1","BootSequence+1","Conserve Battery+1","Conserve Battery+1","Double Energy+1","Hologram+1","Tempest+1","Buffer","Ball Lightning"],"special_seed":0,"relics":["Fusion Hammer","Centennial Puzzle","Singing Bowl","Toxic Egg 2","MawBank","Odd Mushroom","Orrery","Anchor"],"potions_floor_usage":[],"damage_taken":[{"damage":4.0,"enemies":"Small Slimes","floor":1.0,"turns":4.0},{"damage":7.0,"enemies":"Jaw Worm","floor":3.0,"turns":2.0},{"damage":15.0,"enemies":"3 Sentries","floor":7.0,"turns":7.0},{"damage":0.0,"enemies":"2 Louse","floor":8.0,"turns":2.0},{"damage":6.0,"enemies":"Blue Slaver","floor":10.0,"turns":4.0},{"damage":6.0,"enemies":"Red Slaver","floor":12.0,"turns":4.0},{"damage":24.0,"enemies":"The Mushroom Lair","floor":14.0,"turns":5.0},{"damage":26.0,"enemies":"The Guardian","floor":16.0,"turns":17.0},{"damage":0.0,"enemies":"2 Thieves","floor":18.0,"turns":2.0},{"damage":4.0,"enemies":"Shell Parasite","floor":19.0,"turns":11.0},{"damage":13.0,"enemies":"Centurion and Healer","floor":20.0,"turns":17.0},{"damage":32.0,"enemies":"3 Cultists","floor":22.0,"turns":6.0},{"damage":24.0,"enemies":"Chosen and Byrds","floor":24.0,"turns":6.0},{"damage":10.0,"enemies":"Snecko","floor":25.0,"turns":5.0},{"damage":0,"enemies":"Centurion and Healer","floor":29,"turns":8},{"damage":8,"enemies":"Snake Plant","floor":31,"turns":5},{"damage":74,"enemies":"Champ","floor":33,"turns":16}],"seed_played":"2564609473280794403","potions_obtained":[{"floor":1.0,"key":"Energy Potion"},{"floor":10.0,"key":"SpeedPotion"},{"floor":14.0,"key":"SkillPotion"},{"floor":20.0,"key":"AttackPotion"},{"floor":22.0,"key":"GamblersBrew"},{"floor":24.0,"key":"Explosive Potion"},{"floor":31,"key":"Explosive Potion"}],"is_trial":false,"path_per_floor":["M","?","M","$","?","R","E","M","T","M","T","M","R","?","R","B",null,"M","M","M","?","M","R","M","M","T","?","R","M","R","M","R","B"],"character_chosen":"DEFECT","items_purchased":["Defragment","Turbo"],"campfire_rested":7,"item_purchase_floors":[4,4],"current_hp_per_floor":[60,42,35,35,35,56,41,41,41,35,35,29,50,26,47,21,61,63,59,46,46,16,39,15,7,7,7,30,30,53,47,71,0],"gold":744,"neow_bonus":"BOSS_RELIC","is_prod":false,"is_daily":false,"chose_seed":false,"campfire_upgraded":0,"win_rate":0,"timestamp":1541948638,"path_taken":["M","?","M","$","?","R","E","M","T","M","?","M","R","?","R","BOSS","M","M","M","?","M","R","M","?","T","?","R","M","R","M","R","BOSS"],"build_version":"2018-11-08","purchased_purges":0,"victory":false,"max_hp_per_floor":[71,71,71,71,71,71,71,71,71,71,71,71,71,71,71,71,73,75,75,75,75,77,77,77,79,79,79,79,79,79,81,81,81],"card_choices":[{"not_picked":["Reinforced Body","Turbo"],"picked":"Cold Snap","floor":1.0},{"not_picked":["Aggregate","Hologram"],"picked":"Sweeping Beam","floor":3.0},{"not_picked":["Reprogram","Genetic Algorithm"],"picked":"Conserve Battery","floor":7.0},{"not_picked":["Scrape","Doom and Gloom"],"picked":"Chill","floor":8.0},{"not_picked":["Go for the Eyes","Reprogram+1"],"picked":"Leap+1","floor":10.0},{"not_picked":["Genetic Algorithm+1","Barrage"],"picked":"Defragment","floor":12.0},{"not_picked":["Gash","Force Field+1"],"picked":"Coolheaded+1","floor":14.0},{"not_picked":["Reboot+1","Seek+1"],"picked":"Multi-Cast+1","floor":16.0},{"not_picked":["Barrage","Turbo+1"],"picked":"BootSequence+1","floor":17.0},{"not_picked":["Rip and Tear","Go for the Eyes"],"picked":"Conserve Battery+1","floor":17.0},{"not_picked":["Barrage","Stack+1"],"picked":"Conserve Battery+1","floor":17.0},{"not_picked":["Doom and Gloom","Steam+1","Amplify+1"],"picked":"Singing Bowl","floor":17.0},{"not_picked":["Stack+1","White Noise+1"],"picked":"Double Energy+1","floor":17.0},{"not_picked":["Barrage","Hello World+1","BootSequence+1"],"picked":"Singing Bowl","floor":18.0},{"not_picked":["Barrage","Redo+1"],"picked":"Hologram+1","floor":19.0},{"not_picked":["Sweeping Beam","Ball Lightning"],"picked":"Tempest+1","floor":20.0},{"not_picked":["Rebound","Auto Shields+1","Defragment"],"picked":"Singing Bowl","floor":22.0},{"not_picked":["Heatsinks","Rip and Tear"],"picked":"Buffer","floor":24.0},{"not_picked":["Barrage","Storm","Sweeping Beam"],"picked":"Singing Bowl","floor":25.0},{"not_picked":["Go for the Eyes","FTL"],"picked":"Ball Lightning","floor":29},{"not_picked":["Storm","Cold Snap+1","Go for the Eyes"],"picked":"Singing Bowl","floor":31}],"player_experience":484087,"relics_obtained":[{"floor":7.0,"key":"Singing Bowl"},{"floor":9.0,"key":"Toxic Egg 2"},{"floor":11.0,"key":"MawBank"},{"floor":14.0,"key":"Odd Mushroom"},{"floor":26.0,"key":"Anchor"}],"event_choices":[{"damage_healed":0.0,"max_hp_gain":0.0,"max_hp_loss":0.0,"gold_gain":0.0,"event_name":"Scrap Ooze","player_choice":"Success","floor":2.0,"gold_loss":0.0,"damage_taken":18.0,"relics_obtained":["Centennial Puzzle"]},{"damage_healed":0.0,"max_hp_gain":0.0,"max_hp_loss":0.0,"gold_gain":0.0,"cards_transformed":["Dualcast"],"event_name":"Living Wall","player_choice":"Change","floor":5.0,"gold_loss":0.0,"damage_taken":0.0,"cards_obtained":["Steam Power"]},{"damage_healed":0.0,"max_hp_gain":0.0,"max_hp_loss":0.0,"gold_gain":0.0,"event_name":"Mushrooms","player_choice":"Fought Mushrooms","floor":14.0,"gold_loss":0.0,"damage_taken":0.0},{"cards_removed":["Defend_B"],"damage_healed":0.0,"max_hp_gain":0.0,"max_hp_loss":0.0,"gold_gain":0.0,"event_name":"Purifier","player_choice":"Purged","floor":21.0,"gold_loss":0.0,"damage_taken":0.0},{"damage_healed":0.0,"max_hp_gain":0.0,"max_hp_loss":0.0,"gold_gain":0.0,"event_name":"Back to Basics","player_choice":"Simplicity","floor":27.0,"gold_loss":0.0,"damage_taken":0.0,"cards_upgraded":["Strike_B","Strike_B","Strike_B","Strike_B","Defend_B","Defend_B","Defend_B"]}],"is_beta":false,"boss_relics":[{"not_picked":["Runic Dome","Runic Pyramid"],"picked":"Orrery"}],"items_purged_floors":[],"is_endless":false,"potions_floor_spawned":[1,10,14,20,22,24,31],"killed_by":"Champ","ascension_level":20}