{"path_per_floor":["M","$","?","?","?","E","R","M","T","M","$","R","M","M","R","B",null,"M","?","$","M","?","R","M","M","T","M","$","E","R","$","R","B",null,"M","M","$","M","$","M","R","$","T","E","$","$","?","M","R"],"character_chosen":"THE_SILENT","items_purchased":["Paper Crane","Girya","Block Potion","Bag of Marbles","Dexterity Potion"],"gold_per_floor":[361,27,27,27,202,229,229,245,314,326,37,37,48,58,58,156,156,176,76,28,40,40,40,51,71,122,137,37,63,63,63,63,160,160,180,193,36,47,47,66,66,66,66,98,98,50,50,66,66],"floor_reached":50,"campfire_rested":2,"playtime":3979,"current_hp_per_floor":[66,66,66,66,66,18,18,18,18,18,18,18,18,18,18,30,70,68,68,68,65,65,65,56,55,55,45,45,27,48,48,48,26,67,64,54,54,52,52,47,47,47,47,17,17,17,17,18,38],"items_purged":["Decay","Doubt"],"gold":66,"play_id":"c7fce05a-2617-42be-b00d-c93678e7c680","is_prod":false,"is_daily":false,"campfire_rituals":0,"campfire_upgraded":3,"is_hardmode":false,"path_taken":["M","$","?","?","?","E","R","M","T","M","$","R","M","M","R","BOSS","M","?","?","M","?","R","M","?","T","M","$","E","R","?","R","BOSS","M","M","$","M","$","M","R","?","T","E","?","$","?","M","R","BOSS"],"build_version":"2018-01-18-PROD4","purchased_purges":3,"victory":false,"master_deck":["Defend_G","Defend_G","Defend_G","Strike_G","Strike_G","Strike_G","Strike_G","Strike_G","Survivor","Neutralize","Backflip","Blade Dance","Backflip","Dagger Throw","Flying Knee","J.A.X.","Flying Knee","Cloak And Dagger","Die Die Die","Doubt","Dagger Spray","Noxious Fumes","Footwork","Dagger Spray","Infinite Blades","Injury"],"max_hp_per_floor":[70,70,70,70,70,70,70,70,70,70,70,70,70,70,70,70,70,70,70,70,70,70,70,70,70,70,70,70,70,70,70,70,70,67,67,67,67,67,67,67,67,67,67,67,67,67,67,67,67],"relics":["Ring of the Snake","Paper Crane","Ginger","Toolbox","Girya","Cursed Key","Blood Vial","Molten Egg","Torii","Astrolabe","Bag of Marbles","Ice Cream","Calipers"],"campfire_meditates":0,"card_choices":[{"not_picked":["Deflect","Dagger Throw"],"picked":"Backflip"},{"not_picked":["Prepared","A Thousand Cuts"],"picked":"Blade Dance"},{"not_picked":["Deadly Poison","Acrobatics"],"picked":"Backflip"},{"not_picked":["Footwork","Underhanded Strike"],"picked":"Dagger Throw"},{"not_picked":["Caltrops","Quick Slash"],"picked":"Flying Knee"},{"not_picked":["Quick Slash","Riddle With Holes"],"picked":"Flying Knee"},{"not_picked":["Flying Knee","Footwork"],"picked":"Cloak And Dagger"},{"not_picked":["Doppelganger","Unload"],"picked":"Die Die Die"},{"not_picked":["Bane","Flying Knee"],"picked":"Footwork"},{"not_picked":["Deadly Poison","Well Laid Plans"],"picked":"Dagger Spray"},{"not_picked":["Caltrops","Choke"],"picked":"Infinite Blades"}],"player_experience":102571,"potions_floor_usage":[16,16,16,24,33,33,33,40,48,50,50],"damage_taken":[{"damage":4,"enemies":"Small Slimes","floor":1,"turns":4},{"damage":48,"enemies":"Gremlin Nob","floor":6,"turns":7},{"damage":0,"enemies":"2 Louse","floor":8,"turns":2},{"damage":0,"enemies":"Cultist","floor":10,"turns":4},{"damage":0,"enemies":"2 Fungi Beasts","floor":13,"turns":3},{"damage":0,"enemies":"Exordium Wildlife","floor":14,"turns":3},{"damage":3,"enemies":"The Guardian","floor":16,"turns":9},{"damage":2,"enemies":"Shell Parasite","floor":18,"turns":5},{"damage":3,"enemies":"3 Byrds","floor":21,"turns":4},{"damage":11,"enemies":"Sentry and Sphere","floor":24,"turns":4},{"damage":3,"enemies":"Chosen and Byrds","floor":25,"turns":4},{"damage":12,"enemies":"Snake Plant","floor":27,"turns":4},{"damage":20,"enemies":"Book of Stabbing","floor":29,"turns":5},{"damage":24,"enemies":"Automaton","floor":33,"turns":6},{"damage":3,"enemies":"Orb Walker","floor":35,"turns":3},{"damage":12,"enemies":"3 Darklings","floor":36,"turns":3},{"damage":4,"enemies":"Maw","floor":38,"turns":5},{"damage":16,"enemies":"4 Shapes","floor":40,"turns":4},{"damage":32,"enemies":"Giant Head","floor":44,"turns":6},{"damage":4,"enemies":"3 Darklings","floor":48,"turns":3},{"damage":49,"enemies":"Donu and Deca","floor":50,"turns":3}],"event_choices":[{"event_name":"The Cleric","player_choice":"Leave","floor":3,"damage_taken":0},{"event_name":"Living Wall","player_choice":"Grow","floor":4,"damage_taken":0},{"event_name":"Liars Game","player_choice":"agreed","floor":5,"damage_taken":0},{"event_name":"Drug Dealer","player_choice":"Got JAXXED","floor":19,"damage_taken":0},{"event_name":"The Mausoleum","player_choice":"Yes","floor":22,"damage_taken":0},{"event_name":"Mysterious Sphere","player_choice":"Ignore","floor":47,"damage_taken":0}],"boss_relics":[{"not_picked":["Lizard Tail","Pandora\u0027s Box"],"picked":"Cursed Key"},{"not_picked":["Orrery","Runic Pyramid"],"picked":"Astrolabe"}],"potions_floor_spawned":[6,8,13,14,18,21,27,38,40,44],"seed_played":"6961998009338670686","killed_by":"Donu and Deca","is_trial":false}