{"gold_per_floor":[110,110,125,10,10,44,44,44,70,70,101,162,162,182,182,255,305,263,279,11,11,11],"floor_reached":22,"playtime":798,"items_purged":["Strike_R","Strike_R"],"score":444,"play_id":"ad7a00bb-1885-43dd-8867-e3b6c09e910e","local_time":"20190823141709","is_ascension_mode":true,"campfire_choices":[{"data":"Whirlwind","floor":8,"key":"SMITH"},{"data":"Inflame","floor":10,"key":"SMITH"},{"data":"Bash","floor":13,"key":"SMITH"},{"data":"Second Wind","floor":15,"key":"SMITH"}],"neow_cost":"NONE","seed_source_timestamp":810649000795500,"circlet_count":0,"master_deck":["AscendersBane","Defend_R","Defend_R","Defend_R","Defend_R","Bash+1","Clothesline","Whirlwind+1","Inflame+1","Power Through","Second Wind+1","Shrug It Off","Feed","Exhume","Metallicize","True Grit","Armaments","Evolve","Bite","Bite","Bite","Bite","Bite"],"relics":["Burning Blood","NeowsBlessing","Potion Belt","Boot","Regal Pillow","Meat on the Bone","Tiny House"],"potions_floor_usage":[12,12,18],"damage_taken":[{"damage":0,"enemies":"Small Slimes","floor":1,"turns":1},{"damage":0,"enemies":"Jaw Worm","floor":3,"turns":1},{"damage":0,"enemies":"Lagavulin","floor":6,"turns":1},{"damage":30,"enemies":"Gremlin Nob","floor":11,"turns":5},{"damage":30,"enemies":"3 Sentries","floor":12,"turns":9},{"damage":0,"enemies":"2 Louse","floor":14,"turns":3},{"damage":44,"enemies":"Slime Boss","floor":16,"turns":11},{"damage":19,"enemies":"2 Thieves","floor":18,"turns":5},{"damage":43,"enemies":"Spheric Guardian","floor":19,"turns":11},{"damage":43,"enemies":"Snake Plant","floor":22,"turns":6}],"seed_played":"-6830330857138135366","potions_obtained":[{"floor":1,"key":"BloodPotion"},{"floor":6,"key":"Fire Potion"},{"floor":14,"key":"SmokeBomb"},{"floor":17,"key":"SteroidPotion"}],"is_trial":false,"path_per_floor":["M","?","M","$","?","E","?","R","T","R","E","?","R","M","R","B",null,"M","M","$","?","M"],"character_chosen":"IRONCLAD","items_purchased":["Inflame","Evolve","LiquidBronze"],"campfire_rested":0,"item_purchase_floors":[4,20,20],"current_hp_per_floor":[74,67,73,73,78,80,80,80,80,80,56,52,52,58,58,35,76,63,38,38,38,0],"gold":11,"neow_bonus":"THREE_ENEMY_KILL","is_prod":false,"is_daily":false,"chose_seed":false,"campfire_upgraded":4,"win_rate":0,"timestamp":1566562629,"path_taken":["M","?","M","$","?","E","?","R","T","R","E","?","R","?","R","BOSS","M","M","$","?","M"],"build_version":"2019-07-17","purchased_purges":2,"victory":false,"max_hp_per_floor":[75,75,75,75,80,80,80,80,80,80,80,80,80,80,80,83,88,88,88,88,61,61],"card_choices":[{"not_picked":["Ghostly Armor","Searing Blow"],"picked":"Clothesline","floor":1},{"not_picked":["Infernal Blade","Rampage"],"picked":"Whirlwind","floor":3},{"not_picked":["Pommel Strike","Exhume"],"picked":"Power Through","floor":6},{"not_picked":["Twin Strike","Searing Blow"],"picked":"Second Wind","floor":11},{"not_picked":["Fire Breathing","Warcry"],"picked":"Shrug It Off","floor":12},{"not_picked":["Thunderclap","Wild Strike"],"picked":"Feed","floor":14},{"not_picked":["Brutality","Fiend Fire"],"picked":"Exhume","floor":16},{"not_picked":["Ghostly Armor","Clothesline"],"picked":"Metallicize","floor":17},{"not_picked":["Cleave+1","Battle Trance"],"picked":"True Grit","floor":18},{"not_picked":["Sentinel","Havoc"],"picked":"Armaments","floor":19}],"player_experience":1960720,"relics_obtained":[{"floor":6,"key":"Potion Belt"},{"floor":9,"key":"Boot"},{"floor":11,"key":"Regal Pillow"},{"floor":12,"key":"Meat on the Bone"}],"event_choices":[{"cards_removed":["Strike_R"],"damage_healed":0,"gold_gain":0,"player_choice":"Card Removal","damage_taken":7,"max_hp_gain":0,"max_hp_loss":0,"event_name":"Golden Wing","floor":2,"gold_loss":0},{"damage_healed":0,"gold_gain":0,"player_choice":"Donut","damage_taken":0,"max_hp_gain":5,"max_hp_loss":0,"event_name":"Big Fish","floor":5,"gold_loss":0},{"damage_healed":0,"gold_gain":0,"player_choice":"Leave","damage_taken":0,"max_hp_gain":0,"max_hp_loss":0,"event_name":"The Cleric","floor":7,"gold_loss":0},{"damage_healed":0,"gold_gain":0,"player_choice":"Searched \u00272\u0027 times","damage_taken":0,"max_hp_gain":0,"max_hp_loss":0,"event_name":"Dead Adventurer","floor":12,"gold_loss":0},{"damage_healed":0,"gold_gain":0,"player_choice":"Became a vampire","damage_taken":0,"max_hp_gain":0,"max_hp_loss":27,"event_name":"Vampires","floor":21,"gold_loss":0,"cards_obtained":["Bite","Bite","Bite","Bite","Bite"]}],"is_beta":false,"boss_relics":[{"not_picked":["Eternal Feather","Fusion Hammer"],"picked":"Tiny House"}],"items_purged_floors":[4,20],"is_endless":false,"potions_floor_spawned":[1,6,14],"killed_by":"Snake Plant","ascension_level":19}