{"gold_per_floor":[112,187,206,2,17,17,51,51,81,81,108,73,73],"floor_reached":13,"playtime":497,"items_purged":["Strike_R"],"score":154,"play_id":"3c14cd17-9bee-4bb2-bffd-2767a3befdf3","local_time":"20190815050940","is_ascension_mode":true,"campfire_choices":[{"data":"Spot Weakness","floor":6,"key":"SMITH"},{"data":"Feel No Pain","floor":8,"key":"SMITH"},{"data":"Bash","floor":10,"key":"SMITH"}],"neow_cost":"NONE","seed_source_timestamp":86884736728400,"circlet_count":0,"master_deck":["AscendersBane","Strike_R","Strike_R","Strike_R","Strike_R","Defend_R","Defend_R","Defend_R","Defend_R","Bash+1","Evolve","Shrug It Off","Feel No Pain+1","Battle Trance","Spot Weakness+1","Iron Wave","Shockwave"],"relics":["Burning Blood","The Courier","Tiny Chest","Odd Mushroom"],"potions_floor_usage":[3,7,7,7,11,13],"damage_taken":[{"damage":3,"enemies":"Small Slimes","floor":1,"turns":4},{"damage":12,"enemies":"2 Louse","floor":3,"turns":3},{"damage":6,"enemies":"Jaw Worm","floor":5,"turns":5},{"damage":21,"enemies":"3 Sentries","floor":7,"turns":7},{"damage":31,"enemies":"The Mushroom Lair","floor":11,"turns":6},{"damage":33,"enemies":"Gremlin Nob","floor":13,"turns":4}],"seed_played":"-2340180857416548687","potions_obtained":[{"floor":0,"key":"EntropicBrew"},{"floor":0,"key":"AttackPotion"},{"floor":3,"key":"SpeedPotion"},{"floor":11,"key":"SneckoOil"}],"is_trial":false,"path_per_floor":["M","?","M","$","M","R","E","R","T","R","?","?","E"],"character_chosen":"IRONCLAD","items_purchased":["Feel No Pain","Battle Trance"],"campfire_rested":0,"item_purchase_floors":[4,4],"current_hp_per_floor":[71,60,54,54,54,54,39,39,39,39,14,32,0],"gold":73,"neow_bonus":"THREE_SMALL_POTIONS","is_prod":false,"is_daily":false,"chose_seed":false,"campfire_upgraded":3,"win_rate":0,"timestamp":1565838580,"path_taken":["M","?","M","$","M","R","E","R","T","R","?","?","E"],"build_version":"2019-07-17","purchased_purges":1,"victory":false,"max_hp_per_floor":[75,75,75,75,75,75,75,75,75,75,75,75,75],"card_choices":[{"not_picked":["Clash","Cleave"],"picked":"Evolve","floor":1},{"not_picked":["Twin Strike","Cleave"],"picked":"Shrug It Off","floor":3},{"not_picked":["Anger","True Grit"],"picked":"Spot Weakness","floor":5},{"not_picked":["Demon Form","Warcry"],"picked":"Iron Wave","floor":7},{"not_picked":["Thunderclap","Clothesline"],"picked":"Shockwave","floor":11}],"player_experience":1914947,"relics_obtained":[{"floor":7,"key":"The Courier"},{"floor":9,"key":"Tiny Chest"},{"floor":11,"key":"Odd Mushroom"}],"event_choices":[{"damage_healed":0,"gold_gain":75,"player_choice":"Gather Gold","damage_taken":11,"max_hp_gain":0,"max_hp_loss":0,"event_name":"World of Goop","floor":2,"gold_loss":0},{"damage_healed":0,"gold_gain":0,"player_choice":"Fought Mushrooms","damage_taken":0,"max_hp_gain":0,"max_hp_loss":0,"event_name":"Mushrooms","floor":11,"gold_loss":0},{"damage_healed":18,"gold_gain":0,"player_choice":"Healed","damage_taken":0,"max_hp_gain":0,"max_hp_loss":0,"event_name":"The Cleric","floor":12,"gold_loss":35}],"is_beta":false,"boss_relics":[],"items_purged_floors":[4],"is_endless":false,"potions_floor_spawned":[3,11],"killed_by":"Gremlin Nob","ascension_level":18}