{"gold_per_floor":[118,130,147,72,72,72,99,99,99,99,174,194,469,29,29,101,101,116,78,78,78,3,3,23,23,23,42,42,52,27,47,47,121,121,134,19,31,43,43,43,60,60,86,109,33,52,101,101],"floor_reached":48,"playtime":2145,"items_purged":["Regret"],"score":824,"play_id":"1d195b56-d0a4-4bf5-85d5-398c55c037f8","local_time":"20190701104451","is_ascension_mode":true,"campfire_choices":[{"data":"Footwork","floor":6,"key":"SMITH"},{"floor":8,"key":"REST"},{"data":"Neutralize","floor":10,"key":"SMITH"},{"floor":15,"key":"REST"},{"data":"Envenom","floor":23,"key":"SMITH"},{"floor":28,"key":"REST"},{"floor":32,"key":"REST"},{"floor":40,"key":"REST"},{"floor":42,"key":"REST"}],"neow_cost":"NONE","seed_source_timestamp":1159662905388700,"circlet_count":0,"master_deck":["AscendersBane","Defend_G","Defend_G","Defend_G+1","Strike_G+1","Survivor","Neutralize+1","Backflip","Dash","Footwork+1","Blade Dance+1","Flechettes","Panache","Envenom+1","Doppelganger+1","Cloak And Dagger+1","Terror+1","Ghostly+1","Ghostly+1","Ghostly+1","Skewer+1","Writhe","Crippling Poison+1","Blade Dance+1","Deflect+1","Calculated Gamble+1","Venomology+1","Riddle With Holes+1","Bullet Time+1","Swift Strike+1","Deadly Poison+1","Accuracy","Dodge and Roll+1","Cloak And Dagger+1","Dodge and Roll+1","Deflect+1","Distraction+1","A Thousand Cuts","Setup+1"],"relics":["Ring of the Snake","Toxic Egg 2","Bronze Scales","Empty Cage","Blue Candle","Boot","Darkstone Periapt","Astrolabe","MawBank","Centennial Puzzle"],"potions_floor_usage":[2,7,18,19,29,33,33,38,38,41,44,48,48],"damage_taken":[{"damage":4,"enemies":"Cultist","floor":1,"turns":6},{"damage":3,"enemies":"Small Slimes","floor":2,"turns":5},{"damage":0,"enemies":"2 Louse","floor":3,"turns":3},{"damage":18,"enemies":"Lagavulin","floor":7,"turns":12},{"damage":1,"enemies":"Looter","floor":12,"turns":3},{"damage":3,"enemies":"The Guardian","floor":16,"turns":11},{"damage":10,"enemies":"Shell Parasite","floor":18,"turns":5},{"damage":3,"enemies":"2 Thieves","floor":19,"turns":5},{"damage":6,"enemies":"Snake Plant","floor":24,"turns":4},{"damage":5,"enemies":"Centurion and Healer","floor":27,"turns":6},{"damage":23,"enemies":"3 Cultists","floor":29,"turns":6},{"damage":1,"enemies":"Snecko","floor":31,"turns":5},{"damage":12,"enemies":"Collector","floor":33,"turns":10},{"damage":0,"enemies":"Orb Walker","floor":35,"turns":3},{"damage":0,"enemies":"3 Shapes","floor":37,"turns":4},{"damage":4,"enemies":"Sphere and 2 Shapes","floor":38,"turns":7},{"damage":13,"enemies":"Transient","floor":41,"turns":6},{"damage":8,"enemies":"Spire Growth","floor":44,"turns":7},{"damage":13,"enemies":"3 Darklings","floor":46,"turns":5},{"damage":15,"enemies":"Giant Head","floor":48,"turns":5}],"seed_played":"4717326211335339842","potions_obtained":[{"floor":1,"key":"FearPotion"},{"floor":3,"key":"Swift Potion"},{"floor":7,"key":"GamblersBrew"},{"floor":12,"key":"Explosive Potion"},{"floor":18,"key":"EssenceOfSteel"},{"floor":24,"key":"PowerPotion"},{"floor":31,"key":"Fire Potion"},{"floor":33,"key":"Fire Potion"},{"floor":37,"key":"Ancient Potion"},{"floor":46,"key":"Strength Potion"}],"is_trial":false,"path_per_floor":["M","M","M","?","?","R","E","R","T","R","?","M","?","$","R","B",null,"M","M","T","?","?","R","M","?","T","M","R","M","$","M","R","B",null,"M","$","M","M","?","R","M","R","T","M","$","M","T","E"],"character_chosen":"THE_SILENT","items_purchased":["Panache","Envenom","Deflect+1","Accuracy","Dodge and Roll+1","A Thousand Cuts"],"campfire_rested":6,"item_purchase_floors":[14,14,30,36,36,45],"current_hp_per_floor":[55,52,52,52,32,32,14,33,33,33,22,21,21,21,40,37,59,49,46,46,33,33,33,27,27,27,22,31,8,8,7,16,4,26,26,26,26,22,22,31,18,27,27,19,19,6,6,0],"gold":101,"neow_bonus":"RANDOM_COLORLESS","is_prod":false,"is_daily":false,"chose_seed":false,"campfire_upgraded":3,"win_rate":0,"timestamp":1561970691,"path_taken":["M","M","?","?","?","R","E","R","T","R","?","M","?","$","R","BOSS","M","M","?","?","?","R","M","?","T","M","R","M","$","?","R","BOSS","M","$","M","M","?","R","M","R","T","M","$","?","?","E"],"build_version":"2019-01-23","purchased_purges":1,"victory":false,"max_hp_per_floor":[66,66,66,66,66,66,66,66,66,66,66,66,66,66,66,66,66,66,66,66,33,33,33,33,33,33,33,33,33,33,33,33,33,33,33,33,33,33,33,33,33,33,33,33,33,33,33,33],"card_choices":[{"not_picked":["Underhanded Strike","Dagger Throw"],"picked":"Backflip","floor":1},{"not_picked":["Blade Dance","All Out Attack"],"picked":"Dash","floor":2},{"not_picked":["Distraction","Calculated Gamble"],"picked":"Footwork","floor":3},{"not_picked":["Acrobatics","Choke"],"picked":"Blade Dance","floor":7},{"not_picked":["Bane","Cloak And Dagger+1"],"picked":"Flechettes","floor":12},{"not_picked":["Unload","Phantasmal Killer+1"],"picked":"Doppelganger+1","floor":16},{"not_picked":["Choke","Dagger Throw"],"picked":"Cloak And Dagger+1","floor":18},{"not_picked":["Poisoned Stab","Riddle With Holes"],"picked":"Terror+1","floor":19},{"not_picked":["Prepared+1","Dagger Spray"],"picked":"Skewer+1","floor":24},{"not_picked":["Acrobatics+1","Riddle With Holes"],"picked":"Crippling Poison+1","floor":27},{"not_picked":["PiercingWail+1","Crippling Poison+1"],"picked":"Blade Dance+1","floor":29},{"not_picked":["Prepared+1","Poisoned Stab"],"picked":"Calculated Gamble+1","floor":31},{"not_picked":["Unload","Envenom"],"picked":"Venomology+1","floor":33},{"not_picked":["Dagger Spray","Acrobatics+1"],"picked":"Deadly Poison+1","floor":35},{"not_picked":["Dagger Spray","Calculated Gamble+1"],"picked":"Cloak And Dagger+1","floor":37},{"not_picked":["Heel Hook","Dagger Throw+1"],"picked":"Dodge and Roll+1","floor":38},{"not_picked":["Backstab","Dagger Spray"],"picked":"Deflect+1","floor":41},{"not_picked":["Bane","Envenom"],"picked":"Distraction+1","floor":44},{"not_picked":["Terror+1","Deflect+1"],"picked":"Setup+1","floor":46}],"player_experience":1539706,"relics_obtained":[{"floor":7,"key":"Toxic Egg 2"},{"floor":9,"key":"Bronze Scales"},{"floor":20,"key":"Blue Candle"},{"floor":26,"key":"Darkstone Periapt"},{"floor":43,"key":"MawBank"},{"floor":47,"key":"Centennial Puzzle"}],"event_choices":[{"cards_removed":["Strike_G"],"damage_healed":0,"gold_gain":0,"player_choice":"Card Removal","damage_taken":0,"max_hp_gain":0,"max_hp_loss":0,"event_name":"The Cleric","floor":4,"gold_loss":75},{"damage_healed":0,"gold_gain":0,"player_choice":"Entered Light","damage_taken":20,"max_hp_gain":0,"max_hp_loss":0,"event_name":"Shining Light","floor":5,"gold_loss":0,"cards_upgraded":["Strike_G","Defend_G"]},{"damage_healed":0,"gold_gain":75,"player_choice":"Gather Gold","damage_taken":11,"max_hp_gain":0,"max_hp_loss":0,"event_name":"World of Goop","floor":11,"gold_loss":0},{"damage_healed":0,"gold_gain":275,"player_choice":"Desecrate","damage_taken":0,"max_hp_gain":0,"max_hp_loss":0,"event_name":"Golden Shrine","floor":13,"gold_loss":0,"cards_obtained":["Regret"]},{"damage_healed":0,"gold_gain":0,"player_choice":"Became a Ghost","damage_taken":0,"max_hp_gain":0,"max_hp_loss":33,"event_name":"Ghosts","floor":21,"gold_loss":0,"cards_obtained":["Ghostly","Ghostly","Ghostly"]},{"cards_removed":["Strike_G"],"damage_healed":0,"gold_gain":0,"player_choice":"Gave Gold","damage_taken":0,"max_hp_gain":0,"max_hp_loss":0,"event_name":"Beggar","floor":22,"gold_loss":75},{"damage_healed":0,"gold_gain":0,"player_choice":"Opened","damage_taken":0,"relics_obtained":["Boot"],"max_hp_gain":0,"max_hp_loss":0,"event_name":"The Mausoleum","floor":25,"gold_loss":0,"cards_obtained":["Writhe"]},{"damage_healed":0,"gold_gain":0,"player_choice":"Ignored","damage_taken":0,"max_hp_gain":0,"max_hp_loss":0,"event_name":"SecretPortal","floor":39,"gold_loss":0}],"is_beta":false,"boss_relics":[{"not_picked":["Calling Bell","Ectoplasm"],"picked":"Empty Cage"},{"not_picked":["White Beast Statue","Pandora\u0027s Box"],"picked":"Astrolabe"}],"items_purged_floors":[14],"is_endless":false,"potions_floor_spawned":[1,3,7,12,18,24,31,33,35,37,46],"killed_by":"Giant Head","ascension_level":17}