{"gold_per_floor":[118,129,146,146,146,176,191,220,275,293,293,304,18,49,49,128,128,147,158,33,33],"floor_reached":21,"playtime":896,"items_purged":["Armaments"],"score":382,"play_id":"23b25318-5428-4907-82e7-d657cc118c1b","local_time":"20190813041204","is_ascension_mode":true,"campfire_choices":[{"floor":11,"key":"REST"},{"data":"Apotheosis","floor":15,"key":"SMITH"}],"neow_cost":"TEN_PERCENT_HP_LOSS","seed_source_timestamp":904194210961700,"circlet_count":0,"master_deck":["AscendersBane","Bash","Twin Strike","Flex","Heavy Blade","Shockwave","Feel No Pain","Demon Form","Heavy Blade","Apotheosis+1","Uppercut","Double Tap","Rage","True Grit","Metallicize","Uppercut","Rampage","Flex","Reckless Charge","Sentinel","Anger","Feel No Pain","Rampage","Dual Wield"],"relics":["Burning Blood","Du-Vu Doll","Art of War","Darkstone Periapt","Potion Belt","Oddly Smooth Stone","Pandora\u0027s Box"],"potions_floor_usage":[6,8,10,19],"damage_taken":[{"damage":10,"enemies":"Small Slimes","floor":1,"turns":4},{"damage":2,"enemies":"Jaw Worm","floor":2,"turns":3},{"damage":1,"enemies":"Cultist","floor":3,"turns":3},{"damage":27,"enemies":"Lagavulin","floor":6,"turns":6},{"damage":7,"enemies":"Red Slaver","floor":7,"turns":3},{"damage":25,"enemies":"Gremlin Nob","floor":8,"turns":4},{"damage":0,"enemies":"Lots of Slimes","floor":10,"turns":1},{"damage":4,"enemies":"3 Louse","floor":12,"turns":4},{"damage":20,"enemies":"Lagavulin","floor":14,"turns":5},{"damage":7,"enemies":"Hexaghost","floor":16,"turns":6},{"damage":27,"enemies":"Shell Parasite","floor":18,"turns":5},{"damage":12,"enemies":"Spheric Guardian","floor":19,"turns":4},{"damage":30,"enemies":"Cultist and Chosen","floor":21,"turns":3}],"seed_played":"5598032004409341030","potions_obtained":[{"floor":3,"key":"Fire Potion"},{"floor":7,"key":"Strength Potion"},{"floor":8,"key":"AttackPotion"},{"floor":16,"key":"Explosive Potion"},{"floor":18,"key":"GamblersBrew"}],"is_trial":false,"path_per_floor":["M","M","M","?","?","E","M","E","T","M","R","M","$","E","R","B",null,"M","M","$","M"],"character_chosen":"IRONCLAD","items_purchased":["Apotheosis","Rampage","Dual Wield"],"campfire_rested":1,"item_purchase_floors":[13,20,20],"current_hp_per_floor":[64,68,68,48,48,27,26,7,7,13,33,35,35,21,21,20,56,35,29,29,0],"gold":33,"neow_bonus":"ONE_RARE_RELIC","is_prod":false,"is_daily":false,"chose_seed":false,"campfire_upgraded":1,"win_rate":0,"timestamp":1565662324,"path_taken":["M","M","M","?","?","E","M","E","T","?","R","M","?","E","R","BOSS","M","M","$","M"],"build_version":"2019-07-17","purchased_purges":1,"victory":false,"max_hp_per_floor":[68,68,68,68,68,68,68,68,68,68,68,68,68,68,68,68,68,68,68,68,68],"card_choices":[{"not_picked":["Sword Boomerang","Cleave"],"picked":"Twin Strike","floor":1},{"not_picked":["Wild Strike","Seeing Red"],"picked":"Flex","floor":2},{"not_picked":["Havoc","Body Slam"],"picked":"Heavy Blade","floor":3},{"not_picked":["Wild Strike","Hemokinesis"],"picked":"Shockwave","floor":6},{"not_picked":["Heavy Blade","Warcry"],"picked":"Feel No Pain","floor":7},{"not_picked":["Armaments","Body Slam"],"picked":"Demon Form","floor":8},{"not_picked":["Body Slam","Wild Strike"],"picked":"Heavy Blade","floor":10},{"not_picked":["Burning Pact","Entrench"],"picked":"Armaments","floor":12},{"not_picked":["Pummel","Clash"],"picked":"Uppercut","floor":14},{"not_picked":["Brutality","Impervious"],"picked":"Double Tap","floor":16},{"not_picked":["Clash","True Grit"],"picked":"Anger","floor":18},{"not_picked":["Rampage","Infernal Blade"],"picked":"Feel No Pain","floor":19}],"player_experience":1869497,"relics_obtained":[{"floor":6,"key":"Art of War"},{"floor":8,"key":"Darkstone Periapt"},{"floor":9,"key":"Potion Belt"},{"floor":14,"key":"Oddly Smooth Stone"}],"event_choices":[{"damage_healed":0,"gold_gain":0,"player_choice":"Entered Light","damage_taken":20,"max_hp_gain":0,"max_hp_loss":0,"event_name":"Shining Light","floor":4,"gold_loss":0,"cards_upgraded":["Defend_R","Defend_R"]},{"cards_removed":["Strike_R"],"damage_healed":0,"gold_gain":0,"player_choice":"Offered Basic","damage_taken":0,"max_hp_gain":0,"max_hp_loss":0,"event_name":"Bonfire Elementals","floor":5,"gold_loss":0}],"is_beta":false,"boss_relics":[{"not_picked":["Coffee Dripper","Lizard Tail"],"picked":"Pandora\u0027s Box"}],"items_purged_floors":[13],"is_endless":false,"potions_floor_spawned":[3,7,8,16,18],"killed_by":"Cultist and Chosen","ascension_level":18}