{"gold_per_floor":[119,119,119,194,211,240,240,165,220,220,249,47,80,95,95,95],"floor_reached":16,"playtime":1034,"items_purged":["Strike_R","Strike_R"],"score":223,"play_id":"e5153e69-a2e0-4c0f-8a95-e8252e8e0681","local_time":"20180904182732","is_ascension_mode":true,"campfire_choices":[{"data":"Bash","floor":7,"key":"SMITH"},{"data":"Infernal Blade","floor":10,"key":"SMITH"},{"data":"True Grit","floor":15,"key":"SMITH"}],"neow_cost":"NONE","seed_source_timestamp":1495698400687406,"circlet_count":0,"master_deck":["Strike_R","Strike_R","Strike_R","Defend_R+1","Defend_R","Defend_R+1","Defend_R","Bash+1","AscendersBane","Headbutt","Shrug It Off","Infernal Blade+1","Whirlwind","Feel No Pain","Thunderclap","Ghostly Armor","True Grit+1"],"relics":["Burning Blood","NeowsBlessing","Meat on the Bone","Pen Nib","Oddly Smooth Stone","Odd Mushroom","Self Forming Clay"],"potions_floor_usage":[16],"damage_taken":[{"damage":0,"enemies":"2 Louse","floor":1,"turns":1},{"damage":0,"enemies":"Jaw Worm","floor":5,"turns":1},{"damage":0,"enemies":"Lagavulin","floor":6,"turns":1},{"damage":20,"enemies":"The Mushroom Lair","floor":11,"turns":4},{"damage":1,"enemies":"3 Sentries","floor":13,"turns":3},{"damage":0,"enemies":"Small Slimes","floor":14,"turns":3},{"damage":63,"enemies":"Hexaghost","floor":16,"turns":16}],"seed_played":"-3133150227545504746","potions_obtained":[{"floor":1,"key":"GamblersBrew"}],"is_trial":false,"path_per_floor":["M","?","?","?","M","E","R","$","T","R","?","$","E","M","R"],"character_chosen":"IRONCLAD","items_purchased":["Feel No Pain","Thunderclap"],"campfire_rested":0,"item_purchase_floors":[12,12],"current_hp_per_floor":[74,56,41,30,48,54,54,54,54,54,52,52,57,63,63,0],"gold":95,"neow_bonus":"THREE_ENEMY_KILL","is_prod":false,"is_daily":false,"chose_seed":false,"campfire_upgraded":3,"win_rate":0,"timestamp":1536082052,"path_taken":["M","?","?","?","?","E","R","?","T","R","?","$","E","?","R","BOSS"],"build_version":"2018-08-30","purchased_purges":2,"victory":false,"max_hp_per_floor":[75,75,75,75,75,75,75,75,75,75,75,75,75,75,75,75],"card_choices":[{"not_picked":["Battle Trance","Dual Wield"],"picked":"Headbutt","floor":1},{"not_picked":["Flex","Metallicize"],"picked":"Shrug It Off","floor":5},{"not_picked":["Body Slam","Twin Strike"],"picked":"Infernal Blade","floor":6},{"not_picked":["Battle Trance","Dropkick"],"picked":"Whirlwind","floor":11},{"not_picked":["Iron Wave","Perfected Strike"],"picked":"Ghostly Armor","floor":13},{"not_picked":["Searing Blow","Corruption"],"picked":"True Grit","floor":14}],"player_experience":631395,"relics_obtained":[{"floor":6,"key":"Pen Nib"},{"floor":9,"key":"Oddly Smooth Stone"},{"floor":11,"key":"Odd Mushroom"},{"floor":13,"key":"Self Forming Clay"}],"event_choices":[{"event_name":"Scrap Ooze","player_choice":"success","floor":2,"damage_taken":18},{"event_name":"Shining Light","player_choice":"Entered Light","floor":3,"damage_taken":0},{"event_name":"World of Goop","player_choice":"Gather Gold","floor":4,"damage_taken":0},{"event_name":"Mushrooms","player_choice":"Fought Mushrooms","floor":11,"damage_taken":0}],"is_beta":false,"boss_relics":[],"items_purged_floors":[8,12],"is_endless":false,"potions_floor_spawned":[1],"killed_by":"Hexaghost","ascension_level":14}