{"gold_per_floor":[17,17,17,37,54,54,24,24,72,72,106,31,31,31,31,105,105,111,111,130,130,3,3],"floor_reached":23,"playtime":1246,"items_purged":["Defend_G"],"score":333,"play_id":"b34afad4-e347-4aa6-b4cb-6ca4e73fc979","local_time":"20190623024511","is_ascension_mode":true,"campfire_choices":[{"data":"Neutralize","floor":6,"key":"SMITH"},{"data":"Jack Of All Trades","floor":8,"key":"SMITH"},{"data":"Dash","floor":10,"key":"SMITH"},{"data":"After Image","floor":13,"key":"SMITH"},{"data":"Leg Sweep","floor":15,"key":"SMITH"}],"neow_cost":"NO_GOLD","seed_source_timestamp":440566246166600,"circlet_count":0,"master_deck":["AscendersBane","Defend_G","Defend_G","Defend_G","Survivor","Neutralize+1","Jack Of All Trades+1","Impatience","Leg Sweep+1","Well Laid Plans","Dash+1","Deflect","After Image+1","Wraith Form v2","Unload+1","Dagger Spray+1","Infinite Blades+1","Outmaneuver+1","Ghostly","Ghostly","Ghostly","Deflect","Finisher"],"relics":["Ring of the Snake","Smiling Mask","Regal Pillow","Astrolabe"],"potions_floor_usage":[16,18,23],"damage_taken":[{"damage":3,"enemies":"2 Louse","floor":1,"turns":4},{"damage":0,"enemies":"Small Slimes","floor":4,"turns":5},{"damage":1,"enemies":"Jaw Worm","floor":5,"turns":8},{"damage":0,"enemies":"Looter","floor":7,"turns":4},{"damage":6,"enemies":"3 Sentries","floor":11,"turns":13},{"damage":19,"enemies":"Slime Boss","floor":16,"turns":17},{"damage":4,"enemies":"2 Thieves","floor":18,"turns":4},{"damage":3,"enemies":"Spheric Guardian","floor":20,"turns":10},{"damage":41,"enemies":"Gremlin Leader","floor":23,"turns":8}],"seed_played":"-387513154677234319","potions_obtained":[{"floor":11,"key":"Fire Potion"},{"floor":16,"key":"Block Potion"},{"floor":18,"key":"PowerPotion"}],"is_trial":false,"path_per_floor":["M","$","?","M","M","R","M","R","T","R","E","?","R","?","R","B",null,"M","?","M","?","$","E"],"character_chosen":"THE_SILENT","items_purchased":["Finisher"],"campfire_rested":0,"item_purchase_floors":[22],"current_hp_per_floor":[56,56,49,49,48,48,48,48,48,48,42,42,42,42,42,23,55,51,33,30,30,30,0],"gold":3,"neow_bonus":"RANDOM_COLORLESS_2","is_prod":false,"is_daily":false,"chose_seed":false,"campfire_upgraded":5,"win_rate":0,"timestamp":1561250711,"path_taken":["M","$","?","M","M","R","M","R","T","R","E","?","R","?","R","BOSS","M","?","M","?","?","E"],"build_version":"2019-01-23","purchased_purges":1,"victory":false,"max_hp_per_floor":[66,66,66,66,66,66,66,66,66,66,66,66,66,66,66,66,66,66,33,33,33,33,33],"card_choices":[{"not_picked":["Heel Hook","Predator"],"picked":"Leg Sweep","floor":1},{"not_picked":["Bane","Reflex"],"picked":"Well Laid Plans","floor":4},{"not_picked":["Sucker Punch","Slice"],"picked":"Dash","floor":5},{"not_picked":["Slice","Quick Slash"],"picked":"Deflect","floor":7},{"not_picked":["Poisoned Stab","Outmaneuver"],"picked":"After Image","floor":11},{"not_picked":["Phantasmal Killer","Glass Knife"],"picked":"Wraith Form v2","floor":16},{"not_picked":["Terror","Reflex+1"],"picked":"Outmaneuver+1","floor":18},{"not_picked":["Deadly Poison","Prepared"],"picked":"Deflect","floor":20}],"player_experience":1452679,"relics_obtained":[{"floor":9,"key":"Smiling Mask"},{"floor":11,"key":"Regal Pillow"}],"event_choices":[{"cards_removed":["Strike_G"],"damage_healed":0,"gold_gain":0,"player_choice":"Card Removal","damage_taken":7,"max_hp_gain":0,"max_hp_loss":0,"event_name":"Golden Wing","floor":3,"gold_loss":0},{"cards_removed":["Strike_G"],"damage_healed":0,"gold_gain":0,"player_choice":"Card Removal","damage_taken":0,"max_hp_gain":0,"max_hp_loss":0,"event_name":"The Cleric","floor":12,"gold_loss":75},{"damage_healed":0,"gold_gain":0,"player_choice":"Ignored","damage_taken":0,"max_hp_gain":0,"max_hp_loss":0,"event_name":"Liars Game","floor":14,"gold_loss":0},{"damage_healed":0,"gold_gain":0,"player_choice":"Became a Ghost","damage_taken":0,"max_hp_gain":0,"max_hp_loss":33,"event_name":"Ghosts","floor":19,"gold_loss":0,"cards_obtained":["Ghostly","Ghostly","Ghostly"]},{"cards_removed":["Defend_G"],"damage_healed":0,"gold_gain":0,"player_choice":"Elegance","damage_taken":0,"max_hp_gain":0,"max_hp_loss":0,"event_name":"Back to Basics","floor":21,"gold_loss":0}],"is_beta":false,"boss_relics":[{"not_picked":["Ectoplasm","Velvet Choker"],"picked":"Astrolabe"}],"items_purged_floors":[22],"is_endless":false,"potions_floor_spawned":[11,16,18],"killed_by":"Gremlin Leader","ascension_level":16}