{"gold_per_floor":[118,268,298,315,36,36,48,58,83,98,98,124,124,24,24,98,98,110,110,94,0,0,0,0],"floor_reached":24,"playtime":1102,"items_purged":["Doubt","Strike_R"],"score":365,"play_id":"47be9ad3-0b12-4c29-a63d-4de7093edee7","local_time":"20190424165554","is_ascension_mode":true,"campfire_choices":[{"data":"True Grit","floor":6,"key":"SMITH"},{"data":"Armaments","floor":11,"key":"SMITH"},{"floor":15,"key":"REST"},{"floor":23,"key":"REST"}],"neow_cost":"PERCENT_DAMAGE","seed_source_timestamp":153018825065400,"circlet_count":0,"master_deck":["AscendersBane","Strike_R","Strike_R","Strike_R","Strike_R","Defend_R","Defend_R","Defend_R","Defend_R","Bash","True Grit+1","Flame Barrier","Beam Cell","Armaments+1","Barricade","Tools of the Trade","Go for the Eyes","Conserve Battery+1"],"relics":["Burning Blood","Tiny Chest","PrismaticShard","Strawberry","Dodecahedron","Bottled Flame","Runic Pyramid"],"potions_floor_usage":[8,12,12,18],"damage_taken":[{"damage":16,"enemies":"Jaw Worm","floor":1,"turns":5},{"damage":10,"enemies":"Small Slimes","floor":4,"turns":4},{"damage":1,"enemies":"2 Louse","floor":7,"turns":4},{"damage":5,"enemies":"Blue Slaver","floor":8,"turns":5},{"damage":3,"enemies":"Looter","floor":10,"turns":4},{"damage":20,"enemies":"3 Sentries","floor":12,"turns":8},{"damage":27,"enemies":"The Guardian","floor":16,"turns":20},{"damage":3,"enemies":"3 Byrds","floor":18,"turns":5},{"damage":42,"enemies":"Colosseum Slavers","floor":19,"turns":9},{"damage":19,"enemies":"2 Thieves","floor":20,"turns":5},{"damage":66,"enemies":"Book of Stabbing","floor":24,"turns":9}],"seed_played":"7592741511702516261","potions_obtained":[{"floor":7,"key":"Block Potion"},{"floor":8,"key":"Explosive Potion"},{"floor":10,"key":"PowerPotion"},{"floor":16,"key":"SpeedPotion"}],"is_trial":false,"path_per_floor":["M","?","?","M","$","R","M","M","T","M","R","E","T","$","R","B",null,"M","?","M","?","?","R","E"],"character_chosen":"IRONCLAD","items_purchased":["PrismaticShard"],"campfire_rested":2,"item_purchase_floors":[5],"current_hp_per_floor":[54,54,36,32,32,32,37,38,45,48,48,34,34,34,62,41,82,85,49,36,36,36,64,0],"gold":0,"neow_bonus":"TWENTY_PERCENT_HP_BONUS","is_prod":false,"is_daily":false,"chose_seed":false,"campfire_upgraded":2,"win_rate":0,"timestamp":1556117754,"path_taken":["M","?","?","M","$","R","M","M","T","M","R","E","?","?","R","BOSS","M","?","M","?","?","R","E"],"build_version":"2019-01-23","purchased_purges":2,"victory":false,"max_hp_per_floor":[89,89,89,89,89,89,89,89,96,96,96,96,96,96,96,96,96,96,96,96,96,96,96,96],"card_choices":[{"not_picked":["Body Slam","Ghostly Armor"],"picked":"True Grit","floor":1},{"not_picked":["Shrug It Off","Metallicize"],"picked":"Flame Barrier","floor":4},{"not_picked":["Prepared","Dropkick","Outmaneuver"],"picked":"SKIP","floor":7},{"not_picked":["Shrug It Off","Sword Boomerang"],"picked":"Beam Cell","floor":8},{"not_picked":["Pummel","Turbo"],"picked":"Armaments","floor":10},{"not_picked":["Deadly Poison","Accuracy"],"picked":"Barricade","floor":12},{"not_picked":["Night Terror","Malaise"],"picked":"Tools of the Trade","floor":16},{"not_picked":["Cloak And Dagger","FTL"],"picked":"Go for the Eyes","floor":18},{"not_picked":["Compile Driver","Twin Strike"],"picked":"Conserve Battery","floor":20}],"player_experience":1065941,"relics_obtained":[{"floor":9,"key":"Strawberry"},{"floor":12,"key":"Dodecahedron"},{"floor":13,"key":"Bottled Flame"}],"event_choices":[{"damage_healed":0,"gold_gain":150,"player_choice":"AGREE","damage_taken":0,"max_hp_gain":0,"max_hp_loss":0,"event_name":"Liars Game","floor":2,"gold_loss":0,"cards_obtained":["Doubt"]},{"damage_healed":0,"gold_gain":0,"player_choice":"Success","damage_taken":18,"relics_obtained":["Tiny Chest"],"max_hp_gain":0,"max_hp_loss":0,"event_name":"Scrap Ooze","floor":3,"gold_loss":0},{"damage_healed":0,"gold_gain":0,"player_choice":"Fight","damage_taken":0,"max_hp_gain":0,"max_hp_loss":0,"event_name":"Colosseum","floor":19,"gold_loss":0},{"damage_healed":0,"gold_gain":0,"player_choice":"Fled From Nobs","damage_taken":0,"max_hp_gain":0,"max_hp_loss":0,"event_name":"Colosseum","floor":19,"gold_loss":0},{"damage_healed":0,"gold_gain":0,"player_choice":"Paid Fearfully","damage_taken":0,"max_hp_gain":0,"max_hp_loss":0,"event_name":"Masked Bandits","floor":21,"gold_loss":94},{"damage_healed":0,"gold_gain":0,"player_choice":"Upgraded","damage_taken":0,"max_hp_gain":0,"max_hp_loss":0,"event_name":"Upgrade Shrine","floor":22,"gold_loss":0,"cards_upgraded":["Conserve Battery"]}],"is_beta":false,"boss_relics":[{"not_picked":["Ectoplasm","Snecko Eye"],"picked":"Runic Pyramid"}],"items_purged_floors":[5,14],"is_endless":false,"potions_floor_spawned":[7,8,10,16,19],"killed_by":"Book of Stabbing","ascension_level":15}