{"gold_per_floor":[118,118,138,288,3,3,27,27,27,27,66,82,82,7,7,118,118,111,11,11,36,36,36],"floor_reached":23,"playtime":854,"items_purged":["Doubt","Strike_G"],"score":337,"play_id":"8cac5e18-8e74-4b6b-b0be-861bc29fe84e","local_time":"20190610105705","is_ascension_mode":true,"campfire_choices":[{"data":"Magnetism","floor":6,"key":"SMITH"},{"data":"Skewer","floor":8,"key":"SMITH"},{"data":"Neutralize","floor":10,"key":"SMITH"},{"floor":13,"key":"REST"},{"data":"Poisoned Stab","floor":15,"key":"SMITH"}],"neow_cost":"NONE","seed_source_timestamp":281654895151300,"circlet_count":0,"master_deck":["AscendersBane","Defend_G","Defend_G","Defend_G","Defend_G","Defend_G","Strike_G","Strike_G","Strike_G","Survivor","Neutralize+1","Cloak And Dagger","Escape Plan","Magnetism+1","Skewer+1","Dodge and Roll","Poisoned Stab+1","Bullet Time","Acrobatics","Shame","Poisoned Stab"],"relics":["Ring of the Serpent","Golden Idol","Vajra","Matryoshka","Bag of Preparation"],"potions_floor_usage":[11,12,16,16],"damage_taken":[{"damage":0,"enemies":"2 Louse","floor":1,"turns":4},{"damage":7,"enemies":"Small Slimes","floor":3,"turns":4},{"damage":0,"enemies":"Jaw Worm","floor":7,"turns":5},{"damage":11,"enemies":"3 Sentries","floor":11,"turns":7},{"damage":15,"enemies":"Exordium Thugs","floor":12,"turns":4},{"damage":22,"enemies":"Slime Boss","floor":16,"turns":12},{"damage":10,"enemies":"2 Thieves","floor":18,"turns":4},{"damage":43,"enemies":"Spheric Guardian","floor":21,"turns":8},{"damage":10,"enemies":"Slavers","floor":23,"turns":1}],"seed_played":"869747539837894490","potions_obtained":[{"floor":1,"key":"Dexterity Potion"},{"floor":3,"key":"Energy Potion"},{"floor":11,"key":"Strength Potion"},{"floor":12,"key":"GamblersBrew"}],"is_trial":false,"path_per_floor":["M","?","M","?","$","R","M","R","T","R","E","M","R","?","R","B",null,"M","$","?","M","?","E"],"character_chosen":"THE_SILENT","items_purchased":["Magnetism"],"campfire_rested":1,"item_purchase_floors":[5],"current_hp_per_floor":[59,59,52,52,52,52,52,52,52,52,41,26,45,45,45,23,55,45,45,45,2,2,0],"gold":36,"neow_bonus":"REMOVE_CARD","is_prod":false,"is_daily":false,"chose_seed":false,"campfire_upgraded":4,"win_rate":0,"timestamp":1560157025,"path_taken":["M","?","M","?","$","R","M","R","T","R","E","M","R","?","R","BOSS","M","$","?","M","?","E"],"build_version":"2019-01-23","purchased_purges":2,"victory":false,"max_hp_per_floor":[66,66,66,66,66,66,66,66,66,66,66,66,66,66,66,66,66,66,66,66,66,66,66],"card_choices":[{"not_picked":["Heel Hook","Accuracy"],"picked":"Cloak And Dagger","floor":1},{"not_picked":["Deadly Poison","Acrobatics"],"picked":"Escape Plan","floor":3},{"not_picked":["Acrobatics","Finisher"],"picked":"Skewer","floor":7},{"not_picked":["Storm of Steel","Prepared"],"picked":"Dodge and Roll","floor":11},{"not_picked":["Bane","Terror"],"picked":"Poisoned Stab","floor":12},{"not_picked":["Adrenaline","Die Die Die"],"picked":"Bullet Time","floor":16},{"not_picked":["Poisoned Stab","Flying Knee"],"picked":"Acrobatics","floor":18},{"not_picked":["Sucker Punch","Skewer"],"picked":"Poisoned Stab","floor":21}],"player_experience":1273736,"relics_obtained":[{"floor":9,"key":"Vajra"},{"floor":11,"key":"Matryoshka"}],"event_choices":[{"damage_healed":0,"gold_gain":0,"player_choice":"Take Wound","damage_taken":0,"relics_obtained":["Golden Idol"],"max_hp_gain":0,"max_hp_loss":0,"event_name":"Golden Idol","floor":2,"gold_loss":0,"cards_obtained":["Injury"]},{"damage_healed":0,"gold_gain":150,"player_choice":"AGREE","damage_taken":0,"max_hp_gain":0,"max_hp_loss":0,"event_name":"Liars Game","floor":4,"gold_loss":0,"cards_obtained":["Doubt"]},{"cards_removed":["Injury"],"damage_healed":0,"gold_gain":0,"player_choice":"Card Removal","damage_taken":0,"max_hp_gain":0,"max_hp_loss":0,"event_name":"The Cleric","floor":14,"gold_loss":75},{"damage_healed":0,"gold_gain":0,"player_choice":"Stole Relic","damage_taken":0,"relics_obtained":["Bag of Preparation"],"max_hp_gain":0,"max_hp_loss":0,"event_name":"Addict","floor":20,"gold_loss":0,"cards_obtained":["Shame"]},{"damage_healed":0,"gold_gain":0,"player_choice":"Ignored","damage_taken":0,"max_hp_gain":0,"max_hp_loss":0,"event_name":"Beggar","floor":22,"gold_loss":0}],"is_beta":false,"boss_relics":[{"not_picked":["Eternal Feather","Tiny House"],"picked":"Ring of the Serpent"}],"items_purged_floors":[5,19],"is_endless":false,"potions_floor_spawned":[1,3,11,12],"killed_by":"Slavers","ascension_level":16}