{"gold_per_floor":[115,41,60,60,60,93,93,107,107,107,123,123,137,170,170,295,295,310,310,328,352,352],"floor_reached":22,"playtime":1080,"items_purged":[],"score":320,"play_id":"bd9f1b11-6682-4532-89a8-675c0e59e697","local_time":"20180812142445","is_ascension_mode":true,"campfire_choices":[{"data":"1","floor":7,"key":"LIFT"},{"data":"Neutralize","floor":10,"key":"SMITH"},{"data":"2","floor":12,"key":"LIFT"},{"data":"3","floor":15,"key":"LIFT"}],"neow_cost":"NONE","seed_source_timestamp":311064828315866,"circlet_count":0,"master_deck":["Defend_G","Defend_G","Defend_G","Defend_G","Defend_G","Strike_G","Strike_G","Strike_G","Strike_G","Strike_G","Survivor","Neutralize+1","Sucker Punch","Footwork","Cloak And Dagger","Regret","A Thousand Cuts","Flechettes","PiercingWail","Backflip","Poisoned Stab","Malaise","Deadly Poison+1","Cloak And Dagger","Blur+1"],"relics":["Ring of the Snake","NeowsBlessing","Girya","Golden Idol","Potion Belt","Shovel","Dream Catcher","Eternal Feather"],"potions_floor_usage":[16,18,21,22],"damage_taken":[{"damage":0,"enemies":"2 Louse","floor":1,"turns":1},{"damage":0,"enemies":"Small Slimes","floor":3,"turns":1},{"damage":0,"enemies":"Gremlin Nob","floor":6,"turns":1},{"damage":3,"enemies":"Jaw Worm","floor":8,"turns":5},{"damage":8,"enemies":"Blue Slaver","floor":11,"turns":3},{"damage":3,"enemies":"2 Fungi Beasts","floor":13,"turns":4},{"damage":9,"enemies":"3 Sentries","floor":14,"turns":9},{"damage":14,"enemies":"Slime Boss","floor":16,"turns":9},{"damage":3,"enemies":"Chosen","floor":18,"turns":6},{"damage":28,"enemies":"Spheric Guardian","floor":20,"turns":6},{"damage":34,"enemies":"Chosen and Byrds","floor":21,"turns":7},{"damage":10,"enemies":"Cultist and Chosen","floor":22,"turns":4}],"seed_played":"-8516127696033082212","potions_obtained":[{"floor":3,"key":"Fire Potion"},{"floor":8,"key":"SkillPotion"},{"floor":13,"key":"SteroidPotion"},{"floor":20,"key":"Fruit Juice"}],"is_trial":false,"path_per_floor":["M","$","M","?","?","E","R","M","T","R","M","R","M","E","R","B",null,"M","?","M","M"],"character_chosen":"THE_SILENT","items_purchased":["Footwork"],"campfire_rested":0,"item_purchase_floors":[2],"current_hp_per_floor":[63,63,63,63,63,63,63,60,60,60,52,52,49,40,40,26,55,52,65,37,8,0],"gold":352,"neow_bonus":"THREE_ENEMY_KILL","is_prod":false,"is_daily":false,"chose_seed":false,"campfire_upgraded":1,"win_rate":0,"timestamp":1534080285,"path_taken":["M","$","M","?","?","E","R","M","T","R","M","R","M","E","R","BOSS","M","?","M","M","M"],"build_version":"2018-08-09","purchased_purges":0,"victory":false,"max_hp_per_floor":[70,70,70,70,65,65,65,65,65,65,65,65,65,65,65,65,65,65,65,65,70,70],"card_choices":[{"not_picked":["Outmaneuver","Flying Knee"],"picked":"Sucker Punch","floor":1},{"not_picked":["Poisoned Stab","Masterful Stab"],"picked":"Cloak And Dagger","floor":3},{"not_picked":["Caltrops","Outmaneuver"],"picked":"A Thousand Cuts","floor":6},{"not_picked":["Outmaneuver","Sucker Punch"],"picked":"Flechettes","floor":8},{"not_picked":["Slice","Flying Knee"],"picked":"PiercingWail","floor":11},{"not_picked":["All Out Attack","Deflect"],"picked":"Backflip","floor":13},{"not_picked":["Eviscerate","Envenom"],"picked":"Poisoned Stab","floor":14},{"not_picked":["Envenom","Bullet Time"],"picked":"Malaise","floor":16},{"not_picked":["Outmaneuver+1","Sucker Punch"],"picked":"Deadly Poison+1","floor":18},{"not_picked":["Endless Agony","Choke"],"picked":"Cloak And Dagger","floor":20},{"not_picked":["Bouncing Flask","Poisoned Stab+1"],"picked":"Blur+1","floor":21}],"player_experience":559661,"relics_obtained":[{"floor":6,"key":"Potion Belt"},{"floor":9,"key":"Shovel"},{"floor":14,"key":"Dream Catcher"}],"event_choices":[{"event_name":"Big Fish","player_choice":"Box","floor":4,"damage_taken":0},{"event_name":"Golden Idol","player_choice":"Lose Max HP","floor":5,"damage_taken":0},{"event_name":"The Library","player_choice":"Heal","floor":19,"damage_taken":0}],"is_beta":false,"boss_relics":[{"not_picked":["Busted Crown","Lizard Tail"],"picked":"Eternal Feather"}],"items_purged_floors":[],"is_endless":false,"potions_floor_spawned":[3,8,13,20],"killed_by":"Cultist and Chosen","ascension_level":9}