{"gold_per_floor":[118,118,131,206,206,206,23,39,86,66,66,41,69,86,86,164,164,184,196,196,196],"floor_reached":21,"playtime":598,"items_purged":["Strike_B"],"score":331,"play_id":"6016cc10-2928-4ed4-9e60-5b913bdcc5da","local_time":"20190812221048","is_ascension_mode":true,"campfire_choices":[{"data":"Zap","floor":6,"key":"SMITH"},{"data":"Genetic Algorithm","floor":11,"key":"SMITH"},{"floor":15,"key":"REST"}],"neow_cost":"NONE","seed_source_timestamp":882814035799600,"circlet_count":0,"master_deck":["AscendersBane","Strike_B","Strike_B","Defend_B","Defend_B","Defend_B","Defend_B","Zap+1","Dualcast","Chill","Gash","Genetic Algorithm+1","Sweeping Beam","Gash","Self Repair","Loop","Gash","All For One","Steam","Beam Cell"],"relics":["Cracked Core","Vajra","Omamori","Cursed Key","Nilry\u0027s Codex"],"potions_floor_usage":[10,16,18],"damage_taken":[{"damage":3,"enemies":"2 Louse","floor":1,"turns":2},{"damage":0,"enemies":"Jaw Worm","floor":3,"turns":3},{"damage":5,"enemies":"Small Slimes","floor":8,"turns":3},{"damage":5,"enemies":"Exordium Thugs","floor":12,"turns":4},{"damage":22,"enemies":"Lagavulin","floor":13,"turns":7},{"damage":13,"enemies":"Large Slime","floor":14,"turns":5},{"damage":48,"enemies":"The Guardian","floor":16,"turns":9},{"damage":21,"enemies":"2 Thieves","floor":18,"turns":4},{"damage":32,"enemies":"Chosen","floor":19,"turns":6},{"damage":16,"enemies":"Snake Plant","floor":21,"turns":2}],"seed_played":"-3499733149343134461","potions_obtained":[{"floor":10,"key":"Fruit Juice"},{"floor":13,"key":"LiquidBronze"},{"floor":14,"key":"GamblersBrew"},{"floor":16,"key":"Explosive Potion"},{"floor":19,"key":"SteroidPotion"}],"is_trial":false,"path_per_floor":["M","?","M","?","?","R","$","M","T","?","R","M","E","M","R","B",null,"M","M","?","M"],"character_chosen":"DEFECT","items_purchased":["Genetic Algorithm","Sweeping Beam"],"campfire_rested":1,"item_purchase_floors":[7,7],"current_hp_per_floor":[68,61,61,50,55,55,55,50,50,55,55,50,35,29,55,14,70,56,31,10,0],"gold":196,"neow_bonus":"TEN_PERCENT_HP_BONUS","is_prod":false,"is_daily":false,"chose_seed":false,"campfire_upgraded":2,"win_rate":0,"timestamp":1565640648,"path_taken":["M","?","M","?","?","R","?","M","T","?","R","M","E","M","R","BOSS","M","M","?","M"],"build_version":"2019-07-17","purchased_purges":1,"victory":false,"max_hp_per_floor":[78,78,78,78,83,83,83,83,83,88,88,88,88,88,88,88,88,88,88,88,88],"card_choices":[{"not_picked":["Beam Cell","Skim"],"picked":"Chill","floor":1},{"not_picked":["Steam","Barrage"],"picked":"Gash","floor":3},{"not_picked":["Thunder Strike","Ball Lightning"],"picked":"Gash","floor":8},{"not_picked":["Force Field","Rebound"],"picked":"Self Repair","floor":12},{"not_picked":["Redo","Ball Lightning"],"picked":"Loop","floor":13},{"not_picked":["Turbo","Heatsinks"],"picked":"Gash","floor":14},{"not_picked":["Multi-Cast","Machine Learning"],"picked":"All For One","floor":16},{"not_picked":["Rebound","Force Field"],"picked":"Steam","floor":18},{"not_picked":["Gash","Fusion"],"picked":"Beam Cell","floor":19}],"player_experience":1849497,"relics_obtained":[{"floor":9,"key":"Vajra"},{"floor":13,"key":"Omamori"},{"floor":20,"key":"Nilry\u0027s Codex"}],"event_choices":[{"cards_removed":["Strike_B"],"damage_healed":0,"gold_gain":0,"player_choice":"Card Removal","damage_taken":7,"max_hp_gain":0,"max_hp_loss":0,"event_name":"Golden Wing","floor":2,"gold_loss":0},{"damage_healed":0,"gold_gain":75,"player_choice":"Gather Gold","damage_taken":11,"max_hp_gain":0,"max_hp_loss":0,"event_name":"World of Goop","floor":4,"gold_loss":0},{"damage_healed":0,"gold_gain":0,"player_choice":"Donut","damage_taken":0,"max_hp_gain":5,"max_hp_loss":0,"event_name":"Big Fish","floor":5,"gold_loss":0},{"damage_healed":0,"gold_gain":0,"player_choice":"Bought 1 Potion","damage_taken":0,"max_hp_gain":0,"max_hp_loss":0,"event_name":"The Woman in Blue","floor":10,"gold_loss":0},{"damage_healed":0,"gold_gain":0,"player_choice":"Obtained Book","damage_taken":21,"max_hp_gain":0,"max_hp_loss":0,"event_name":"Cursed Tome","floor":20,"gold_loss":0}],"is_beta":false,"boss_relics":[{"not_picked":["Coffee Dripper","Lizard Tail"],"picked":"Cursed Key"}],"items_purged_floors":[7],"is_endless":false,"potions_floor_spawned":[13,14,16,19],"killed_by":"Snake Plant","ascension_level":17}