{"gold_per_floor":[115,115,115,128,128,163,163,183,183,203,230,254,318,331,331,331],"floor_reached":16,"playtime":661,"items_purged":[],"score":239,"play_id":"6638db7f-12f1-4dec-9228-e5fabeb1175e","local_time":"20190622065129","is_ascension_mode":true,"campfire_choices":[{"data":"Zap","floor":7,"key":"SMITH"},{"data":"Sunder","floor":15,"key":"SMITH"}],"neow_cost":"NONE","seed_source_timestamp":369528696599100,"circlet_count":0,"master_deck":["AscendersBane","Strike_B","Strike_B","Strike_B","Defend_B","Defend_B","Defend_B","Defend_B","Zap+1","Dualcast","Hologram","Defragment","Coolheaded","Genetic Algorithm","Go for the Eyes","White Noise","Glacier","Sunder+1"],"relics":["Cracked Core","NeowsBlessing","Smiling Mask","Meat on the Bone","Odd Mushroom","Lantern","Ancient Tea Set","Oddly Smooth Stone"],"potions_floor_usage":[13],"damage_taken":[{"damage":0,"enemies":"2 Louse","floor":1,"turns":1},{"damage":0,"enemies":"Small Slimes","floor":4,"turns":1},{"damage":0,"enemies":"Gremlin Nob","floor":6,"turns":1},{"damage":4,"enemies":"Jaw Worm","floor":8,"turns":4},{"damage":29,"enemies":"The Mushroom Lair","floor":10,"turns":5},{"damage":30,"enemies":"3 Sentries","floor":11,"turns":12},{"damage":5,"enemies":"3 Sentries","floor":13,"turns":7},{"damage":0,"enemies":"Large Slime","floor":14,"turns":10},{"damage":43,"enemies":"Slime Boss","floor":16,"turns":10}],"seed_played":"2187528474380719248","potions_obtained":[{"floor":11,"key":"AttackPotion"}],"is_trial":false,"path_per_floor":["M","?","$","M","$","E","R","M","T","?","E","T","?","M","R","B"],"character_chosen":"DEFECT","items_purchased":[],"campfire_rested":0,"item_purchase_floors":[],"current_hp_per_floor":[64,57,57,57,57,57,57,53,53,36,18,18,25,37,37,0],"gold":331,"neow_bonus":"THREE_ENEMY_KILL","is_prod":false,"is_daily":false,"chose_seed":false,"campfire_upgraded":2,"win_rate":0,"timestamp":1561179089,"path_taken":["M","?","$","M","$","E","R","M","T","?","E","?","?","M","R","BOSS"],"build_version":"2019-01-23","purchased_purges":0,"victory":false,"max_hp_per_floor":[71,71,71,71,71,71,71,71,71,71,71,71,71,71,71,71],"card_choices":[{"not_picked":["Rebound","Streamline"],"picked":"Hologram","floor":1},{"not_picked":["Hologram","Gash"],"picked":"Defragment","floor":4},{"not_picked":["Go for the Eyes","Consume"],"picked":"Coolheaded","floor":6},{"not_picked":["Steam","Conserve Battery"],"picked":"Genetic Algorithm","floor":8},{"not_picked":["Steam","Rebound"],"picked":"Go for the Eyes","floor":10},{"not_picked":["Go for the Eyes","Coolheaded"],"picked":"White Noise","floor":11},{"not_picked":["Sweeping Beam","Beam Cell"],"picked":"Glacier","floor":13},{"not_picked":["Streamline","Heatsinks"],"picked":"Sunder","floor":14}],"player_experience":1428623,"relics_obtained":[{"floor":6,"key":"Smiling Mask"},{"floor":9,"key":"Meat on the Bone"},{"floor":10,"key":"Odd Mushroom"},{"floor":11,"key":"Lantern"},{"floor":12,"key":"Ancient Tea Set"},{"floor":13,"key":"Oddly Smooth Stone"}],"event_choices":[{"cards_removed":["Strike_B"],"damage_healed":0,"gold_gain":0,"player_choice":"Card Removal","damage_taken":7,"max_hp_gain":0,"max_hp_loss":0,"event_name":"Golden Wing","floor":2,"gold_loss":0},{"damage_healed":0,"gold_gain":0,"player_choice":"Fought Mushrooms","damage_taken":0,"max_hp_gain":0,"max_hp_loss":0,"event_name":"Mushrooms","floor":10,"gold_loss":0},{"damage_healed":0,"gold_gain":0,"player_choice":"Searched \u00271\u0027 times","damage_taken":0,"max_hp_gain":0,"max_hp_loss":0,"event_name":"Dead Adventurer","floor":13,"gold_loss":0}],"is_beta":false,"boss_relics":[],"items_purged_floors":[],"is_endless":false,"potions_floor_spawned":[11],"killed_by":"Slime Boss","ascension_level":16}