{"gold_per_floor":[110,30,40,40,94,115,115,140,140,65,78,78,101,137,137,258,258,272,272,120,136,186,219,219,232,232,232,232,53,67,81,81,81],"floor_reached":33,"playtime":799,"items_purged":["Strike_B"],"score":267,"play_id":"6d71f77b-4afa-4f79-941c-7991a77abec2","local_time":"20190816235052","is_ascension_mode":false,"campfire_choices":[{"data":"Defragment","floor":7.0,"key":"SMITH"},{"data":"Zap","floor":12.0,"key":"SMITH"},{"data":"Dualcast","floor":15.0,"key":"SMITH"},{"data":"Rainbow","floor":24,"key":"SMITH"},{"data":"White Noise","floor":27,"key":"SMITH"},{"floor":32,"key":"REST"}],"neow_cost":"NONE","seed_source_timestamp":9339242804192,"circlet_count":0,"master_deck":["Strike_B","Strike_B","Strike_B","Defend_B","Defend_B","Defend_B","Defend_B","Zap+1","Dualcast+1","Ball Lightning","Defragment+1","White Noise+1","Ball Lightning","Loop","Leap","Rainbow+1","Cold Snap","Shame","Glacier","Rebound","Doubt","Cold Snap","Coolheaded","Coolheaded"],"special_seed":0,"relics":["Cracked Core","NeowsBlessing","Golden Idol","Orichalcum","Bag of Marbles","Art of War","Cursed Key","Pen Nib","Bag of Preparation","Ancient Tea Set","Bottled Flame","Enchiridion","Juzu Bracelet"],"potions_floor_usage":[23,23],"damage_taken":[{"damage":0.0,"enemies":"Jaw Worm","floor":1.0,"turns":1.0},{"damage":0.0,"enemies":"Small Slimes","floor":3.0,"turns":1.0},{"damage":0.0,"enemies":"Cultist","floor":6.0,"turns":1.0},{"damage":6.0,"enemies":"Blue Slaver","floor":8.0,"turns":2.0},{"damage":12.0,"enemies":"Exordium Wildlife","floor":11.0,"turns":4.0},{"damage":10.0,"enemies":"Lots of Slimes","floor":13.0,"turns":2.0},{"damage":4.0,"enemies":"Lagavulin","floor":14.0,"turns":5.0},{"damage":11.0,"enemies":"The Guardian","floor":16.0,"turns":8.0},{"damage":0.0,"enemies":"Chosen","floor":18.0,"turns":4.0},{"damage":1.0,"enemies":"3 Byrds","floor":21.0,"turns":4.0},{"damage":5,"enemies":"Book of Stabbing","floor":23,"turns":5},{"damage":11,"enemies":"3 Cultists","floor":25,"turns":5},{"damage":0,"enemies":"Chosen and Byrds","floor":30,"turns":6},{"damage":13,"enemies":"Snecko","floor":31,"turns":5},{"damage":48,"enemies":"Automaton","floor":33,"turns":12}],"seed_played":"-7249832685784333871","potions_obtained":[{"floor":8.0,"key":"Energy Potion"},{"floor":11.0,"key":"SteroidPotion"},{"floor":14.0,"key":"SpeedPotion"},{"floor":21.0,"key":"EssenceOfSteel"},{"floor":23,"key":"Energy Potion"},{"floor":30,"key":"SpeedPotion"}],"is_trial":false,"path_per_floor":["M","$","M","?","T","M","R","M","T","$","M","R","M","E","R","B",null,"M","?","$","M","?","E","R","M","T","R","?","$","M","M","R","B"],"character_chosen":"DEFECT","items_purchased":["Defragment","Bag of Preparation","Juzu Bracelet","Cold Snap"],"campfire_rested":1,"item_purchase_floors":[2,20,29,29],"current_hp_per_floor":[75,75,75,69,69,69,69,63,63,63,51,51,41,37,37,26,69,69,69,69,68,68,63,63,52,52,52,36,36,36,23,43,0],"gold":81,"neow_bonus":"THREE_ENEMY_KILL","is_prod":false,"is_daily":false,"chose_seed":false,"campfire_upgraded":5,"win_rate":0,"timestamp":1566021052,"path_taken":["M","$","M","?","?","M","R","M","T","?","M","R","?","E","R","BOSS","M","?","$","M","?","E","R","?","T","R","?","?","M","M","R","BOSS"],"build_version":"2019-07-17","purchased_purges":1,"victory":false,"max_hp_per_floor":[75,75,75,69,69,69,69,69,69,69,69,69,69,69,69,69,69,69,69,69,69,69,69,69,69,69,69,69,69,69,69,69,69],"card_choices":[{"not_picked":["Coolheaded","Compile Driver"],"picked":"Ball Lightning","floor":1.0},{"not_picked":["Melter","Streamline"],"picked":"White Noise","floor":3.0},{"not_picked":["Turbo","Compile Driver"],"picked":"Ball Lightning","floor":6.0},{"not_picked":["Redo","Rebound"],"picked":"Loop","floor":8.0},{"not_picked":["Conserve Battery","Echo Form"],"picked":"Leap","floor":11.0},{"not_picked":["Steam","Skim","Hologram"],"picked":"SKIP","floor":13.0},{"not_picked":["Sweeping Beam","Auto Shields","Turbo"],"picked":"SKIP","floor":14.0},{"not_picked":["Creative AI","Echo Form"],"picked":"Rainbow","floor":16.0},{"not_picked":["Barrage","Aggregate"],"picked":"Cold Snap","floor":18.0},{"not_picked":["Turbo","Heatsinks","Aggregate"],"picked":"SKIP","floor":21.0},{"not_picked":["Beam Cell+1","Steam"],"picked":"Glacier","floor":23},{"not_picked":["Barrage","Lockon"],"picked":"Rebound","floor":25},{"not_picked":["Blizzard","Redo","Coolheaded"],"picked":"SKIP","floor":30},{"not_picked":["Blizzard","Redo"],"picked":"Coolheaded","floor":30},{"not_picked":["Gash","Compile Driver"],"picked":"Coolheaded","floor":31}],"player_experience":1680100,"relics_obtained":[{"floor":5.0,"key":"Orichalcum"},{"floor":9.0,"key":"Bag of Marbles"},{"floor":14.0,"key":"Art of War"},{"floor":23,"key":"Ancient Tea Set"},{"floor":26,"key":"Bottled Flame"},{"floor":28,"key":"Enchiridion"}],"event_choices":[{"damage_healed":0.0,"max_hp_gain":0.0,"max_hp_loss":6.0,"gold_gain":0.0,"event_name":"Golden Idol","player_choice":"Lose Max HP","floor":4.0,"gold_loss":0.0,"damage_taken":0.0,"relics_obtained":["Golden Idol"]},{"damage_healed":0.0,"max_hp_gain":0.0,"max_hp_loss":0.0,"gold_gain":0.0,"event_name":"Addict","player_choice":"Stole Relic","floor":19.0,"gold_loss":0.0,"damage_taken":0.0,"relics_obtained":["Pen Nib"],"cards_obtained":["Shame"]},{"damage_healed":0,"gold_gain":100,"player_choice":"Bet on Murderer","damage_taken":0,"max_hp_gain":0,"max_hp_loss":0,"event_name":"The Joust","floor":22,"gold_loss":50},{"damage_healed":0,"gold_gain":0,"player_choice":"Obtained Book","damage_taken":16,"max_hp_gain":0,"max_hp_loss":0,"event_name":"Cursed Tome","floor":28,"gold_loss":0}],"is_beta":false,"boss_relics":[{"not_picked":["Runic Dome","Eternal Feather"],"picked":"Cursed Key"}],"items_purged_floors":[10],"is_endless":false,"potions_floor_spawned":[8,11,14,21,23,30],"killed_by":"Automaton","ascension_level":0}