{"gold_per_floor":[113,66,79,79,98,124,140,140,140,152,77,77],"floor_reached":12,"playtime":455,"items_purged":["Strike_B"],"score":80,"play_id":"25c2fd18-e47d-43e3-8967-a544e5adc6d8","local_time":"20190728164058","is_ascension_mode":false,"campfire_choices":[{"floor":8,"key":"REST"}],"neow_cost":"NONE","seed_source_timestamp":1617611236454222,"circlet_count":0,"master_deck":["Strike_B","Strike_B","Strike_B","Defend_B","Defend_B","Defend_B","Defend_B","Zap","Dualcast","Core Surge","Melter","Hologram","Defragment","Echo Form","Rainbow"],"relics":["Cracked Core","Bag of Preparation","Molten Egg 2","Strawberry"],"potions_floor_usage":[6,6],"damage_taken":[{"damage":1,"enemies":"Cultist","floor":1,"turns":4},{"damage":0,"enemies":"2 Louse","floor":3,"turns":1},{"damage":11,"enemies":"Jaw Worm","floor":5,"turns":2},{"damage":6,"enemies":"Gremlin Nob","floor":6,"turns":3},{"damage":24,"enemies":"Exordium Wildlife","floor":7,"turns":4},{"damage":20,"enemies":"Large Slime","floor":10,"turns":6},{"damage":24,"enemies":"Lots of Slimes","floor":12,"turns":3}],"seed_played":"-4098204167913082302","potions_obtained":[{"floor":1,"key":"Strength Potion"},{"floor":5,"key":"Explosive Potion"},{"floor":10,"key":"Weak Potion"}],"is_trial":false,"path_per_floor":["M","$","M","?","M","E","M","R","T","M","$","M"],"character_chosen":"DEFECT","items_purchased":["Hologram"],"campfire_rested":1,"item_purchase_floors":[2],"current_hp_per_floor":[74,74,74,56,45,39,15,37,44,24,24,0],"gold":77,"neow_bonus":"ONE_RANDOM_RARE_CARD","is_prod":false,"is_daily":false,"chose_seed":false,"campfire_upgraded":0,"win_rate":0,"timestamp":1564346458,"path_taken":["M","?","M","?","M","E","M","R","T","M","?","M"],"build_version":"2019-07-17","purchased_purges":1,"victory":false,"max_hp_per_floor":[75,75,75,75,75,75,75,75,82,82,82,82],"card_choices":[{"not_picked":["Loop","Cold Snap"],"picked":"Melter","floor":1},{"not_picked":["Ball Lightning","Barrage"],"picked":"Defragment","floor":3},{"not_picked":["Redo","Doom and Gloom","Coolheaded"],"picked":"SKIP","floor":5},{"not_picked":["Aggregate","Stack"],"picked":"Echo Form","floor":6},{"not_picked":["Cold Snap+1","Ball Lightning+1","Compile Driver+1"],"picked":"SKIP","floor":7},{"not_picked":["Redo","Steam"],"picked":"Rainbow","floor":10}],"player_experience":318235,"relics_obtained":[{"floor":6,"key":"Molten Egg 2"},{"floor":9,"key":"Strawberry"}],"event_choices":[{"damage_healed":0,"gold_gain":0,"player_choice":"Success","damage_taken":18,"relics_obtained":["Bag of Preparation"],"max_hp_gain":0,"max_hp_loss":0,"event_name":"Scrap Ooze","floor":4,"gold_loss":0}],"is_beta":false,"boss_relics":[],"items_purged_floors":[11],"is_endless":false,"potions_floor_spawned":[1,5,10],"killed_by":"Lots of Slimes","ascension_level":0}