{"gold_per_floor":[109,109,124,124,142,175,175,188,188,207,223,223],"floor_reached":12,"playtime":427,"items_purged":[],"score":131,"play_id":"e1847f4f-5294-4cb5-87d4-1b0c0c966901","local_time":"20181027163450","is_ascension_mode":true,"campfire_choices":[{"data":"Backstab","floor":7,"key":"SMITH"}],"neow_cost":"NONE","seed_source_timestamp":477859095099763,"circlet_count":0,"master_deck":["Survivor","Neutralize","AscendersBane","Predator","Deadly Poison","Backflip+1","Dagger Throw","Backflip+1","Caltrops","Outmaneuver","Slice","Deadly Poison","Catalyst","All Out Attack","Backstab+1","Footwork","Bullet Time","Crippling Poison"],"relics":["Pandora\u0027s Box","Golden Idol","Bottled Lightning","Unceasing Top"],"potions_floor_usage":[6,12],"damage_taken":[{"damage":0,"enemies":"2 Louse","floor":1,"turns":2},{"damage":4,"enemies":"Cultist","floor":3,"turns":3},{"damage":0,"enemies":"Jaw Worm","floor":5,"turns":3},{"damage":32,"enemies":"Gremlin Nob","floor":6,"turns":5},{"damage":0,"enemies":"Exordium Thugs","floor":8,"turns":3},{"damage":0,"enemies":"2 Fungi Beasts","floor":10,"turns":2},{"damage":9,"enemies":"Gremlin Gang","floor":11,"turns":3},{"damage":9,"enemies":"Blue Slaver","floor":12,"turns":1}],"seed_played":"-6445248514387466181","potions_obtained":[{"floor":1,"key":"PowerPotion"},{"floor":5,"key":"Fire Potion"},{"floor":6,"key":"Swift Potion"}],"is_trial":false,"path_per_floor":["M","?","M","?","M","E","R","M","T","M","M"],"character_chosen":"THE_SILENT","items_purchased":[],"campfire_rested":0,"item_purchase_floors":[],"current_hp_per_floor":[63,63,59,46,46,14,14,14,14,14,5,0],"gold":223,"neow_bonus":"BOSS_RELIC","is_prod":false,"is_daily":false,"chose_seed":false,"campfire_upgraded":1,"win_rate":0,"timestamp":1540654490,"path_taken":["M","?","M","?","M","E","R","?","T","?","M","?"],"build_version":"2018-10-25v2","purchased_purges":0,"victory":false,"max_hp_per_floor":[70,65,65,65,65,65,65,65,65,65,65,65],"card_choices":[{"not_picked":["Dodge and Roll","Bane"],"picked":"All Out Attack","floor":1},{"not_picked":["Masterful Stab","Cloak And Dagger"],"picked":"Backstab","floor":3},{"not_picked":["Eviscerate","Escape Plan"],"picked":"Footwork","floor":5},{"not_picked":["Expertise","Reflex","Dagger Spray"],"picked":"SKIP","floor":6},{"not_picked":["Bouncing Flask","Sucker Punch"],"picked":"Bullet Time","floor":8},{"not_picked":["Outmaneuver","Underhanded Strike"],"picked":"Crippling Poison","floor":10},{"not_picked":["Dodge and Roll","Slice","Sucker Punch"],"picked":"SKIP","floor":11}],"player_experience":925045,"relics_obtained":[{"floor":6,"key":"Bottled Lightning"},{"floor":9,"key":"Unceasing Top"}],"event_choices":[{"damage_healed":0,"gold_gain":0,"player_choice":"Lose Max HP","damage_taken":0,"relics_obtained":["Golden Idol"],"max_hp_gain":0,"max_hp_loss":5,"event_name":"Golden Idol","floor":2,"gold_loss":0},{"damage_healed":0,"gold_gain":0,"player_choice":"Entered Light","damage_taken":13,"max_hp_gain":0,"max_hp_loss":0,"event_name":"Shining Light","floor":4,"gold_loss":0,"cards_upgraded":["Backflip","Backflip"]}],"is_beta":false,"boss_relics":[],"items_purged_floors":[],"is_endless":false,"potions_floor_spawned":[1,5,6,10,11],"killed_by":"Blue Slaver","ascension_level":12}