{"gold_per_floor":[119,119,129,143,156,191,191,216,262,282,301,334,294,305,305,380,380,394,412,75,88,32,32,55,87,87,100,113,113,113,113],"floor_reached":31,"playtime":858,"items_purged":["Strike_B"],"score":558,"play_id":"7c8c9edb-de70-444e-8630-264339876bc0","local_time":"20190629001643","is_ascension_mode":true,"campfire_choices":[{"data":"Defragment","floor":7.0,"key":"SMITH"},{"data":"Go for the Eyes","floor":15.0,"key":"SMITH"},{"data":"Defragment","floor":23.0,"key":"SMITH"},{"floor":29,"key":"REST"}],"neow_cost":"TEN_PERCENT_HP_LOSS","seed_source_timestamp":1315416104991776,"circlet_count":0,"master_deck":["AscendersBane","Strike_B","Strike_B","Strike_B","Defend_B","Defend_B","Defend_B","Defend_B","Zap","Dualcast","Ball Lightning","Go for the Eyes+1","Defragment+1","Electrodynamics","Auto Shields","Sweeping Beam","Self Repair","Beam Cell","Rainbow","Defragment+1","Steam","Bandage Up","Capacitor","Coolheaded+1","Writhe"],"special_seed":0,"relics":["Cracked Core","StoneCalendar","CultistMask","Ornamental Fan","Blue Candle","Oddly Smooth Stone","Potion Belt","Black Star","DataDisk","Happy Flower","Pantograph","Boot","Letter Opener","Cables"],"potions_floor_usage":[28,28],"damage_taken":[{"damage":1.0,"enemies":"Cultist","floor":1.0,"turns":3.0},{"damage":0.0,"enemies":"2 Louse","floor":3.0,"turns":1.0},{"damage":9.0,"enemies":"Jaw Worm","floor":4.0,"turns":2.0},{"damage":3.0,"enemies":"Looter","floor":5.0,"turns":2.0},{"damage":8.0,"enemies":"Gremlin Nob","floor":6.0,"turns":3.0},{"damage":10.0,"enemies":"Lagavulin","floor":8.0,"turns":5.0},{"damage":6.0,"enemies":"Large Slime","floor":10.0,"turns":3.0},{"damage":8.0,"enemies":"Red Slaver","floor":11.0,"turns":3.0},{"damage":10.0,"enemies":"3 Sentries","floor":12.0,"turns":3.0},{"damage":0.0,"enemies":"Exordium Wildlife","floor":14.0,"turns":2.0},{"damage":14.0,"enemies":"Hexaghost","floor":16.0,"turns":8.0},{"damage":17.0,"enemies":"2 Thieves","floor":18.0,"turns":3.0},{"damage":6.0,"enemies":"Spheric Guardian","floor":19.0,"turns":3.0},{"damage":12.0,"enemies":"Cultist and Chosen","floor":21.0,"turns":3.0},{"damage":42.0,"enemies":"Book of Stabbing","floor":25.0,"turns":6.0},{"damage":14,"enemies":"Centurion and Healer","floor":27,"turns":5},{"damage":13,"enemies":"Chosen and Byrds","floor":28,"turns":4},{"damage":22,"enemies":"Slavers","floor":31,"turns":1}],"seed_played":"-2088484631250134141","potions_obtained":[{"floor":1.0,"key":"Strength Potion"},{"floor":3.0,"key":"Poison Potion"},{"floor":5.0,"key":"Fire Potion"},{"floor":8.0,"key":"GamblersBrew"},{"floor":12.0,"key":"Explosive Potion"},{"floor":13.0,"key":"SneckoOil"},{"floor":13.0,"key":"PowerPotion"},{"floor":13.0,"key":"FocusPotion"},{"floor":16.0,"key":"GamblersBrew"},{"floor":19.0,"key":"Regen Potion"},{"floor":21.0,"key":"FearPotion"},{"floor":28,"key":"Strength Potion"}],"is_trial":false,"path_per_floor":["M","?","M","M","M","E","R","E","T","M","M","E","?","M","R","B",null,"M","M","$","M","$","R","T","E","T","M","M","R","?","E"],"character_chosen":"DEFECT","items_purchased":["DataDisk","Bandage Up","Fire Potion"],"campfire_rested":1,"item_purchase_floors":[20,20,22],"current_hp_per_floor":[63,63,63,54,51,43,43,33,33,27,19,9,9,16,16,9,50,40,41,41,45,45,45,45,14,14,11,2,21,21,0],"gold":113,"neow_bonus":"ONE_RARE_RELIC","is_prod":false,"is_daily":false,"chose_seed":false,"campfire_upgraded":3,"win_rate":0,"timestamp":1561760203,"path_taken":["M","?","?","M","M","E","R","E","T","M","M","E","?","M","R","BOSS","M","M","$","M","?","R","?","E","T","M","M","R","?","E"],"build_version":"2019-01-23","purchased_purges":1,"victory":false,"max_hp_per_floor":[64,64,64,64,64,64,64,64,64,64,64,64,64,64,64,64,64,64,64,64,64,64,64,64,64,64,64,64,64,64,64],"card_choices":[{"not_picked":["Force Field","Consume"],"picked":"Ball Lightning","floor":1.0},{"not_picked":["Undo","Turbo"],"picked":"Go for the Eyes","floor":3.0},{"not_picked":["Turbo","Seek"],"picked":"Defragment","floor":4.0},{"not_picked":["Aggregate","Stack","Darkness"],"picked":"SKIP","floor":5.0},{"not_picked":["Self Repair","Undo"],"picked":"Electrodynamics","floor":6.0},{"not_picked":["Loop","Turbo"],"picked":"Auto Shields","floor":8.0},{"not_picked":["Double Energy","Redo"],"picked":"Sweeping Beam","floor":10.0},{"not_picked":["Doom and Gloom","Fusion","Turbo"],"picked":"SKIP","floor":11.0},{"not_picked":["Turbo","Skim"],"picked":"Self Repair","floor":12.0},{"not_picked":["White Noise","Coolheaded"],"picked":"Beam Cell","floor":14.0},{"not_picked":["Core Surge","Buffer"],"picked":"Rainbow","floor":16.0},{"not_picked":["Streamline","Conserve Battery"],"picked":"Defragment","floor":18.0},{"not_picked":["Storm","Doom and Gloom"],"picked":"Steam","floor":19.0},{"not_picked":["Go for the Eyes","Melter"],"picked":"Capacitor","floor":21.0},{"not_picked":["Multi-Cast","Fusion"],"picked":"Coolheaded+1","floor":25.0},{"not_picked":["Beam Cell","Streamline","Sweeping Beam"],"picked":"SKIP","floor":27},{"not_picked":["Redo","Hologram","Heatsinks"],"picked":"SKIP","floor":28}],"player_experience":854846,"relics_obtained":[{"floor":6.0,"key":"Ornamental Fan"},{"floor":8.0,"key":"Blue Candle"},{"floor":9.0,"key":"Oddly Smooth Stone"},{"floor":12.0,"key":"Potion Belt"},{"floor":24.0,"key":"Happy Flower"},{"floor":25.0,"key":"Pantograph"},{"floor":25.0,"key":"Boot"},{"floor":26.0,"key":"Letter Opener"}],"event_choices":[{"damage_healed":0.0,"max_hp_gain":0.0,"max_hp_loss":0.0,"gold_gain":0.0,"event_name":"FaceTrader","player_choice":"Trade","floor":2.0,"gold_loss":0.0,"damage_taken":0.0,"relics_obtained":["CultistMask"]},{"damage_healed":0.0,"max_hp_gain":0.0,"max_hp_loss":0.0,"gold_gain":0.0,"event_name":"The Woman in Blue","player_choice":"Bought 3 Potions","floor":13.0,"gold_loss":0.0,"damage_taken":0.0},{"damage_healed":0,"gold_gain":0,"player_choice":"Opened","damage_taken":0,"relics_obtained":["Cables"],"max_hp_gain":0,"max_hp_loss":0,"event_name":"The Mausoleum","floor":30,"gold_loss":0,"cards_obtained":["Writhe"]}],"is_beta":false,"boss_relics":[{"not_picked":["Sozu","Snecko Eye"],"picked":"Black Star"}],"items_purged_floors":[20],"is_endless":false,"potions_floor_spawned":[1,3,5,8,12,16,19,21,28],"killed_by":"Slavers","ascension_level":20}