{"gold_per_floor":[116,116,116,133,133,158,177,211,293,293,308,48,75,86,86,159,209,221,11,11,0,0],"floor_reached":22,"playtime":759,"items_purged":["Strike_G","Strike_G"],"score":409,"play_id":"86dfec60-fec6-44b7-8424-5f299b0d88ac","local_time":"20190613040603","is_ascension_mode":true,"campfire_choices":[{"data":"Neutralize","floor":10,"key":"SMITH"},{"data":"Noxious Fumes","floor":15,"key":"SMITH"}],"neow_cost":"NONE","seed_source_timestamp":99823071492900,"circlet_count":0,"master_deck":["AscendersBane","Defend_G","Defend_G","Defend_G","Defend_G","Defend_G","Strike_G","Strike_G+1","Strike_G","Survivor","Neutralize+1","Flechettes","Leg Sweep","Deadly Poison","Dash","Dagger Throw","Deflect","Noxious Fumes+1","Predator","Dodge and Roll","Corpse Explosion","Quick Slash","A Thousand Cuts","Deadly Poison","Blur","Well Laid Plans","Poisoned Stab","Finisher"],"relics":["Ring of the Snake","NeowsBlessing","Tingsha","PreservedInsect","StoneCalendar","Pear","Gremlin Horn","Tiny House"],"potions_floor_usage":[11,16,18],"damage_taken":[{"damage":0,"enemies":"2 Louse","floor":1,"turns":1},{"damage":0,"enemies":"Cultist","floor":4,"turns":1},{"damage":0,"enemies":"3 Sentries","floor":6,"turns":1},{"damage":0,"enemies":"Jaw Worm","floor":7,"turns":5},{"damage":11,"enemies":"Gremlin Nob","floor":8,"turns":5},{"damage":9,"enemies":"Exordium Thugs","floor":11,"turns":7},{"damage":12,"enemies":"3 Sentries","floor":13,"turns":6},{"damage":0,"enemies":"Looter","floor":14,"turns":4},{"damage":7,"enemies":"Hexaghost","floor":16,"turns":9},{"damage":4,"enemies":"3 Byrds","floor":18,"turns":4},{"damage":30,"enemies":"2 Thieves","floor":21,"turns":5},{"damage":39,"enemies":"Snake Plant","floor":22,"turns":4}],"seed_played":"4676864318380943684","potions_obtained":[{"floor":1,"key":"SpeedPotion"},{"floor":8,"key":"Dexterity Potion"},{"floor":11,"key":"GamblersBrew"},{"floor":14,"key":"LiquidBronze"},{"floor":17,"key":"Fire Potion"}],"is_trial":false,"path_per_floor":["M","?","$","M","$","E","M","E","T","R","M","$","E","M","R","B",null,"M","$","?","M","M"],"character_chosen":"THE_SILENT","items_purchased":["Noxious Fumes","Predator","Dodge and Roll","Well Laid Plans","Poisoned Stab"],"campfire_rested":0,"item_purchase_floors":[12,12,12,19,19],"current_hp_per_floor":[59,59,59,59,59,59,59,48,58,58,49,49,37,37,37,30,70,66,66,66,36,0],"gold":0,"neow_bonus":"THREE_ENEMY_KILL","is_prod":false,"is_daily":false,"chose_seed":false,"campfire_upgraded":2,"win_rate":0,"timestamp":1560391563,"path_taken":["M","?","?","M","$","E","M","E","T","R","M","$","E","M","R","BOSS","M","$","?","M","M"],"build_version":"2019-01-23","purchased_purges":2,"victory":false,"max_hp_per_floor":[66,66,66,66,66,66,66,66,76,76,76,76,76,76,76,76,81,81,81,81,81,81],"card_choices":[{"not_picked":["Dodge and Roll","Underhanded Strike"],"picked":"Flechettes","floor":1},{"not_picked":["Outmaneuver","Blur"],"picked":"Leg Sweep","floor":4},{"not_picked":["Outmaneuver","Slice"],"picked":"Deadly Poison","floor":6},{"not_picked":["Deflect","Cloak And Dagger"],"picked":"Dash","floor":7},{"not_picked":["Prepared","Distraction"],"picked":"Dagger Throw","floor":8},{"not_picked":["Dodge and Roll","Acrobatics"],"picked":"Deflect","floor":11},{"not_picked":["Bane","Underhanded Strike"],"picked":"Corpse Explosion","floor":13},{"not_picked":["Blade Dance","Slice"],"picked":"Quick Slash","floor":14},{"not_picked":["Storm of Steel","After Image"],"picked":"A Thousand Cuts","floor":16},{"not_picked":["Acrobatics","Expertise"],"picked":"Deadly Poison","floor":17},{"not_picked":["Escape Plan","Dagger Spray"],"picked":"Blur","floor":18},{"not_picked":["Slice","Sucker Punch"],"picked":"Finisher","floor":21}],"player_experience":1318367,"relics_obtained":[{"floor":6,"key":"PreservedInsect"},{"floor":8,"key":"StoneCalendar"},{"floor":9,"key":"Pear"},{"floor":13,"key":"Gremlin Horn"}],"event_choices":[{"damage_healed":0,"gold_gain":0,"player_choice":"Gave Potion","damage_taken":0,"relics_obtained":["Tingsha"],"max_hp_gain":0,"max_hp_loss":0,"event_name":"WeMeetAgain","floor":2,"gold_loss":0},{"damage_healed":0,"gold_gain":0,"player_choice":"Ignored","damage_taken":0,"max_hp_gain":0,"max_hp_loss":0,"event_name":"Beggar","floor":20,"gold_loss":0}],"is_beta":false,"boss_relics":[{"not_picked":["Ectoplasm","Fusion Hammer"],"picked":"Tiny House"}],"items_purged_floors":[12,19],"is_endless":false,"potions_floor_spawned":[1,8,11,14],"killed_by":"Snake Plant","ascension_level":16}