{"gold_per_floor":[365,440,457,7,7,7,34,34,80,30,30,42,54,86,86,181,181,196,209,220,238,93,93,109,125,151,167,167,180,196,196,196,196],"floor_reached":33,"playtime":1969,"items_purged":["Strike_G","Strike_G","Strike_G"],"score":261,"play_id":"d12abaa1-8e2d-4ee1-be48-359d4bd86a44","local_time":"20190625173644","is_ascension_mode":false,"campfire_choices":[{"data":"Infinite Blades","floor":6,"key":"SMITH"},{"data":"1","floor":8,"key":"LIFT"},{"floor":15,"key":"REST"},{"floor":23,"key":"REST"},{"floor":28,"key":"REST"},{"floor":32,"key":"REST"}],"neow_cost":"TEN_PERCENT_HP_LOSS","seed_source_timestamp":1128159945034642,"circlet_count":0,"master_deck":["Defend_G","Defend_G","Defend_G","Defend_G","Defend_G","Survivor","Neutralize","Footwork","Cloak And Dagger","Infinite Blades+1","Backflip","Dagger Spray","PiercingWail","Flying Knee","Accuracy","Bullet Time","Slice","Quick Slash","Crippling Poison","Terror","Deflect","Flying Knee","Deflect","Well Laid Plans","Terror+1","Predator","Poisoned Stab+1"],"relics":["Ring of the Snake","Gremlin Horn","Girya","Smiling Mask","Centennial Puzzle","Ancient Tea Set","Empty Cage","Regal Pillow"],"potions_floor_usage":[7,14,19,21,25,25,30],"damage_taken":[{"damage":0,"enemies":"2 Louse","floor":1,"turns":3},{"damage":0,"enemies":"Jaw Worm","floor":3,"turns":6},{"damage":18,"enemies":"Gremlin Nob","floor":7,"turns":7},{"damage":6,"enemies":"Cultist","floor":12,"turns":3},{"damage":0,"enemies":"Large Slime","floor":13,"turns":5},{"damage":6,"enemies":"Lagavulin","floor":14,"turns":7},{"damage":17,"enemies":"Slime Boss","floor":16,"turns":9},{"damage":23,"enemies":"Chosen","floor":18,"turns":7},{"damage":5,"enemies":"3 Byrds","floor":19,"turns":5},{"damage":17,"enemies":"Centurion and Healer","floor":20,"turns":7},{"damage":6,"enemies":"Cultist and Chosen","floor":21,"turns":8},{"damage":11,"enemies":"Snecko","floor":24,"turns":4},{"damage":2,"enemies":"Centurion and Healer","floor":25,"turns":7},{"damage":6,"enemies":"3 Cultists","floor":27,"turns":7},{"damage":7,"enemies":"Snecko","floor":29,"turns":5},{"damage":25,"enemies":"Shelled Parasite and Fungi","floor":30,"turns":4},{"damage":77,"enemies":"Champ","floor":33,"turns":13}],"seed_played":"-8004503188727382214","potions_obtained":[{"floor":1,"key":"EssenceOfSteel"},{"floor":3,"key":"LiquidBronze"},{"floor":13,"key":"SkillPotion"},{"floor":20,"key":"Block Potion"},{"floor":21,"key":"SpeedPotion"},{"floor":24,"key":"Regen Potion"},{"floor":27,"key":"SneckoOil"}],"is_trial":false,"path_per_floor":["M","?","M","$","?","R","E","R","T","$","?","M","M","E","R","B",null,"M","M","M","M","$","R","M","M","T","M","R","M","M","?","R","B"],"character_chosen":"THE_SILENT","items_purchased":["Gremlin Horn","Infinite Blades","Backflip","Deflect","Flying Knee"],"campfire_rested":4,"item_purchase_floors":[4,4,4,22,22],"current_hp_per_floor":[63,52,52,52,52,52,34,34,34,34,34,28,28,22,40,23,63,40,35,18,12,12,30,19,32,32,26,59,52,27,27,60,0],"gold":196,"neow_bonus":"TWO_FIFTY_GOLD","is_prod":false,"is_daily":false,"chose_seed":false,"campfire_upgraded":1,"win_rate":0,"timestamp":1561498604,"path_taken":["M","?","M","$","?","R","E","R","T","$","?","M","M","E","R","BOSS","M","M","M","M","$","R","M","M","T","M","R","M","?","?","R","BOSS"],"build_version":"2019-01-23","purchased_purges":3,"victory":false,"max_hp_per_floor":[63,63,63,63,63,63,63,63,63,63,63,63,63,63,63,63,63,63,63,63,63,63,63,63,63,63,63,63,63,63,63,63,63],"card_choices":[{"not_picked":["Dash","Caltrops"],"picked":"Footwork","floor":1},{"not_picked":["Quick Slash","Accuracy"],"picked":"Cloak And Dagger","floor":3},{"not_picked":["Acrobatics","Distraction"],"picked":"Dagger Spray","floor":7},{"not_picked":["Dagger Spray","Choke"],"picked":"PiercingWail","floor":12},{"not_picked":["Dagger Throw","Acrobatics"],"picked":"Flying Knee","floor":13},{"not_picked":["Slice","Terror"],"picked":"Accuracy","floor":14},{"not_picked":["Venomology","Grand Finale"],"picked":"Bullet Time","floor":16},{"not_picked":["Eviscerate","Riddle With Holes"],"picked":"Slice","floor":18},{"not_picked":["Underhanded Strike","Dagger Throw"],"picked":"Quick Slash","floor":19},{"not_picked":["Underhanded Strike","Blur"],"picked":"Crippling Poison","floor":20},{"not_picked":["Dagger Throw","Underhanded Strike+1"],"picked":"Terror","floor":21},{"not_picked":["Slice","Dagger Throw"],"picked":"Deflect","floor":24},{"not_picked":["Sucker Punch","Distraction"],"picked":"Well Laid Plans","floor":25},{"not_picked":["Deadly Poison","Flechettes+1"],"picked":"Terror+1","floor":27},{"not_picked":["Noxious Fumes","Underhanded Strike"],"picked":"Predator","floor":29},{"not_picked":["Well Laid Plans","Phantasmal Killer"],"picked":"Poisoned Stab+1","floor":30}],"player_experience":238464,"relics_obtained":[{"floor":7,"key":"Girya"},{"floor":9,"key":"Smiling Mask"},{"floor":11,"key":"Centennial Puzzle"},{"floor":14,"key":"Ancient Tea Set"},{"floor":26,"key":"Regal Pillow"}],"event_choices":[{"damage_healed":0,"gold_gain":75,"player_choice":"Gather Gold","damage_taken":11,"max_hp_gain":0,"max_hp_loss":0,"event_name":"World of Goop","floor":2,"gold_loss":0},{"damage_healed":0,"gold_gain":0,"player_choice":"Ignored","damage_taken":0,"max_hp_gain":0,"max_hp_loss":0,"event_name":"Liars Game","floor":5,"gold_loss":0},{"damage_healed":0,"gold_gain":0,"player_choice":"Relic","damage_taken":0,"max_hp_gain":0,"max_hp_loss":0,"event_name":"Wheel of Change","floor":11,"gold_loss":0},{"damage_healed":0,"gold_gain":0,"player_choice":"Leave","damage_taken":0,"max_hp_gain":0,"max_hp_loss":0,"event_name":"FaceTrader","floor":31,"gold_loss":0}],"is_beta":false,"boss_relics":[{"not_picked":["Coffee Dripper","Pandora\u0027s Box"],"picked":"Empty Cage"}],"items_purged_floors":[4,10,22],"is_endless":false,"potions_floor_spawned":[1,3,13,20,21,24,27],"killed_by":"Champ","ascension_level":0}