{"gold_per_floor":[116,116,36,36,49,84,84,110,110,110,122,47,47],"floor_reached":13,"playtime":465,"items_purged":[],"score":146,"play_id":"ce5feeb8-6543-44a1-bd7e-207c658a231b","local_time":"20181030200424","is_ascension_mode":true,"campfire_choices":[{"floor":7,"key":"REST"}],"neow_cost":"NONE","seed_source_timestamp":214044613829316,"circlet_count":0,"master_deck":["Defend_G","Defend_G","Defend_G+1","Defend_G+1","Defend_G","Strike_G","Strike_G","Strike_G","Strike_G","Strike_G","Survivor","Neutralize+1","AscendersBane","Backflip","Noxious Fumes","Quick Slash","Deadly Poison","Noxious Fumes","Flying Knee","Leg Sweep"],"relics":["Sozu","Sundial","Pen Nib","Happy Flower","Smiling Mask"],"potions_floor_usage":[],"damage_taken":[{"damage":0,"enemies":"Jaw Worm","floor":1,"turns":4},{"damage":2,"enemies":"Small Slimes","floor":5,"turns":5},{"damage":21,"enemies":"Lagavulin","floor":6,"turns":7},{"damage":11,"enemies":"3 Sentries","floor":8,"turns":8},{"damage":0,"enemies":"Cultist","floor":11,"turns":3},{"damage":23,"enemies":"Gremlin Nob","floor":13,"turns":3}],"seed_played":"1842465661636560694","potions_obtained":[],"is_trial":false,"path_per_floor":["M","?","$","?","M","E","R","E","T","?","M","$"],"character_chosen":"THE_SILENT","items_purchased":["Noxious Fumes","Leg Sweep"],"campfire_rested":1,"item_purchase_floors":[3,12],"current_hp_per_floor":[63,45,45,31,29,8,29,18,18,18,18,18,0],"gold":47,"neow_bonus":"BOSS_RELIC","is_prod":false,"is_daily":false,"chose_seed":false,"campfire_upgraded":0,"win_rate":0,"timestamp":1540929864,"path_taken":["M","?","?","?","?","E","R","E","T","?","M","?","E"],"build_version":"2018-10-25v2","purchased_purges":0,"victory":false,"max_hp_per_floor":[70,70,70,70,70,70,70,70,70,70,70,70,70],"card_choices":[{"not_picked":["Backstab","PiercingWail"],"picked":"Backflip","floor":1},{"not_picked":["PiercingWail","Underhanded Strike"],"picked":"Quick Slash","floor":5},{"not_picked":["All Out Attack","Flechettes"],"picked":"Deadly Poison","floor":6},{"not_picked":["Infinite Blades","Choke"],"picked":"Noxious Fumes","floor":8},{"not_picked":["Dodge and Roll","Setup"],"picked":"Flying Knee","floor":11}],"player_experience":942953,"relics_obtained":[{"floor":6,"key":"Pen Nib"},{"floor":8,"key":"Happy Flower"},{"floor":9,"key":"Smiling Mask"}],"event_choices":[{"damage_healed":0,"gold_gain":0,"player_choice":"Success","damage_taken":18,"relics_obtained":["Sundial"],"max_hp_gain":0,"max_hp_loss":0,"event_name":"Scrap Ooze","floor":2,"gold_loss":0},{"damage_healed":0,"gold_gain":0,"player_choice":"Entered Light","damage_taken":14,"max_hp_gain":0,"max_hp_loss":0,"event_name":"Shining Light","floor":4,"gold_loss":0,"cards_upgraded":["Defend_G","Defend_G"]},{"damage_healed":0,"gold_gain":0,"player_choice":"Upgraded","damage_taken":0,"max_hp_gain":0,"max_hp_loss":0,"event_name":"Upgrade Shrine","floor":10,"gold_loss":0,"cards_upgraded":["Neutralize"]}],"is_beta":false,"boss_relics":[],"items_purged_floors":[],"is_endless":false,"potions_floor_spawned":[6],"killed_by":"Gremlin Nob","ascension_level":12}