{"gold_per_floor":[13,31,41,6,18,18,29,29,75,75,99,109,109,165,165,242,242,262,280,15,15,33,33,68,83,83,83,102,120,20,20,20,20],"floor_reached":33,"playtime":6317,"items_purged":["Strike_R","Strike_R"],"score":479,"play_id":"1a3ff1f9-e0b7-405b-ad91-132e6f320151","local_time":"20190713194211","is_ascension_mode":true,"campfire_choices":[{"data":"Bash","floor":6,"key":"SMITH"},{"data":"Flex","floor":8,"key":"SMITH"},{"data":"Heavy Blade","floor":10,"key":"SMITH"},{"data":"Armaments","floor":15,"key":"SMITH"},{"data":"Bludgeon","floor":23,"key":"SMITH"},{"data":"Secret Technique","floor":27,"key":"SMITH"},{"data":"Ghostly","floor":32,"key":"SMITH"}],"neow_cost":"NO_GOLD","seed_source_timestamp":77034074624900,"circlet_count":0,"master_deck":["AscendersBane","Strike_R","Strike_R","Defend_R","Defend_R","Defend_R","Defend_R","Bash+1","Pommel Strike","Heavy Blade+1","Shrug It Off","Flex+1","Dual Wield","Armaments+1","Iron Wave","Offering","Shockwave+1","Body Slam","Secret Technique+1","Bludgeon+1","Spot Weakness","Flame Barrier","Seeing Red","Heavy Blade","Ghostly+1","Ghostly","Ghostly"],"relics":["Burning Blood","Lantern","Bag of Preparation","Matryoshka","Lizard Tail","Art of War","Centennial Puzzle","Bottled Flame"],"potions_floor_usage":[24,24,24,24,33],"damage_taken":[{"damage":12,"enemies":"Cultist","floor":1,"turns":4},{"damage":7,"enemies":"Jaw Worm","floor":2,"turns":3},{"damage":5,"enemies":"Small Slimes","floor":3,"turns":4},{"damage":16,"enemies":"Blue Slaver","floor":5,"turns":5},{"damage":9,"enemies":"Red Slaver","floor":7,"turns":4},{"damage":9,"enemies":"2 Fungi Beasts","floor":12,"turns":4},{"damage":34,"enemies":"Gremlin Nob","floor":14,"turns":4},{"damage":39,"enemies":"The Guardian","floor":16,"turns":18},{"damage":31,"enemies":"Spheric Guardian","floor":18,"turns":4},{"damage":26,"enemies":"3 Byrds","floor":19,"turns":8},{"damage":6,"enemies":"Centurion and Healer","floor":22,"turns":6},{"damage":39,"enemies":"Gremlin Leader","floor":24,"turns":6},{"damage":46,"enemies":"Shelled Parasite and Fungi","floor":25,"turns":6},{"damage":20,"enemies":"Sentry and Sphere","floor":28,"turns":4},{"damage":13,"enemies":"Cultist and Chosen","floor":29,"turns":5},{"damage":47,"enemies":"Automaton","floor":33,"turns":10}],"seed_played":"-3528808260492230675","potions_obtained":[{"floor":5,"key":"EssenceOfSteel"},{"floor":7,"key":"FearPotion"},{"floor":19,"key":"Strength Potion"},{"floor":22,"key":"EntropicBrew"},{"floor":28,"key":"Block Potion"}],"is_trial":false,"path_per_floor":["M","M","M","?","M","R","M","R","T","R","T","M","$","?","R","B",null,"M","M","$","?","M","R","E","M","T","R","M","M","$","?","R","B"],"character_chosen":"IRONCLAD","items_purchased":["Secret Technique"],"campfire_rested":0,"item_purchase_floors":[20],"current_hp_per_floor":[76,75,76,89,79,79,76,76,76,76,76,73,73,45,45,12,70,45,25,25,25,25,25,36,50,50,50,36,29,29,29,29,0],"gold":20,"neow_bonus":"TWENTY_PERCENT_HP_BONUS","is_prod":false,"is_daily":false,"chose_seed":false,"campfire_upgraded":7,"win_rate":0,"timestamp":1563039731,"path_taken":["M","M","M","?","M","R","M","R","T","R","?","M","$","?","R","BOSS","M","M","$","?","M","R","E","?","T","R","M","M","$","?","R","BOSS"],"build_version":"2019-07-05","purchased_purges":2,"victory":false,"max_hp_per_floor":[89,89,89,89,89,89,89,89,89,89,89,89,89,89,89,89,89,89,89,89,89,89,89,89,89,89,89,89,89,89,44,44,44],"card_choices":[{"not_picked":["Wild Strike","Cleave"],"picked":"Pommel Strike","floor":1},{"not_picked":["Reckless Charge","Pommel Strike"],"picked":"Heavy Blade","floor":2},{"not_picked":["Perfected Strike","Body Slam"],"picked":"Shrug It Off","floor":3},{"not_picked":["Rampage","Wild Strike"],"picked":"Flex","floor":5},{"not_picked":["Evolve","Reckless Charge"],"picked":"Dual Wield","floor":7},{"not_picked":["Cleave","Evolve"],"picked":"Armaments","floor":12},{"not_picked":["Power Through","Combust"],"picked":"Iron Wave","floor":14},{"not_picked":["Berserk","Bludgeon"],"picked":"Offering","floor":16},{"not_picked":["Sword Boomerang+1","Body Slam"],"picked":"Shockwave+1","floor":18},{"not_picked":["Thunderclap","Shrug It Off"],"picked":"Body Slam","floor":19},{"not_picked":["Inflame","Dual Wield"],"picked":"Bludgeon","floor":22},{"not_picked":["Warcry","Armaments"],"picked":"Spot Weakness","floor":24},{"not_picked":["Hemokinesis","Combust"],"picked":"Flame Barrier","floor":25},{"not_picked":["True Grit","Armaments"],"picked":"Seeing Red","floor":28},{"not_picked":["Warcry","Shrug It Off"],"picked":"Heavy Blade","floor":29}],"player_experience":1645889,"relics_obtained":[{"floor":9,"key":"Lantern"},{"floor":11,"key":"Bag of Preparation"},{"floor":24,"key":"Art of War"},{"floor":26,"key":"Centennial Puzzle"},{"floor":26,"key":"Bottled Flame"}],"event_choices":[{"damage_healed":22,"gold_gain":0,"player_choice":"Healed","damage_taken":0,"max_hp_gain":0,"max_hp_loss":0,"event_name":"The Cleric","floor":4,"gold_loss":35},{"damage_healed":0,"gold_gain":0,"player_choice":"Searched \u00272\u0027 times","damage_taken":0,"relics_obtained":["Matryoshka"],"max_hp_gain":0,"max_hp_loss":0,"event_name":"Dead Adventurer","floor":14,"gold_loss":0},{"cards_removed":["Strike_R"],"damage_healed":0,"gold_gain":0,"player_choice":"Offered Basic","damage_taken":0,"max_hp_gain":0,"max_hp_loss":0,"event_name":"Bonfire Elementals","floor":21,"gold_loss":0},{"damage_healed":0,"gold_gain":0,"player_choice":"Became a Ghost","damage_taken":0,"max_hp_gain":0,"max_hp_loss":45,"event_name":"Ghosts","floor":31,"gold_loss":0,"cards_obtained":["Ghostly","Ghostly","Ghostly"]}],"is_beta":false,"boss_relics":[{"not_picked":["Black Star","Runic Pyramid"],"picked":"Lizard Tail"}],"items_purged_floors":[20,30],"is_endless":false,"potions_floor_spawned":[5,7,12,19,22,28],"killed_by":"Automaton","ascension_level":17}