{"gold_per_floor":[219,219,219,230,243,276,293,293,293,304,333,55,55,72,72,167,167,185,185,204,204,204,204],"floor_reached":23,"playtime":942,"items_purged":["Strike_R"],"score":322,"play_id":"b2853e40-2c53-4179-a3e6-376d11377461","local_time":"20190220192304","is_ascension_mode":true,"campfire_choices":[{"data":"Bash","floor":8,"key":"SMITH"},{"floor":13,"key":"REST"},{"data":"Seeing Red","floor":15,"key":"SMITH"}],"neow_cost":"NONE","seed_source_timestamp":56105969500100,"circlet_count":0,"master_deck":["AscendersBane","Defend_R","Defend_R","Bash+1","Shrug It Off","Dropkick","Wild Strike","Cleave","Limit Break","Flame Barrier","Seeing Red+1","Perfected Strike","Inflame","Second Wind","Clash","Feel No Pain","Limit Break","Second Wind+1","Disarm+1","True Grit+1","Clash","Dual Wield+1","J.A.X."],"relics":["Burning Blood","Orichalcum","Letter Opener","Mercury Hourglass","Astrolabe"],"potions_floor_usage":[6,7,11,16],"damage_taken":[{"damage":14,"enemies":"2 Louse","floor":1,"turns":3},{"damage":5,"enemies":"Small Slimes","floor":4,"turns":4},{"damage":0,"enemies":"Cultist","floor":5,"turns":2},{"damage":42,"enemies":"Lagavulin","floor":6,"turns":8},{"damage":0,"enemies":"2 Fungi Beasts","floor":7,"turns":3},{"damage":9,"enemies":"Blue Slaver","floor":10,"turns":3},{"damage":30,"enemies":"Gremlin Nob","floor":11,"turns":5},{"damage":12,"enemies":"Large Slime","floor":14,"turns":5},{"damage":30,"enemies":"Hexaghost","floor":16,"turns":13},{"damage":6,"enemies":"Shell Parasite","floor":18,"turns":5},{"damage":25,"enemies":"Chosen","floor":20,"turns":8},{"damage":35,"enemies":"Gremlin Leader","floor":23,"turns":4}],"seed_played":"3239388829549482086","potions_obtained":[{"floor":4,"key":"Swift Potion"},{"floor":6,"key":"Block Potion"},{"floor":10,"key":"LiquidBronze"},{"floor":14,"key":"Block Potion"}],"is_trial":false,"path_per_floor":["M","?","?","M","M","E","M","R","T","M","E","$","R","M","R","B",null,"M","?","M","?","?","E"],"character_chosen":"IRONCLAD","items_purchased":["Inflame","Second Wind","Clash"],"campfire_rested":1,"item_purchase_floors":[12,12,12],"current_hp_per_floor":[64,64,64,65,71,35,41,41,41,38,14,14,38,32,32,8,62,62,47,28,28,28,0],"gold":204,"neow_bonus":"HUNDRED_GOLD","is_prod":false,"is_daily":false,"chose_seed":false,"campfire_upgraded":2,"win_rate":0,"timestamp":1550686984,"path_taken":["M","?","?","M","M","E","?","R","T","M","E","$","R","M","R","BOSS","M","?","M","?","?","E"],"build_version":"2019-01-23","purchased_purges":1,"victory":false,"max_hp_per_floor":[80,80,80,80,80,80,80,80,80,80,80,80,80,80,80,80,80,80,85,85,85,85,85],"card_choices":[{"not_picked":["Thunderclap","Bloodletting"],"picked":"Shrug It Off","floor":1},{"not_picked":["Clash","Twin Strike"],"picked":"Wild Strike","floor":4},{"not_picked":["Metallicize","Flex"],"picked":"Cleave","floor":5},{"not_picked":["Iron Wave","Havoc"],"picked":"Limit Break","floor":6},{"not_picked":["Shrug It Off","Warcry"],"picked":"Flame Barrier","floor":7},{"not_picked":["Sentinel","Whirlwind"],"picked":"Seeing Red","floor":10},{"not_picked":["Twin Strike","Iron Wave"],"picked":"Perfected Strike","floor":11},{"not_picked":["Flex","Thunderclap"],"picked":"Feel No Pain","floor":14},{"not_picked":["Fiend Fire","Feed"],"picked":"Limit Break","floor":16},{"not_picked":["Flex","Shockwave"],"picked":"Clash","floor":18},{"not_picked":["True Grit","Warcry"],"picked":"Dual Wield+1","floor":20}],"player_experience":812458,"relics_obtained":[{"floor":6,"key":"Orichalcum"},{"floor":9,"key":"Letter Opener"},{"floor":11,"key":"Mercury Hourglass"}],"event_choices":[{"damage_healed":0,"gold_gain":0,"cards_transformed":["Strike_R"],"player_choice":"Change","damage_taken":0,"max_hp_gain":0,"max_hp_loss":0,"event_name":"Living Wall","floor":2,"gold_loss":0,"cards_obtained":["Dropkick"]},{"cards_removed":["Strike_R"],"damage_healed":0,"gold_gain":0,"player_choice":"Card Removal","damage_taken":0,"max_hp_gain":0,"max_hp_loss":0,"event_name":"Wheel of Change","floor":3,"gold_loss":0},{"damage_healed":0,"gold_gain":0,"player_choice":"Shed Blood","damage_taken":20,"max_hp_gain":5,"max_hp_loss":0,"event_name":"Forgotten Altar","floor":19,"gold_loss":0},{"damage_healed":0,"gold_gain":0,"player_choice":"Obtain J.A.X.","damage_taken":0,"max_hp_gain":0,"max_hp_loss":0,"event_name":"Drug Dealer","floor":21,"gold_loss":0,"cards_obtained":["J.A.X."]},{"cards_removed":["Defend_R"],"damage_healed":0,"gold_gain":0,"player_choice":"Elegance","damage_taken":0,"max_hp_gain":0,"max_hp_loss":0,"event_name":"Back to Basics","floor":22,"gold_loss":0}],"is_beta":false,"boss_relics":[{"not_picked":["Coffee Dripper","Empty Cage"],"picked":"Astrolabe"}],"items_purged_floors":[12],"is_endless":false,"potions_floor_spawned":[4,6,10,14],"killed_by":"Gremlin Leader","ascension_level":12}