{"gold_per_floor":[114,130,130,7,7,7,26,26,26,45,58,58,70,25,25,25],"floor_reached":16,"playtime":417,"items_purged":["Strike_B"],"score":152,"play_id":"fa9cf618-9eb4-47d1-857f-7048eef3d019","local_time":"20190317204523","is_ascension_mode":true,"campfire_choices":[{"data":"Capacitor","floor":6,"key":"SMITH"},{"data":"Chaos","floor":8,"key":"SMITH"},{"data":"White Noise","floor":12,"key":"SMITH"},{"data":"Conserve Battery","floor":15,"key":"SMITH"}],"neow_cost":"NONE","seed_source_timestamp":410682393806000,"circlet_count":0,"master_deck":["AscendersBane","Strike_B","Strike_B","Defend_B","Defend_B","Defend_B","Zap+1","Dualcast","Ball Lightning","Capacitor+1","Conserve Battery+1","Chaos+1","Beam Cell","White Noise+1","Compile Driver","Redo"],"relics":["Cracked Core","Calipers"],"potions_floor_usage":[10,10,13],"damage_taken":[{"damage":3,"enemies":"2 Louse","floor":1,"turns":3},{"damage":1,"enemies":"Cultist","floor":2,"turns":3},{"damage":2,"enemies":"Small Slimes","floor":7,"turns":4},{"damage":17,"enemies":"Exordium Wildlife","floor":10,"turns":4},{"damage":9,"enemies":"Looter","floor":11,"turns":4},{"damage":19,"enemies":"Gremlin Gang","floor":13,"turns":6},{"damage":12,"enemies":"Hexaghost","floor":16,"turns":4}],"seed_played":"-4844669694696498560","potions_obtained":[{"floor":2,"key":"Block Potion"},{"floor":7,"key":"SkillPotion"},{"floor":11,"key":"Block Potion"}],"is_trial":false,"path_per_floor":["M","M","?","$","?","R","M","R","T","M","M","R","M","$","R","B"],"character_chosen":"DEFECT","items_purchased":["Conserve Battery","Redo"],"campfire_rested":0,"item_purchase_floors":[4,14],"current_hp_per_floor":[65,64,64,64,57,57,55,55,55,38,29,29,10,10,10,0],"gold":25,"neow_bonus":"REMOVE_CARD","is_prod":false,"is_daily":false,"chose_seed":false,"campfire_upgraded":4,"win_rate":0,"timestamp":1552851923,"path_taken":["M","M","?","?","?","R","M","R","T","M","M","R","M","$","R","BOSS"],"build_version":"2019-01-23","purchased_purges":1,"victory":false,"max_hp_per_floor":[75,75,75,75,75,75,75,75,75,75,75,75,75,75,75,75],"card_choices":[{"not_picked":["Coolheaded","Turbo"],"picked":"Ball Lightning","floor":1},{"not_picked":["Heatsinks","Ball Lightning"],"picked":"Capacitor","floor":2},{"not_picked":["Coolheaded","Beam Cell"],"picked":"Chaos","floor":7},{"not_picked":["Rebound","Steam"],"picked":"Beam Cell","floor":10},{"not_picked":["Beam Cell","FTL"],"picked":"White Noise","floor":11},{"not_picked":["Sunder","Go for the Eyes"],"picked":"Compile Driver","floor":13}],"player_experience":989992,"relics_obtained":[{"floor":9,"key":"Calipers"}],"event_choices":[{"damage_healed":0,"gold_gain":0,"player_choice":"Forge","damage_taken":0,"max_hp_gain":0,"max_hp_loss":0,"event_name":"Accursed Blacksmith","floor":3,"gold_loss":0,"cards_upgraded":["Zap"]},{"cards_removed":["Defend_B"],"damage_healed":0,"gold_gain":0,"player_choice":"Card Removal","damage_taken":7,"max_hp_gain":0,"max_hp_loss":0,"event_name":"Golden Wing","floor":5,"gold_loss":0}],"is_beta":false,"boss_relics":[],"items_purged_floors":[4],"is_endless":false,"potions_floor_spawned":[2,7,11],"killed_by":"Hexaghost","ascension_level":13}