{"gold_per_floor":[119,194,213,45,59,87,98,118,118,118,143,143,173,186,186,286,286,298,308,13,13,28,62,62,62,88,116,142,171,185,212,212,313,313,325,80,80,93,0,25,125,142,142,42,42,58,86,113,113,113],"floor_reached":51,"playtime":3364,"items_purged":["Strike_B","Parasite"],"score":1178,"play_id":"ba6d4997-288e-404c-9dc6-05f06deee36e","local_time":"20190927161718","is_ascension_mode":true,"campfire_choices":[{"data":"Apotheosis","floor":15,"key":"SMITH"},{"data":"Seek","floor":25,"key":"SMITH"},{"data":"Loop","floor":32,"key":"SMITH"},{"data":"Electrodynamics","floor":45,"key":"SMITH"},{"data":"Amplify","floor":49,"key":"SMITH"}],"neow_cost":"NONE","seed_source_timestamp":1405480442005137,"circlet_count":0,"master_deck":["Strike_B","Strike_B","Defend_B","Defend_B","Defend_B","Defend_B","Zap","Dualcast","Capacitor","Defragment","Apotheosis+1","Sweeping Beam","Melter","Seek+1","Loop+1","Chill","Biased Cognition","Chill","Compile Driver","Electrodynamics+1","Amplify","Biased Cognition","Coolheaded","Coolheaded+1","Capacitor","Biased Cognition","Heatsinks","Meteor Strike","Reinforced Body","Barrage+1","Defragment+1","Amplify+1"],"relics":["Cracked Core","Happy Flower","Meat on the Bone","Girya","Blue Candle","WingedGreaves","Mercury Hourglass","Nuclear Battery","Dodecahedron","PreservedInsect","Toy Ornithopter","Symbiotic Virus","Eternal Feather","Potion Belt","Cursed Key","Bottled Flame","Red Mask","Blood Vial","Unceasing Top","Bag of Marbles","Boot"],"potions_floor_usage":[6,11,13,23,33,33],"damage_taken":[{"damage":1,"enemies":"Cultist","floor":1,"turns":3},{"damage":2,"enemies":"Jaw Worm","floor":3,"turns":4},{"damage":0,"enemies":"Small Slimes","floor":5,"turns":3},{"damage":20,"enemies":"Lagavulin","floor":6,"turns":5},{"damage":20,"enemies":"3 Louse","floor":7,"turns":3},{"damage":7,"enemies":"Red Slaver","floor":8,"turns":3},{"damage":14,"enemies":"3 Sentries","floor":11,"turns":5},{"damage":12,"enemies":"Lagavulin","floor":13,"turns":4},{"damage":4,"enemies":"2 Fungi Beasts","floor":14,"turns":2},{"damage":0,"enemies":"The Guardian","floor":16,"turns":8},{"damage":1,"enemies":"3 Byrds","floor":18,"turns":3},{"damage":4,"enemies":"Shell Parasite","floor":19,"turns":4},{"damage":0,"enemies":"Sentry and Sphere","floor":22,"turns":2},{"damage":22,"enemies":"Slavers","floor":23,"turns":4},{"damage":0,"enemies":"Gremlin Leader","floor":27,"turns":2},{"damage":6,"enemies":"Book of Stabbing","floor":28,"turns":3},{"damage":0,"enemies":"Slavers","floor":29,"turns":2},{"damage":0,"enemies":"Snecko","floor":30,"turns":3},{"damage":2,"enemies":"Book of Stabbing","floor":31,"turns":3},{"damage":0,"enemies":"Collector","floor":33,"turns":5},{"damage":28,"enemies":"3 Shapes","floor":35,"turns":2},{"damage":6,"enemies":"3 Darklings","floor":38,"turns":3},{"damage":7,"enemies":"Nemesis","floor":40,"turns":3},{"damage":0,"enemies":"Mind Bloom Boss Battle","floor":41,"turns":2},{"damage":0,"enemies":"Transient","floor":42,"turns":5},{"damage":0,"enemies":"Spire Growth","floor":46,"turns":3},{"damage":0,"enemies":"Giant Head","floor":47,"turns":5},{"damage":0,"enemies":"Reptomancer","floor":48,"turns":2},{"damage":32,"enemies":"Awakened One","floor":50,"turns":8}],"seed_played":"5514796426946888829","potions_obtained":[{"floor":3,"key":"SpeedPotion"},{"floor":5,"key":"Block Potion"},{"floor":8,"key":"PowerPotion"},{"floor":13,"key":"Fruit Juice"},{"floor":14,"key":"PotionOfCapacity"},{"floor":23,"key":"SteroidPotion"},{"floor":28,"key":"GamblersBrew"},{"floor":30,"key":"SkillPotion"},{"floor":33,"key":"EntropicBrew"},{"floor":35,"key":"DuplicationPotion"},{"floor":37,"key":"Energy Potion"},{"floor":37,"key":"Ancient Potion"},{"floor":46,"key":"PowerPotion"}],"is_trial":false,"path_per_floor":["M","?","M","$","M","E","M","M","T","T","E","?","E","M","R","B",null,"M","M","$","?","M","E","$","R","T","E","E","E","M","E","R","B",null,"M","$","?","M","?","E","?","M","T","$","R","M","E","E","R","B",null],"character_chosen":"DEFECT","items_purchased":["Apotheosis","Electrodynamics","Amplify","Bottled Flame"],"campfire_rested":0,"item_purchase_floors":[4,20,20,36],"current_hp_per_floor":[74,63,61,61,61,41,33,38,38,38,36,36,41,49,49,49,80,79,75,75,75,75,53,53,53,53,53,47,47,47,45,60,70,80,52,52,52,46,46,51,53,55,55,55,73,75,77,77,77,45],"gold":113,"neow_bonus":"RANDOM_COMMON_RELIC","is_prod":false,"is_daily":false,"chose_seed":false,"campfire_upgraded":5,"win_rate":0,"timestamp":1569615438,"path_taken":["M","?","M","$","M","E","M","M","T","?","E","?","E","M","R","BOSS","M","M","$","?","?","E","?","R","T","E","E","E","?","E","R","BOSS","M","$","?","?","?","E","?","M","T","?","R","M","E","E","R","BOSS"],"build_version":"2019-09-27","purchased_purges":2,"victory":true,"max_hp_per_floor":[75,75,75,75,75,75,75,75,75,75,75,75,80,80,80,80,80,80,80,80,80,80,80,80,80,80,80,80,80,80,80,80,80,80,80,80,80,80,80,80,80,80,80,77,77,77,77,77,77,77],"card_choices":[{"not_picked":["Compile Driver","Go for the Eyes"],"picked":"Capacitor","floor":1},{"not_picked":["Coolheaded","Doom and Gloom"],"picked":"Defragment","floor":3},{"not_picked":["Hologram","Lockon"],"picked":"Sweeping Beam","floor":5},{"not_picked":["Go for the Eyes","Sweeping Beam","Compile Driver"],"picked":"SKIP","floor":6},{"not_picked":["Compile Driver","Gash","Force Field"],"picked":"SKIP","floor":7},{"not_picked":["Stack","Beam Cell"],"picked":"Melter","floor":8},{"not_picked":["Chill","Skim"],"picked":"Seek","floor":11},{"not_picked":["Gash","Turbo"],"picked":"Loop","floor":13},{"not_picked":["Beam Cell","Stack"],"picked":"Chill","floor":14},{"not_picked":["Rainbow","Electrodynamics"],"picked":"Biased Cognition","floor":16},{"not_picked":["Compile Driver","Blizzard"],"picked":"Chill","floor":18},{"not_picked":["Cold Snap","Leap"],"picked":"Compile Driver","floor":19},{"not_picked":["Reprogram","Double Energy"],"picked":"Coolheaded","floor":22},{"not_picked":["Stack","Conserve Battery"],"picked":"Coolheaded+1","floor":23},{"not_picked":["Hologram","Ball Lightning","Static Discharge"],"picked":"SKIP","floor":27},{"not_picked":["Aggregate+1","FTL+1"],"picked":"Capacitor","floor":28},{"not_picked":["Gash","Sunder"],"picked":"Biased Cognition","floor":29},{"not_picked":["Stack","Steam Power+1","Steam"],"picked":"SKIP","floor":30},{"not_picked":["Cold Snap","Go for the Eyes"],"picked":"Heatsinks","floor":31},{"not_picked":["Creative AI","Reboot"],"picked":"Meteor Strike","floor":33},{"not_picked":["Steam Power+1","Streamline+1"],"picked":"Reinforced Body","floor":35},{"not_picked":["Double Energy+1","Go for the Eyes"],"picked":"Barrage+1","floor":38},{"not_picked":["Go for the Eyes+1","Storm"],"picked":"Defragment+1","floor":40},{"not_picked":["Steam+1","Barrage","Sweeping Beam"],"picked":"SKIP","floor":42},{"not_picked":["Aggregate+1","Hello World","Streamline+1"],"picked":"SKIP","floor":46},{"not_picked":["Gash","Beam Cell"],"picked":"Amplify","floor":47},{"not_picked":["Redo","Sunder+1","Force Field+1"],"picked":"SKIP","floor":48}],"player_experience":432518,"relics_obtained":[{"floor":6,"key":"Meat on the Bone"},{"floor":9,"key":"Girya"},{"floor":10,"key":"Blue Candle"},{"floor":11,"key":"WingedGreaves"},{"floor":13,"key":"Mercury Hourglass"},{"floor":23,"key":"Dodecahedron"},{"floor":26,"key":"PreservedInsect"},{"floor":27,"key":"Toy Ornithopter"},{"floor":28,"key":"Symbiotic Virus"},{"floor":29,"key":"Eternal Feather"},{"floor":31,"key":"Potion Belt"},{"floor":40,"key":"Blood Vial"},{"floor":41,"key":"Unceasing Top"},{"floor":47,"key":"Bag of Marbles"},{"floor":48,"key":"Boot"}],"event_choices":[{"damage_healed":0,"gold_gain":75,"player_choice":"Gather Gold","damage_taken":11,"max_hp_gain":0,"max_hp_loss":0,"event_name":"World of Goop","floor":2,"gold_loss":0},{"cards_removed":["Strike_B"],"damage_healed":0,"gold_gain":0,"player_choice":"Forget","damage_taken":0,"max_hp_gain":0,"max_hp_loss":0,"event_name":"Living Wall","floor":12,"gold_loss":0},{"damage_healed":0,"gold_gain":0,"player_choice":"Copied","damage_taken":0,"max_hp_gain":0,"max_hp_loss":0,"event_name":"Duplicator","floor":21,"gold_loss":0,"cards_obtained":["Biased Cognition"]},{"damage_healed":0,"gold_gain":0,"player_choice":"Got Potions","damage_taken":0,"max_hp_gain":0,"max_hp_loss":0,"event_name":"Lab","floor":37,"gold_loss":0},{"damage_healed":0,"gold_gain":0,"player_choice":"Paid","damage_taken":0,"relics_obtained":["Red Mask"],"max_hp_gain":0,"max_hp_loss":0,"event_name":"Tomb of Lord Red Mask","floor":39,"gold_loss":93},{"damage_healed":0,"gold_gain":0,"player_choice":"Fight","damage_taken":0,"max_hp_gain":0,"max_hp_loss":0,"event_name":"MindBloom","floor":41,"gold_loss":0}],"is_beta":true,"boss_relics":[{"not_picked":["Coffee Dripper","Philosopher\u0027s Stone"],"picked":"Nuclear Battery"},{"not_picked":["Busted Crown","SlaversCollar"],"picked":"Cursed Key"}],"items_purged_floors":[20,44],"is_endless":false,"potions_floor_spawned":[3,5,8,13,14,23,28,30,33,35,38,46],"ascension_level":3}