{"gold_per_floor":[118,118,129,0,0,33,33,65,65,65,93,108,108,142,142,216,216,228,50,50,50,50,50,75,75,120,120,130,149,9,9,9,85,85,97,114,31,31,48,48,73,92,92,92,109,109],"floor_reached":46,"playtime":2048,"items_purged":["Strike_G","Strike_G"],"score":983,"play_id":"77d3f308-14d2-466a-8d73-6c985d060af8","local_time":"20190616053616","is_ascension_mode":true,"campfire_choices":[{"data":"Neutralize","floor":7,"key":"SMITH"},{"data":"Footwork","floor":10,"key":"SMITH"},{"data":"Underhanded Strike","floor":13,"key":"SMITH"},{"floor":15,"key":"REST"},{"floor":23,"key":"REST"},{"data":"Noxious Fumes","floor":25,"key":"SMITH"},{"data":"Finisher","floor":27,"key":"SMITH"},{"data":"Bouncing Flask","floor":32,"key":"SMITH"},{"data":"Wraith Form v2","floor":40,"key":"SMITH"},{"data":"Acrobatics","floor":44,"key":"SMITH"}],"neow_cost":"NONE","seed_source_timestamp":363148884075100,"circlet_count":0,"master_deck":["AscendersBane","Defend_G","Defend_G+1","Defend_G","Defend_G","Defend_G","Strike_G+1","Strike_G","Survivor","Neutralize+1","Cloak And Dagger","Tools of the Trade","Backflip+1","Footwork+1","Finisher+1","Underhanded Strike+1","Poisoned Stab","PiercingWail","Backstab+1","Poisoned Stab","Bullet Time+1","Flechettes","Well Laid Plans","Dagger Spray","Noxious Fumes+1","Acrobatics+1","Footwork+1","Bouncing Flask+1","Wraith Form v2+1","Underhanded Strike","Flechettes","Caltrops+1","Calculated Gamble","Catalyst+1","Dodge and Roll+1","Escape Plan","Catalyst+1","Blade Dance","Underhanded Strike+1","Tactician","Escape Plan"],"relics":["Ring of the Snake","Snake Skull","Bird Faced Urn","War Paint","Happy Flower","Centennial Puzzle","Odd Mushroom","Blue Candle","WristBlade","Enchiridion","Omamori","Orichalcum","Ancient Tea Set","Orrery","Meat on the Bone","Whetstone"],"potions_floor_usage":[6,14,33,45],"damage_taken":[{"damage":1,"enemies":"2 Louse","floor":1,"turns":5},{"damage":0,"enemies":"Cultist","floor":3,"turns":5},{"damage":29,"enemies":"Gremlin Nob","floor":6,"turns":5},{"damage":13,"enemies":"3 Sentries","floor":8,"turns":8},{"damage":4,"enemies":"The Mushroom Lair","floor":11,"turns":4},{"damage":0,"enemies":"Jaw Worm","floor":12,"turns":4},{"damage":13,"enemies":"Gremlin Nob","floor":14,"turns":5},{"damage":10,"enemies":"The Guardian","floor":16,"turns":12},{"damage":1,"enemies":"Chosen","floor":18,"turns":5},{"damage":0,"enemies":"Gremlin Leader","floor":24,"turns":7},{"damage":1,"enemies":"Shell Parasite","floor":28,"turns":4},{"damage":5,"enemies":"Snecko","floor":29,"turns":4},{"damage":43,"enemies":"Collector","floor":33,"turns":7},{"damage":0,"enemies":"Orb Walker","floor":35,"turns":5},{"damage":3,"enemies":"3 Darklings","floor":36,"turns":4},{"damage":13,"enemies":"Transient","floor":39,"turns":5},{"damage":30,"enemies":"Reptomancer","floor":41,"turns":4},{"damage":6,"enemies":"Maw","floor":42,"turns":6},{"damage":32,"enemies":"Sphere and 2 Shapes","floor":45,"turns":6},{"damage":66,"enemies":"Giant Head","floor":46,"turns":6}],"seed_played":"-1562196652495972971","potions_obtained":[{"floor":1,"key":"GhostInAJar"},{"floor":3,"key":"Strength Potion"},{"floor":14,"key":"SteroidPotion"},{"floor":28,"key":"EssenceOfSteel"},{"floor":36,"key":"FairyPotion"},{"floor":42,"key":"Energy Potion"}],"is_trial":false,"path_per_floor":["M","?","M","$","T","E","R","E","T","R","?","M","R","E","R","B",null,"M","$","?","?","?","R","E","R","T","R","M","M","$","?","R","B",null,"M","M","$","?","M","R","E","M","T","R","M","E"],"character_chosen":"THE_SILENT","items_purchased":["Footwork","Finisher","Well Laid Plans","Dagger Spray","Bouncing Flask","LiquidBronze"],"campfire_rested":2,"item_purchase_floors":[4,4,19,19,30,37],"current_hp_per_floor":[58,58,58,58,58,33,33,24,24,24,24,28,28,19,38,32,58,61,61,43,22,22,43,51,51,51,51,60,65,65,65,65,32,61,71,71,71,71,66,66,49,59,59,59,41,0],"gold":109,"neow_bonus":"RANDOM_COMMON_RELIC","is_prod":false,"is_daily":false,"chose_seed":false,"campfire_upgraded":8,"win_rate":0,"timestamp":1560656176,"path_taken":["M","?","?","?","?","E","R","E","T","R","?","M","R","E","R","BOSS","M","$","?","?","?","R","E","R","T","R","?","M","$","?","R","BOSS","M","M","$","?","?","R","E","M","T","R","M","E"],"build_version":"2019-01-23","purchased_purges":2,"victory":false,"max_hp_per_floor":[66,66,66,66,66,66,66,66,66,66,66,66,66,66,66,66,66,66,66,71,71,71,71,71,71,71,71,71,71,71,71,71,71,71,71,71,71,71,71,71,71,71,71,71,71,71],"card_choices":[{"not_picked":["Calculated Gamble","Underhanded Strike"],"picked":"Cloak And Dagger","floor":1},{"not_picked":["Cloak And Dagger","Riddle With Holes"],"picked":"Backflip","floor":3},{"not_picked":["Terror","Bane"],"picked":"Underhanded Strike","floor":6},{"not_picked":["Accuracy","Bouncing Flask"],"picked":"Poisoned Stab","floor":8},{"not_picked":["Dagger Throw","Quick Slash"],"picked":"PiercingWail","floor":11},{"not_picked":["Underhanded Strike","Wraith Form v2"],"picked":"Backstab","floor":12},{"not_picked":["Backflip","Eviscerate"],"picked":"Poisoned Stab","floor":14},{"not_picked":["Night Terror","After Image"],"picked":"Bullet Time","floor":16},{"not_picked":["Bane","Finisher"],"picked":"Flechettes","floor":18},{"not_picked":["Bouncing Flask","Escape Plan"],"picked":"Noxious Fumes","floor":24},{"not_picked":["All Out Attack","Prepared"],"picked":"Acrobatics","floor":28},{"not_picked":["Masterful Stab","Reflex"],"picked":"Footwork+1","floor":29},{"not_picked":["After Image","A Thousand Cuts"],"picked":"Wraith Form v2","floor":33},{"not_picked":["Dodge and Roll+1","Bane"],"picked":"Underhanded Strike","floor":34},{"not_picked":["Quick Slash","Outmaneuver"],"picked":"Flechettes","floor":34},{"not_picked":["Skewer+1","Slice"],"picked":"Caltrops+1","floor":34},{"not_picked":["Finisher","Riddle With Holes"],"picked":"Calculated Gamble","floor":34},{"not_picked":["Sucker Punch","Envenom"],"picked":"Catalyst+1","floor":34},{"not_picked":["Sucker Punch","Outmaneuver"],"picked":"Dodge and Roll+1","floor":35},{"not_picked":["Prepared","Well Laid Plans+1"],"picked":"Escape Plan","floor":36},{"not_picked":["PiercingWail","Outmaneuver"],"picked":"Blade Dance","floor":39},{"not_picked":["Footwork","Setup"],"picked":"Underhanded Strike+1","floor":41},{"not_picked":["Dagger Throw","Outmaneuver"],"picked":"Tactician","floor":42},{"not_picked":["Choke","Terror"],"picked":"Escape Plan","floor":45}],"player_experience":1362348,"relics_obtained":[{"floor":5,"key":"Bird Faced Urn"},{"floor":6,"key":"War Paint"},{"floor":8,"key":"Happy Flower"},{"floor":9,"key":"Centennial Puzzle"},{"floor":11,"key":"Odd Mushroom"},{"floor":14,"key":"Blue Candle"},{"floor":21,"key":"Enchiridion"},{"floor":24,"key":"Omamori"},{"floor":26,"key":"Orichalcum"},{"floor":41,"key":"Meat on the Bone"},{"floor":43,"key":"Whetstone"}],"event_choices":[{"damage_healed":0,"gold_gain":0,"cards_transformed":["Strike_G"],"player_choice":"Transformed","damage_taken":0,"max_hp_gain":0,"max_hp_loss":0,"event_name":"Transmorgrifier","floor":2,"gold_loss":0,"cards_obtained":["Tools of the Trade"]},{"damage_healed":0,"gold_gain":0,"player_choice":"Fought Mushrooms","damage_taken":0,"max_hp_gain":0,"max_hp_loss":0,"event_name":"Mushrooms","floor":11,"gold_loss":0},{"damage_healed":0,"gold_gain":0,"player_choice":"Shed Blood","damage_taken":23,"max_hp_gain":5,"max_hp_loss":0,"event_name":"Forgotten Altar","floor":20,"gold_loss":0},{"damage_healed":0,"gold_gain":0,"player_choice":"Obtained Book","damage_taken":21,"max_hp_gain":0,"max_hp_loss":0,"event_name":"Cursed Tome","floor":21,"gold_loss":0},{"damage_healed":0,"gold_gain":0,"player_choice":"Forge","damage_taken":0,"max_hp_gain":0,"max_hp_loss":0,"event_name":"Accursed Blacksmith","floor":22,"gold_loss":0,"cards_upgraded":["Bullet Time"]},{"damage_healed":0,"gold_gain":0,"player_choice":"Stole Relic","damage_taken":0,"relics_obtained":["Ancient Tea Set"],"max_hp_gain":0,"max_hp_loss":0,"event_name":"Addict","floor":31,"gold_loss":0,"cards_obtained":["Shame"]},{"damage_healed":0,"gold_gain":0,"player_choice":"Copied","damage_taken":0,"max_hp_gain":0,"max_hp_loss":0,"event_name":"Duplicator","floor":38,"gold_loss":0,"cards_obtained":["Catalyst"]}],"is_beta":false,"boss_relics":[{"not_picked":["Empty Cage","Astrolabe"],"picked":"WristBlade"},{"not_picked":["HoveringKite","Fusion Hammer"],"picked":"Orrery"}],"items_purged_floors":[19,30],"is_endless":false,"potions_floor_spawned":[1,3,14,28,36,39,42],"killed_by":"Giant Head","ascension_level":16}