{"gold_per_floor":[112,112,128,128,142,142,158,158,158,168,168,202,48,79,79,152,152,169,169,169,187,206,206,206,206,233,233,252,263,292,303,303,303],"floor_reached":33,"playtime":1165,"items_purged":[],"score":589,"play_id":"87e71fe8-1e44-4131-963e-96b4ca6d0d18","local_time":"20181031182742","is_ascension_mode":true,"campfire_choices":[{"data":"Wild Strike","floor":6,"key":"SMITH"},{"data":"Bash","floor":8,"key":"SMITH"},{"data":"Combust","floor":11,"key":"SMITH"},{"data":"Disarm","floor":15,"key":"SMITH"},{"data":"True Grit","floor":23,"key":"SMITH"},{"data":"Immolate","floor":25,"key":"SMITH"},{"floor":27,"key":"REST"},{"data":"Demon Form","floor":32,"key":"SMITH"}],"neow_cost":"NONE","seed_source_timestamp":293947288397335,"circlet_count":0,"master_deck":["Strike_R","Strike_R","Strike_R","Defend_R","Defend_R","Defend_R","Defend_R","Bash+1","AscendersBane","Sword Boomerang","Wild Strike+1","Spot Weakness","Clothesline","Combust+1","True Grit","Demon Form+1","Disarm+1","Immolate+1","Disarm","Necronomicurse","True Grit+1","Shrug It Off","Burning Pact+1","Spot Weakness"],"relics":["Black Blood","NeowsBlessing","Self Forming Clay","PreservedInsect","Nloth\u0027s Gift","Necronomicon","Omamori","Matryoshka"],"potions_floor_usage":[16,16,21,24,28,33],"damage_taken":[{"damage":0,"enemies":"2 Louse","floor":1,"turns":1},{"damage":0,"enemies":"Cultist","floor":3,"turns":1},{"damage":0,"enemies":"Jaw Worm","floor":5,"turns":1},{"damage":13,"enemies":"Red Slaver","floor":7,"turns":3},{"damage":15,"enemies":"Large Slime","floor":10,"turns":7},{"damage":34,"enemies":"Lagavulin","floor":12,"turns":5},{"damage":16,"enemies":"3 Sentries","floor":14,"turns":6},{"damage":13,"enemies":"Hexaghost","floor":16,"turns":10},{"damage":28,"enemies":"Shell Parasite","floor":18,"turns":7},{"damage":0,"enemies":"Spheric Guardian","floor":21,"turns":1},{"damage":6,"enemies":"Snecko","floor":22,"turns":3},{"damage":18,"enemies":"Colosseum Slavers","floor":24,"turns":3},{"damage":13,"enemies":"Snake Plant","floor":28,"turns":5},{"damage":34,"enemies":"Cultist and Chosen","floor":29,"turns":8},{"damage":0,"enemies":"Slavers","floor":30,"turns":1},{"damage":18,"enemies":"Shelled Parasite and Fungi","floor":31,"turns":2},{"damage":81,"enemies":"Automaton","floor":33,"turns":6}],"seed_played":"-5641421848715467744","potions_obtained":[{"floor":1,"key":"Fire Potion"},{"floor":3,"key":"Explosive Potion"},{"floor":10,"key":"Swift Potion"},{"floor":14,"key":"SkillPotion"},{"floor":21,"key":"FearPotion"},{"floor":22,"key":"Regen Potion"},{"floor":29,"key":"FearPotion"},{"floor":31,"key":"Explosive Potion"}],"is_trial":false,"path_per_floor":["M","?","M","?","M","R","M","R","T","M","R","E","$","E","R","B",null,"M","?","?","M","M","R","?","R","T","R","M","M","E","M","R"],"character_chosen":"IRONCLAD","items_purchased":["Demon Form"],"campfire_rested":1,"item_purchase_floors":[13],"current_hp_per_floor":[74,74,75,75,75,75,68,68,68,59,59,31,31,21,21,14,60,42,42,21,31,35,35,27,27,27,49,60,36,46,38,38,0],"gold":303,"neow_bonus":"THREE_ENEMY_KILL","is_prod":false,"is_daily":false,"chose_seed":false,"campfire_upgraded":7,"win_rate":0,"timestamp":1541010462,"path_taken":["M","?","M","?","M","R","?","R","T","M","R","E","$","E","R","BOSS","M","?","?","M","M","R","?","R","T","R","M","M","E","M","R","BOSS"],"build_version":"2018-10-25v2","purchased_purges":0,"victory":false,"max_hp_per_floor":[75,75,75,75,75,75,75,75,75,75,75,75,75,75,75,75,75,75,75,75,75,75,75,75,75,75,75,75,75,75,75,75,75],"card_choices":[{"not_picked":["Ghostly Armor","Sentinel"],"picked":"Sword Boomerang","floor":1},{"not_picked":["Iron Wave","Sever Soul"],"picked":"Wild Strike","floor":3},{"not_picked":["Dropkick","Body Slam"],"picked":"Spot Weakness","floor":5},{"not_picked":["Twin Strike","Heavy Blade"],"picked":"Clothesline","floor":7},{"not_picked":["Iron Wave","Anger"],"picked":"Combust","floor":10},{"not_picked":["Pommel Strike","Cleave"],"picked":"True Grit","floor":12},{"not_picked":["Brutality","Armaments"],"picked":"Disarm","floor":14},{"not_picked":["Juggernaut","Berserk"],"picked":"Immolate","floor":16},{"not_picked":["Dual Wield","Heavy Blade"],"picked":"Disarm","floor":18},{"not_picked":["Iron Wave","Blood for Blood"],"picked":"True Grit","floor":21},{"not_picked":["Double Tap","Flex","Entrench"],"picked":"SKIP","floor":22},{"not_picked":["Clothesline","Thunderclap","Cleave"],"picked":"SKIP","floor":28},{"not_picked":["True Grit","Flame Barrier"],"picked":"Shrug It Off","floor":29},{"not_picked":["Rampage","Cleave"],"picked":"Burning Pact+1","floor":30},{"not_picked":["Rampage+1","Clash+1"],"picked":"Spot Weakness","floor":31}],"player_experience":951319,"relics_obtained":[{"floor":9,"key":"Potion Belt"},{"floor":12,"key":"Self Forming Clay"},{"floor":14,"key":"PreservedInsect"},{"floor":20,"key":"Necronomicon"},{"floor":26,"key":"Omamori"},{"floor":30,"key":"Matryoshka"}],"event_choices":[{"cards_removed":["Strike_R"],"damage_healed":0,"gold_gain":0,"player_choice":"Offered Basic","damage_taken":0,"max_hp_gain":0,"max_hp_loss":0,"event_name":"Bonfire Elementals","floor":2,"gold_loss":0},{"cards_removed":["Strike_R"],"damage_healed":0,"gold_gain":0,"player_choice":"Purged","damage_taken":0,"max_hp_gain":0,"max_hp_loss":0,"event_name":"Purifier","floor":4,"gold_loss":0},{"damage_healed":0,"gold_gain":0,"player_choice":"Traded Relic","damage_taken":0,"relics_obtained":["Nloth\u0027s Gift"],"max_hp_gain":0,"max_hp_loss":0,"event_name":"N\u0027loth","floor":19,"relics_lost":["Potion Belt"],"gold_loss":0},{"damage_healed":0,"gold_gain":0,"player_choice":"Obtained Book","damage_taken":21,"max_hp_gain":0,"max_hp_loss":0,"event_name":"Cursed Tome","floor":20,"gold_loss":0},{"damage_healed":0,"gold_gain":0,"player_choice":"Fight","damage_taken":0,"max_hp_gain":0,"max_hp_loss":0,"event_name":"Colosseum","floor":24,"gold_loss":0},{"damage_healed":0,"gold_gain":0,"player_choice":"Fled From Nobs","damage_taken":0,"max_hp_gain":0,"max_hp_loss":0,"event_name":"Colosseum","floor":24,"gold_loss":0}],"is_beta":false,"boss_relics":[{"not_picked":["Pandora\u0027s Box","Tiny House"],"picked":"Black Blood"}],"items_purged_floors":[],"is_endless":false,"potions_floor_spawned":[1,3,10,14,21,22,24,29,31],"killed_by":"Automaton","ascension_level":19}