{"gold_per_floor":[119,119,119,134,209,243,243,243,243,273,285,285,297,322,322,393,393,403,414,428,77,77,77,110,110,110,110,25,25,51,67,67,140,190,200,212,40,57,57,57,57],"floor_reached":41,"playtime":1436,"items_purged":["Strike_R"],"score":898,"play_id":"38dd49b0-5680-48ce-86c3-858ce6877178","local_time":"20190704001909","is_ascension_mode":true,"campfire_choices":[{"data":"Bash","floor":7,"key":"SMITH"},{"data":"Whirlwind","floor":12,"key":"SMITH"},{"data":"Armaments","floor":15,"key":"SMITH"},{"data":"Barricade","floor":23,"key":"SMITH"},{"floor":27,"key":"REST"},{"floor":29,"key":"REST"},{"floor":32,"key":"REST"},{"floor":40,"key":"REST"}],"neow_cost":"NONE","seed_source_timestamp":1382035466299700,"circlet_count":0,"master_deck":["AscendersBane","Defend_R","Defend_R","Defend_R","Bash+1","Fire Breathing","Flame Barrier","Anger","Anger","Whirlwind+1","Armaments+1","Barricade+1","Offering","Anger","Spot Weakness","Rage","Feel No Pain","Second Wind","Anger+1","Anger+1","Anger","Warcry","Limit Break","True Grit","Limit Break","Entrench+1","Parasite","Power Through","Entrench+1"],"relics":["Burning Blood","NeowsBlessing","Bag of Preparation","Kunai","Happy Flower","Bronze Scales","Empty Cage","Membership Card","Frozen Egg 2","Lantern","Bag of Marbles","Pear","Tiny House","Dead Branch"],"potions_floor_usage":[10,16,16,24,24,31,35,38,41],"damage_taken":[{"damage":0,"enemies":"Small Slimes","floor":1,"turns":1},{"damage":0,"enemies":"Jaw Worm","floor":4,"turns":1},{"damage":0,"enemies":"3 Sentries","floor":6,"turns":2},{"damage":19,"enemies":"Lagavulin","floor":10,"turns":6},{"damage":6,"enemies":"Cultist","floor":11,"turns":3},{"damage":4,"enemies":"Red Slaver","floor":13,"turns":3},{"damage":26,"enemies":"Gremlin Nob","floor":14,"turns":4},{"damage":23,"enemies":"Hexaghost","floor":16,"turns":8},{"damage":9,"enemies":"3 Byrds","floor":18,"turns":3},{"damage":25,"enemies":"Spheric Guardian","floor":19,"turns":4},{"damage":13,"enemies":"Snake Plant","floor":20,"turns":3},{"damage":29,"enemies":"Slavers","floor":24,"turns":3},{"damage":18,"enemies":"Gremlin Leader","floor":30,"turns":5},{"damage":39,"enemies":"Snecko","floor":31,"turns":6},{"damage":42,"enemies":"Collector","floor":33,"turns":9},{"damage":11,"enemies":"3 Shapes","floor":35,"turns":4},{"damage":17,"enemies":"Orb Walker","floor":36,"turns":4},{"damage":72,"enemies":"Writhing Mass","floor":38,"turns":9},{"damage":51,"enemies":"Spire Growth","floor":41,"turns":4}],"seed_played":"6914381295621040198","potions_obtained":[{"floor":1,"key":"Dexterity Potion"},{"floor":11,"key":"SpeedPotion"},{"floor":14,"key":"PowerPotion"},{"floor":19,"key":"FearPotion"},{"floor":20,"key":"SteroidPotion"},{"floor":30,"key":"Regen Potion"},{"floor":34,"key":"Explosive Potion"},{"floor":35,"key":"LiquidBronze"},{"floor":36,"key":"BloodPotion"},{"floor":38,"key":"EssenceOfSteel"}],"is_trial":false,"path_per_floor":["M","$","?","M","?","E","R","?","T","E","M","R","M","E","R","B",null,"M","M","M","$","?","R","E","?","T","R","?","R","E","M","R","B",null,"M","M","$","M","?","R","M"],"character_chosen":"IRONCLAD","items_purchased":["Membership Card","Feel No Pain","Second Wind","Anger","Dead Branch"],"campfire_rested":4,"item_purchase_floors":[21,21,21,21,37],"current_hp_per_floor":[74,74,74,75,64,70,70,70,70,57,57,57,59,39,39,22,62,59,40,33,33,33,33,10,10,10,32,32,54,52,33,58,22,74,69,58,58,14,14,41,0],"gold":57,"neow_bonus":"THREE_ENEMY_KILL","is_prod":false,"is_daily":false,"chose_seed":false,"campfire_upgraded":4,"win_rate":0,"timestamp":1562192349,"path_taken":["M","$","?","M","?","E","R","?","T","E","?","R","M","E","R","BOSS","M","M","M","$","?","R","E","?","T","R","?","R","E","M","R","BOSS","M","M","$","M","?","R","?"],"build_version":"2019-07-01","purchased_purges":1,"victory":false,"max_hp_per_floor":[75,75,75,75,75,75,75,75,75,75,75,75,75,75,75,75,75,75,75,75,75,75,75,75,75,75,75,75,75,85,85,85,85,90,90,90,90,90,90,90,90],"card_choices":[{"not_picked":["Searing Blow","Clash"],"picked":"Fire Breathing","floor":1},{"not_picked":["Twin Strike","Wild Strike"],"picked":"Flame Barrier","floor":4},{"not_picked":["Pommel Strike","Impervious"],"picked":"Anger","floor":6},{"not_picked":["Pommel Strike","True Grit"],"picked":"Anger","floor":10},{"not_picked":["Shrug It Off","Armaments"],"picked":"Whirlwind","floor":11},{"not_picked":["Searing Blow","Clash"],"picked":"Armaments","floor":13},{"not_picked":["Searing Blow","Sentinel"],"picked":"Barricade","floor":14},{"not_picked":["Reaper","Immolate"],"picked":"Offering","floor":16},{"not_picked":["Body Slam","Havoc"],"picked":"Anger","floor":18},{"not_picked":["Body Slam","Iron Wave"],"picked":"Spot Weakness","floor":19},{"not_picked":["Warcry","Hemokinesis"],"picked":"Rage","floor":20},{"not_picked":["Hemokinesis+1","Cleave"],"picked":"Anger+1","floor":24},{"not_picked":["Whirlwind","Armaments+1"],"picked":"Anger","floor":30},{"not_picked":["Cleave","Whirlwind"],"picked":"Warcry","floor":31},{"not_picked":["Exhume","Barricade+1"],"picked":"Limit Break","floor":33},{"not_picked":["Pommel Strike+1","Flex"],"picked":"True Grit","floor":34},{"not_picked":["Cleave+1","Havoc"],"picked":"Limit Break","floor":35},{"not_picked":["Evolve+1","Intimidate+1"],"picked":"Entrench+1","floor":36},{"not_picked":["Heavy Blade","Cleave"],"picked":"Power Through","floor":38}],"player_experience":1576339,"relics_obtained":[{"floor":6,"key":"Bag of Preparation"},{"floor":9,"key":"Kunai"},{"floor":10,"key":"Happy Flower"},{"floor":14,"key":"Bronze Scales"},{"floor":24,"key":"Frozen Egg 2"},{"floor":26,"key":"Lantern"},{"floor":30,"key":"Pear"}],"event_choices":[{"cards_removed":["Strike_R"],"damage_healed":0,"gold_gain":0,"player_choice":"Forget","damage_taken":0,"max_hp_gain":0,"max_hp_loss":0,"event_name":"Living Wall","floor":3,"gold_loss":0},{"damage_healed":0,"gold_gain":75,"player_choice":"Gather Gold","damage_taken":11,"max_hp_gain":0,"max_hp_loss":0,"event_name":"World of Goop","floor":5,"gold_loss":0},{"cards_removed":["Strike_R"],"damage_healed":0,"gold_gain":0,"player_choice":"Offered Basic","damage_taken":0,"max_hp_gain":0,"max_hp_loss":0,"event_name":"Bonfire Elementals","floor":8,"gold_loss":0},{"cards_removed":["Defend_R"],"damage_healed":0,"gold_gain":0,"player_choice":"Elegance","damage_taken":0,"max_hp_gain":0,"max_hp_loss":0,"event_name":"Back to Basics","floor":22,"gold_loss":0},{"damage_healed":0,"gold_gain":0,"player_choice":"Ignored","damage_taken":0,"max_hp_gain":0,"max_hp_loss":0,"event_name":"Cursed Tome","floor":25,"gold_loss":0},{"damage_healed":0,"gold_gain":0,"player_choice":"Obtained Relic","damage_taken":0,"relics_obtained":["Bag of Marbles"],"max_hp_gain":0,"max_hp_loss":0,"event_name":"Addict","floor":28,"gold_loss":85},{"damage_healed":0,"gold_gain":0,"player_choice":"Copied","damage_taken":0,"max_hp_gain":0,"max_hp_loss":0,"event_name":"Duplicator","floor":39,"gold_loss":0,"cards_obtained":["Entrench"]}],"is_beta":false,"boss_relics":[{"not_picked":["Mark of Pain","Runic Pyramid"],"picked":"Empty Cage"},{"not_picked":["Orrery","Calling Bell"],"picked":"Tiny House"}],"items_purged_floors":[21],"is_endless":false,"potions_floor_spawned":[1,11,14,19,20,30,35,36,38],"killed_by":"Spire Growth","ascension_level":17}