{"gold_per_floor":[142,161,86,97,109,109,120,153,203,228,228,47,47,64,64,64],"floor_reached":16,"playtime":535,"items_purged":["Strike_R","Strike_R"],"score":202,"play_id":"1d19fa53-dcd3-4123-8e96-2c26bb3d6eaa","local_time":"20190524185142","is_ascension_mode":true,"campfire_choices":[{"data":"Whirlwind","floor":6,"key":"SMITH"},{"data":"Armaments","floor":11,"key":"SMITH"},{"floor":13,"key":"REST"},{"data":"Bash","floor":15,"key":"SMITH"}],"neow_cost":"NONE","seed_source_timestamp":0,"circlet_count":0,"master_deck":["AscendersBane","Strike_R","Strike_R","Strike_R","Defend_R","Defend_R","Defend_R","Defend_R","Bash+1","True Grit","True Grit","Whirlwind+1","Anger","Shrug It Off","Armaments+1","Thunderclap","Clothesline","Sever Soul"],"special_seed":0,"relics":["Burning Blood","Tiny Chest","Oddly Smooth Stone","Blood Vial","Dodecahedron"],"potions_floor_usage":[8,8,10,16],"damage_taken":[{"damage":9,"enemies":"Jaw Worm","floor":1,"turns":4},{"damage":2,"enemies":"2 Louse","floor":2,"turns":3},{"damage":6,"enemies":"Cultist","floor":4,"turns":4},{"damage":15,"enemies":"Looter","floor":5,"turns":3},{"damage":17,"enemies":"Blue Slaver","floor":7,"turns":4},{"damage":28,"enemies":"Lagavulin","floor":8,"turns":7},{"damage":32,"enemies":"3 Sentries","floor":10,"turns":7},{"damage":10,"enemies":"Exordium Wildlife","floor":14,"turns":4},{"damage":34,"enemies":"Hexaghost","floor":16,"turns":16}],"seed_played":"-887633293667423727","potions_obtained":[{"floor":5,"key":"BloodPotion"},{"floor":7,"key":"SteroidPotion"},{"floor":8,"key":"Dexterity Potion"}],"is_trial":false,"path_per_floor":["M","M","$","M","M","R","M","E","T","E","R","$","R","M","R","B"],"character_chosen":"IRONCLAD","items_purchased":["Block Potion","Clothesline"],"campfire_rested":1,"item_purchase_floors":[12,12],"current_hp_per_floor":[65,69,69,69,60,60,49,34,34,10,10,10,32,30,30,0],"gold":64,"neow_bonus":"RANDOM_COMMON_RELIC","is_prod":false,"is_daily":false,"chose_seed":false,"campfire_upgraded":3,"win_rate":0,"timestamp":1558716702,"path_taken":["M","M","$","M","M","R","M","E","T","E","R","$","R","M","R","BOSS"],"build_version":"2019-01-23","purchased_purges":2,"victory":false,"max_hp_per_floor":[75,75,75,75,75,75,75,75,75,75,75,75,75,75,75,75],"card_choices":[{"not_picked":["Heavy Blade","Rupture"],"picked":"True Grit","floor":1},{"not_picked":["Wild Strike","Clash"],"picked":"True Grit","floor":2},{"not_picked":["Iron Wave","Carnage"],"picked":"Whirlwind","floor":4},{"not_picked":["Armaments","Feel No Pain"],"picked":"Anger","floor":5},{"not_picked":["Body Slam","Dark Embrace"],"picked":"Shrug It Off","floor":7},{"not_picked":["Wild Strike","True Grit"],"picked":"Armaments","floor":8},{"not_picked":["Havoc","Sword Boomerang"],"picked":"Thunderclap","floor":10},{"not_picked":["Clothesline","Twin Strike"],"picked":"Sever Soul","floor":14}],"player_experience":1192284,"relics_obtained":[{"floor":8,"key":"Oddly Smooth Stone"},{"floor":9,"key":"Blood Vial"},{"floor":10,"key":"Dodecahedron"}],"event_choices":[],"is_beta":false,"boss_relics":[],"items_purged_floors":[3,12],"is_endless":false,"potions_floor_spawned":[5,7,8],"killed_by":"Hexaghost","ascension_level":16}