{"gold_per_floor":[116,116,127,140,153,153,184,194,268,301,301,321,321,336,336,410,410,420,434,0,0,16,16,27,56,56,56,67,67,81,6,6,82,82,93,108,108,122,122],"floor_reached":39,"playtime":1663,"items_purged":["Strike_G"],"score":751,"play_id":"f9d9e7f2-5c06-4b2a-b6f1-20ab9807fd73","local_time":"20190613034024","is_ascension_mode":true,"campfire_choices":[{"data":"Neutralize","floor":6,"key":"SMITH"},{"floor":11,"key":"REST"},{"data":"Crippling Poison","floor":13,"key":"SMITH"},{"floor":15,"key":"REST"},{"data":"Burst","floor":23,"key":"SMITH"},{"floor":27,"key":"REST"},{"floor":32,"key":"REST"}],"neow_cost":"NONE","seed_source_timestamp":97374481878400,"circlet_count":0,"master_deck":["AscendersBane","Defend_G+1","Defend_G+1","Defend_G+1","Defend_G+1","Defend_G+1","Strike_G+1","Survivor","Neutralize+1","Die Die Die","Crippling Poison+1","Footwork","Dagger Throw","Poisoned Stab","Caltrops","Dagger Spray","Acrobatics","Backflip","Flying Knee","Burst+1","Bullet Time","Leg Sweep","Concentrate+1","Dash","PiercingWail","Cloak And Dagger","Deflect","Caltrops","Bouncing Flask","A Thousand Cuts","Crippling Poison","Cloak And Dagger+1","Well Laid Plans+1"],"relics":["Ring of the Snake","Bottled Flame","Shuriken","Torii","Sozu","Paper Crane","Art of War","Bag of Preparation","Eternal Feather"],"potions_floor_usage":[7,7,10,18,19],"damage_taken":[{"damage":0,"enemies":"Small Slimes","floor":1,"turns":3},{"damage":0,"enemies":"Cultist","floor":3,"turns":4},{"damage":4,"enemies":"Jaw Worm","floor":4,"turns":3},{"damage":3,"enemies":"3 Louse","floor":5,"turns":4},{"damage":23,"enemies":"Gremlin Nob","floor":7,"turns":5},{"damage":0,"enemies":"Gremlin Gang","floor":8,"turns":2},{"damage":23,"enemies":"Lagavulin","floor":10,"turns":6},{"damage":0,"enemies":"2 Fungi Beasts","floor":12,"turns":3},{"damage":1,"enemies":"Blue Slaver","floor":14,"turns":4},{"damage":25,"enemies":"The Guardian","floor":16,"turns":12},{"damage":17,"enemies":"Shell Parasite","floor":18,"turns":5},{"damage":6,"enemies":"2 Thieves","floor":19,"turns":2},{"damage":0,"enemies":"Chosen and Byrds","floor":22,"turns":4},{"damage":0,"enemies":"Centurion and Healer","floor":24,"turns":11},{"damage":6,"enemies":"Slavers","floor":25,"turns":4},{"damage":1,"enemies":"3 Cultists","floor":28,"turns":6},{"damage":0,"enemies":"Snake Plant","floor":30,"turns":4},{"damage":51,"enemies":"Collector","floor":33,"turns":11},{"damage":1,"enemies":"3 Darklings","floor":35,"turns":3},{"damage":19,"enemies":"3 Shapes","floor":36,"turns":4},{"damage":30,"enemies":"Jaw Worm Horde","floor":38,"turns":4},{"damage":7,"enemies":"Transient","floor":39,"turns":2}],"seed_played":"-6223828347369933209","potions_obtained":[{"floor":3,"key":"Strength Potion"},{"floor":5,"key":"SpeedPotion"},{"floor":8,"key":"FearPotion"},{"floor":10,"key":"FearPotion"},{"floor":14,"key":"Energy Potion"}],"is_trial":false,"path_per_floor":["M","?","M","M","M","R","E","M","T","E","R","M","R","M","R","B",null,"M","M","$","?","M","R","M","E","T","R","M","?","M","?","R","B",null,"M","M","?","M","M"],"character_chosen":"THE_SILENT","items_purchased":["Paper Crane","Dash"],"campfire_rested":4,"item_purchase_floors":[20,20],"current_hp_per_floor":[59,59,59,55,52,52,29,29,29,6,25,25,25,24,43,18,54,37,31,31,31,31,31,31,25,25,44,43,37,37,37,56,5,51,50,31,31,1,0],"gold":122,"neow_bonus":"ONE_RANDOM_RARE_CARD","is_prod":false,"is_daily":false,"chose_seed":false,"campfire_upgraded":3,"win_rate":0,"timestamp":1560390024,"path_taken":["M","?","M","M","?","R","E","?","T","E","R","?","R","M","R","BOSS","M","M","$","?","M","R","M","E","T","R","M","?","?","?","R","BOSS","M","M","?","M","M"],"build_version":"2019-01-23","purchased_purges":1,"victory":false,"max_hp_per_floor":[66,66,66,66,66,66,66,66,66,66,66,66,66,66,66,66,66,66,66,66,66,66,66,66,66,66,66,66,66,66,66,66,66,66,66,66,66,66,66],"card_choices":[{"not_picked":["Acrobatics","Concentrate"],"picked":"Crippling Poison","floor":1},{"not_picked":["Dodge and Roll","Caltrops"],"picked":"Dagger Throw","floor":3},{"not_picked":["Calculated Gamble","Well Laid Plans"],"picked":"Poisoned Stab","floor":4},{"not_picked":["Heel Hook","Slice"],"picked":"Caltrops","floor":5},{"not_picked":["Slice","Phantasmal Killer"],"picked":"Dagger Spray","floor":7},{"not_picked":["Prepared","Dagger Throw"],"picked":"Acrobatics","floor":8},{"not_picked":["Tools of the Trade","Concentrate"],"picked":"Backflip","floor":10},{"not_picked":["Dagger Throw","Dodge and Roll"],"picked":"Flying Knee","floor":12},{"not_picked":["Footwork","Acrobatics"],"picked":"Burst","floor":14},{"not_picked":["Venomology","Phantasmal Killer"],"picked":"Bullet Time","floor":16},{"not_picked":["Acrobatics","Slice"],"picked":"Leg Sweep","floor":18},{"not_picked":["Slice","Prepared"],"picked":"Concentrate+1","floor":19},{"not_picked":["Outmaneuver","Deadly Poison"],"picked":"PiercingWail","floor":22},{"not_picked":["Unload","Acrobatics"],"picked":"Cloak And Dagger","floor":24},{"not_picked":["Slice","Leg Sweep"],"picked":"Deflect","floor":25},{"not_picked":["Acrobatics","Flying Knee"],"picked":"Caltrops","floor":28},{"not_picked":["Deflect","Leg Sweep"],"picked":"Bouncing Flask","floor":30},{"not_picked":["Adrenaline","Doppelganger"],"picked":"A Thousand Cuts","floor":33},{"not_picked":["Slice","Deflect"],"picked":"Crippling Poison","floor":35},{"not_picked":["Acrobatics","Bouncing Flask+1"],"picked":"Cloak And Dagger+1","floor":36},{"not_picked":["Deadly Poison","Blade Dance"],"picked":"Well Laid Plans+1","floor":38}],"player_experience":1315978,"relics_obtained":[{"floor":7,"key":"Bottled Flame"},{"floor":9,"key":"Shuriken"},{"floor":10,"key":"Torii"},{"floor":25,"key":"Art of War"},{"floor":26,"key":"Bag of Preparation"}],"event_choices":[{"damage_healed":0,"gold_gain":0,"cards_transformed":["Strike_G"],"player_choice":"Transformed","damage_taken":0,"max_hp_gain":0,"max_hp_loss":0,"event_name":"Transmorgrifier","floor":2,"gold_loss":0,"cards_obtained":["Footwork"]},{"damage_healed":0,"gold_gain":0,"player_choice":"Simplicity","damage_taken":0,"max_hp_gain":0,"max_hp_loss":0,"event_name":"Back to Basics","floor":21,"gold_loss":0,"cards_upgraded":["Defend_G","Defend_G","Defend_G","Defend_G","Defend_G","Strike_G","Strike_G","Strike_G"]},{"damage_healed":0,"gold_gain":0,"player_choice":"","damage_taken":6,"max_hp_gain":0,"max_hp_loss":0,"event_name":"Knowing Skull","floor":29,"potions_obtained":[],"gold_loss":0,"cards_obtained":[]},{"cards_removed":["Strike_G"],"damage_healed":0,"gold_gain":0,"player_choice":"Gave Gold","damage_taken":0,"max_hp_gain":0,"max_hp_loss":0,"event_name":"Beggar","floor":31,"gold_loss":75},{"cards_removed":["Strike_G"],"damage_healed":0,"gold_gain":0,"player_choice":"Removed Attack","damage_taken":0,"max_hp_gain":0,"max_hp_loss":0,"event_name":"Falling","floor":37,"gold_loss":0}],"is_beta":false,"boss_relics":[{"not_picked":["Coffee Dripper","Fusion Hammer"],"picked":"Sozu"},{"not_picked":["HoveringKite","Empty Cage"],"picked":"Eternal Feather"}],"items_purged_floors":[20],"is_endless":false,"potions_floor_spawned":[3,5,8,10,14,16,18,24,28,36],"killed_by":"Transient","ascension_level":16}