{"gold_per_floor":[112,112,262,262,262,262,281,309,309,343,343,375,375,133,133,207,207,218,9,9,36,36,36,55,55,55,74,101,101,22,40,40,119,119,135,135,150,50,50],"floor_reached":39,"playtime":1217,"items_purged":["Doubt","Defend_B"],"score":832,"play_id":"4eec0ee7-20ea-48c2-937d-f07ec670a432","local_time":"20190812230313","is_ascension_mode":true,"campfire_choices":[{"data":"Zap","floor":6,"key":"SMITH"},{"floor":11,"key":"REST"},{"data":"Chaos","floor":13,"key":"SMITH"},{"data":"Gash","floor":15,"key":"SMITH"},{"data":"Electrodynamics","floor":23,"key":"SMITH"},{"data":"Genetic Algorithm","floor":25,"key":"SMITH"},{"data":"Creative AI","floor":29,"key":"SMITH"},{"floor":32,"key":"REST"}],"neow_cost":"NONE","seed_source_timestamp":885337950022200,"circlet_count":0,"master_deck":["AscendersBane","Defend_B+1","Defend_B+1","Zap+1","Dualcast","Glacier","Tempest","Gash+1","Gash","Gash+1","Chaos+1","Electrodynamics+1","Auto Shields+1","Rip and Tear+1","Barrage+1","Genetic Algorithm+1","Magnetism+1","Rebound+1","Gash+1","Genetic Algorithm","Creative AI+1","Capacitor","Leap","Core Surge+1","Scrape+1","Darkness"],"relics":["Cracked Core","NeowsBlessing","DataDisk","Molten Egg 2","Vajra","Symbiotic Virus","Bag of Preparation","Astrolabe","Red Mask","Pantograph","Centennial Puzzle","Inserter"],"potions_floor_usage":[12,12,28,35,39],"damage_taken":[{"damage":0,"enemies":"Cultist","floor":1,"turns":1},{"damage":0,"enemies":"2 Louse","floor":7,"turns":1},{"damage":0,"enemies":"Gremlin Nob","floor":8,"turns":1},{"damage":21,"enemies":"3 Sentries","floor":10,"turns":7},{"damage":24,"enemies":"Gremlin Nob","floor":12,"turns":4},{"damage":22,"enemies":"Hexaghost","floor":16,"turns":10},{"damage":0,"enemies":"Chosen","floor":18,"turns":3},{"damage":11,"enemies":"Masked Bandits","floor":21,"turns":3},{"damage":0,"enemies":"Spheric Guardian","floor":24,"turns":3},{"damage":0,"enemies":"Cultist and Chosen","floor":27,"turns":3},{"damage":2,"enemies":"Gremlin Leader","floor":28,"turns":6},{"damage":5,"enemies":"Centurion and Healer","floor":31,"turns":5},{"damage":56,"enemies":"Collector","floor":33,"turns":9},{"damage":26,"enemies":"Orb Walker","floor":35,"turns":4},{"damage":12,"enemies":"3 Shapes","floor":37,"turns":5},{"damage":31,"enemies":"Writhing Mass","floor":39,"turns":2}],"seed_played":"-6923588194939470036","potions_obtained":[{"floor":7,"key":"SpeedPotion"},{"floor":10,"key":"PowerPotion"},{"floor":21,"key":"Strength Potion"},{"floor":28,"key":"Explosive Potion"},{"floor":33,"key":"GamblersBrew"},{"floor":37,"key":"EssenceOfSteel"}],"is_trial":false,"path_per_floor":["M","?","?","?","?","R","M","E","T","E","R","E","R","$","R","B",null,"M","$","?","?","?","R","M","R","T","M","E","R","$","M","R","B",null,"M","$","M","$","M"],"character_chosen":"DEFECT","items_purchased":["Bag of Preparation","Magnetism","Capacitor"],"campfire_rested":2,"item_purchase_floors":[14,19,30],"current_hp_per_floor":[64,64,64,69,46,46,46,46,46,25,47,23,23,23,23,1,57,57,57,57,46,46,46,46,46,46,46,44,44,44,39,61,20,62,36,36,24,24,0],"gold":50,"neow_bonus":"THREE_ENEMY_KILL","is_prod":false,"is_daily":false,"chose_seed":false,"campfire_upgraded":6,"win_rate":0,"timestamp":1565643793,"path_taken":["M","?","?","?","?","R","M","E","T","E","R","E","R","?","R","BOSS","M","$","?","?","?","R","M","R","T","M","E","R","$","M","R","BOSS","M","?","M","$","M"],"build_version":"2019-07-17","purchased_purges":2,"victory":false,"max_hp_per_floor":[71,71,71,76,76,76,76,76,76,76,76,76,76,76,76,76,76,76,76,76,76,76,76,76,76,76,76,76,76,76,76,76,76,76,76,76,76,76,76],"card_choices":[{"not_picked":["Stack","Steam"],"picked":"Glacier","floor":1},{"not_picked":["Leap","Beam Cell"],"picked":"Gash","floor":7},{"not_picked":["Barrage","Force Field"],"picked":"Gash","floor":8},{"not_picked":["Reinforced Body","Sweeping Beam+1"],"picked":"Gash+1","floor":10},{"not_picked":["Coolheaded","Leap"],"picked":"Chaos","floor":12},{"not_picked":["Thunder Strike+1","All For One+1"],"picked":"Electrodynamics","floor":16},{"not_picked":["Turbo","Auto Shields+1"],"picked":"Genetic Algorithm","floor":18},{"not_picked":["Cold Snap+1","Hologram"],"picked":"Rebound+1","floor":21},{"not_picked":["Leap","Reinforced Body+1"],"picked":"Gash+1","floor":24},{"not_picked":["Streamline+1","Sweeping Beam+1"],"picked":"Genetic Algorithm","floor":27},{"not_picked":["Coolheaded","Redo"],"picked":"Creative AI","floor":28},{"not_picked":["Ball Lightning+1","Hologram"],"picked":"Leap","floor":31},{"not_picked":["Thunder Strike+1","Amplify"],"picked":"Core Surge+1","floor":33},{"not_picked":["Sweeping Beam+1","Steam"],"picked":"Scrape+1","floor":35},{"not_picked":["Ball Lightning+1","Beam Cell+1"],"picked":"Darkness","floor":37}],"player_experience":1851935,"relics_obtained":[{"floor":8,"key":"DataDisk"},{"floor":9,"key":"Molten Egg 2"},{"floor":10,"key":"Vajra"},{"floor":12,"key":"Symbiotic Virus"},{"floor":21,"key":"Red Mask"},{"floor":26,"key":"Pantograph"},{"floor":28,"key":"Centennial Puzzle"}],"event_choices":[{"damage_healed":0,"gold_gain":0,"cards_transformed":["Strike_B"],"player_choice":"Change","damage_taken":0,"max_hp_gain":0,"max_hp_loss":0,"event_name":"Living Wall","floor":2,"gold_loss":0,"cards_obtained":["Tempest"]},{"damage_healed":0,"gold_gain":150,"player_choice":"AGREE","damage_taken":0,"max_hp_gain":0,"max_hp_loss":0,"event_name":"Liars Game","floor":3,"gold_loss":0,"cards_obtained":["Doubt"]},{"damage_healed":0,"gold_gain":0,"player_choice":"Donut","damage_taken":0,"max_hp_gain":5,"max_hp_loss":0,"event_name":"Big Fish","floor":4,"gold_loss":0},{"damage_healed":0,"gold_gain":0,"player_choice":"Entered Light","damage_taken":23,"max_hp_gain":0,"max_hp_loss":0,"event_name":"Shining Light","floor":5,"gold_loss":0,"cards_upgraded":["Defend_B","Defend_B"]},{"cards_removed":["Defend_B"],"damage_healed":0,"gold_gain":0,"player_choice":"Elegance","damage_taken":0,"max_hp_gain":0,"max_hp_loss":0,"event_name":"Back to Basics","floor":20,"gold_loss":0},{"damage_healed":0,"gold_gain":0,"player_choice":"Fought Bandits","damage_taken":0,"max_hp_gain":0,"max_hp_loss":0,"event_name":"Masked Bandits","floor":21,"gold_loss":0},{"damage_healed":0,"gold_gain":0,"player_choice":"Upgraded","damage_taken":0,"max_hp_gain":0,"max_hp_loss":0,"event_name":"Upgrade Shrine","floor":22,"gold_loss":0,"cards_upgraded":["Magnetism"]}],"is_beta":false,"boss_relics":[{"not_picked":["Pandora\u0027s Box","Coffee Dripper"],"picked":"Astrolabe"},{"not_picked":["FrozenCore","Fusion Hammer"],"picked":"Inserter"}],"items_purged_floors":[14,38],"is_endless":false,"potions_floor_spawned":[7,10,21,28,33,37],"killed_by":"Writhing Mass","ascension_level":17}