{"gold_per_floor":[363,382,155,168,0,27,27,59,85,104,132,132,132,150,150,150],"floor_reached":16,"playtime":358,"items_purged":[],"score":240,"play_id":"3ffd2e68-6170-46dd-ba2f-2e85bc6ca78c","local_time":"20190106224811","is_ascension_mode":true,"campfire_choices":[{"floor":7.0,"key":"REST"},{"floor":15,"key":"REST"}],"neow_cost":"PERCENT_DAMAGE","seed_source_timestamp":363866311601232,"circlet_count":0,"master_deck":["AscendersBane","Strike_R","Strike_R","Strike_R","Strike_R","Strike_R","Defend_R","Defend_R","Defend_R","Defend_R","Bash","Rampage","True Grit","Flame Barrier","True Grit","Pommel Strike","Carnage"],"special_seed":0,"relics":["Burning Blood","Sling","Oddly Smooth Stone","Red Skull","Centennial Puzzle","Kunai","Shuriken"],"potions_floor_usage":[14],"damage_taken":[{"damage":1.0,"enemies":"Cultist","floor":1.0,"turns":3.0},{"damage":5.0,"enemies":"Small Slimes","floor":2.0,"turns":4.0},{"damage":12.0,"enemies":"Jaw Worm","floor":4.0,"turns":3.0},{"damage":29.0,"enemies":"Gremlin Nob","floor":6.0,"turns":4.0},{"damage":30.0,"enemies":"Lagavulin","floor":8.0,"turns":7.0},{"damage":0.0,"enemies":"Lots of Slimes","floor":10.0,"turns":3.0},{"damage":25.0,"enemies":"Gremlin Nob","floor":11.0,"turns":4.0},{"damage":7,"enemies":"Large Slime","floor":14,"turns":4},{"damage":37,"enemies":"The Guardian","floor":16,"turns":4}],"seed_played":"79284773328958619","potions_obtained":[{"floor":2.0,"key":"Explosive Potion"},{"floor":10.0,"key":"PowerPotion"},{"floor":11.0,"key":"SkillPotion"}],"is_trial":false,"path_per_floor":["M","M","$","M","$","E","R","E","T","M","E","?","T","M","R","B"],"character_chosen":"IRONCLAD","items_purchased":["Sling","Oddly Smooth Stone"],"campfire_rested":2,"item_purchase_floors":[3,5],"current_hp_per_floor":[55,56,56,50,50,27,49,25,25,31,12,12,12,11,33,0],"gold":150,"neow_bonus":"TWO_FIFTY_GOLD","is_prod":false,"is_daily":false,"chose_seed":false,"campfire_upgraded":0,"win_rate":0,"timestamp":1546811291,"path_taken":["M","?","$","M","$","E","R","E","T","M","E","?","?","?","R","BOSS"],"build_version":"2019-01-03v4","purchased_purges":0,"victory":false,"max_hp_per_floor":[75,75,75,75,75,75,75,75,75,75,75,75,75,75,75,75],"card_choices":[{"not_picked":["Heavy Blade","Perfected Strike"],"picked":"Rampage","floor":1.0},{"not_picked":["Heavy Blade","Thunderclap"],"picked":"True Grit","floor":2.0},{"not_picked":["Heavy Blade","Fire Breathing","Body Slam"],"picked":"SKIP","floor":4.0},{"not_picked":["Carnage","Body Slam"],"picked":"Flame Barrier","floor":6.0},{"not_picked":["Exhume","Armaments"],"picked":"True Grit","floor":8.0},{"not_picked":["Wild Strike","Perfected Strike"],"picked":"Pommel Strike","floor":10.0},{"not_picked":["Clash","Fire Breathing","Wild Strike"],"picked":"SKIP","floor":11.0},{"not_picked":["Clash","Combust"],"picked":"Carnage","floor":14}],"player_experience":581452,"relics_obtained":[{"floor":6.0,"key":"Red Skull"},{"floor":8.0,"key":"Centennial Puzzle"},{"floor":11.0,"key":"Kunai"},{"floor":13.0,"key":"Shuriken"}],"event_choices":[{"damage_healed":0.0,"max_hp_gain":0.0,"max_hp_loss":0.0,"gold_gain":0.0,"event_name":"Dead Adventurer","player_choice":"Searched \u00270\u0027 times","floor":12.0,"gold_loss":0.0,"damage_taken":0.0}],"is_beta":false,"boss_relics":[],"items_purged_floors":[],"is_endless":false,"potions_floor_spawned":[2,10,11],"killed_by":"The Guardian","ascension_level":20}