{"gold_per_floor":[112,37,37,51,51,51,65,65,143,143,177,193,193,193,193,295,295,305,9,9,9,41,41,53,53,53,53,71,71,71,89,89,89],"floor_reached":33,"playtime":1333,"items_purged":["Strike_G","Strike_G"],"score":436,"play_id":"5cdc7ae4-da02-444f-8ff7-216ff13b7b64","local_time":"20190225190041","is_ascension_mode":true,"campfire_choices":[{"data":"Neutralize","floor":6,"key":"SMITH"},{"data":"Distraction","floor":8,"key":"SMITH"},{"data":"Blade Dance","floor":10,"key":"SMITH"},{"data":"Dash","floor":13,"key":"SMITH"},{"data":"Sucker Punch","floor":15,"key":"SMITH"},{"data":"Flechettes","floor":23,"key":"SMITH"},{"floor":25,"key":"REST"},{"floor":27,"key":"REST"},{"data":"Crippling Poison","floor":29,"key":"SMITH"},{"data":"Malaise","floor":32,"key":"SMITH"}],"neow_cost":"PERCENT_DAMAGE","seed_source_timestamp":486384692807400,"circlet_count":0,"master_deck":["AscendersBane","Defend_G","Defend_G","Defend_G","Defend_G","Defend_G","Strike_G","Strike_G","Strike_G","Survivor","Neutralize+1","Skewer+1","Blade Dance+1","Distraction+1","Sucker Punch+1","Dash+1","Malaise+1","PiercingWail","Accuracy","Flechettes+1","Shame","Quick Slash","Crippling Poison+1","PiercingWail"],"relics":["Ring of the Snake","Torii","Sundial","Turnip","Busted Crown","Darkstone Periapt","Red Mask","Molten Egg 2","Gremlin Horn"],"potions_floor_usage":[7,11,16,22,31,33],"damage_taken":[{"damage":0,"enemies":"2 Louse","floor":1,"turns":4},{"damage":0,"enemies":"Jaw Worm","floor":4,"turns":4},{"damage":1,"enemies":"Small Slimes","floor":7,"turns":3},{"damage":12,"enemies":"3 Sentries","floor":11,"turns":9},{"damage":1,"enemies":"Looter","floor":12,"turns":4},{"damage":39,"enemies":"Hexaghost","floor":16,"turns":16},{"damage":0,"enemies":"3 Byrds","floor":18,"turns":6},{"damage":28,"enemies":"Masked Bandits","floor":22,"turns":6},{"damage":7,"enemies":"Spheric Guardian","floor":24,"turns":6},{"damage":6,"enemies":"Centurion and Healer","floor":28,"turns":7},{"damage":3,"enemies":"Snake Plant","floor":31,"turns":4},{"damage":75,"enemies":"Champ","floor":33,"turns":13}],"seed_played":"-7525809876579157271","potions_obtained":[{"floor":1,"key":"FearPotion"},{"floor":7,"key":"Weak Potion"},{"floor":11,"key":"SpeedPotion"},{"floor":18,"key":"SpeedPotion"},{"floor":28,"key":"Ancient Potion"}],"is_trial":false,"path_per_floor":["M","$","?","M","?","R","M","R","T","R","E","M","R","?","R","B",null,"M","$","?","?","?","R","M","R","T","R","M","R","T","M","R","B"],"character_chosen":"THE_SILENT","items_purchased":["Accuracy","PowerPotion","Flechettes"],"campfire_rested":2,"item_purchase_floors":[19,19,19],"current_hp_per_floor":[59,59,52,52,52,52,51,51,51,51,39,38,38,43,43,4,68,68,68,51,57,29,29,22,52,52,82,76,76,76,73,73,0],"gold":89,"neow_bonus":"TWENTY_PERCENT_HP_BONUS","is_prod":false,"is_daily":false,"chose_seed":false,"campfire_upgraded":8,"win_rate":0,"timestamp":1551117641,"path_taken":["M","$","?","M","?","R","M","R","T","R","E","M","R","?","R","BOSS","M","$","?","?","?","R","M","R","T","R","M","R","?","M","R","BOSS"],"build_version":"2019-01-23","purchased_purges":2,"victory":false,"max_hp_per_floor":[84,84,84,84,84,84,84,84,84,84,84,84,84,89,89,89,89,89,89,94,100,100,100,100,100,100,100,100,100,100,100,100,100],"card_choices":[{"not_picked":["Dagger Throw","Sucker Punch"],"picked":"Skewer","floor":1},{"not_picked":["Outmaneuver","Bane"],"picked":"Blade Dance","floor":4},{"not_picked":["Sucker Punch","Poisoned Stab"],"picked":"Distraction","floor":7},{"not_picked":["Acrobatics","PiercingWail"],"picked":"Sucker Punch","floor":11},{"not_picked":["Dagger Spray","Dodge and Roll"],"picked":"Dash","floor":12},{"not_picked":["Die Die Die","Wraith Form v2"],"picked":"Malaise","floor":16},{"not_picked":[],"picked":"PiercingWail","floor":18},{"not_picked":[],"picked":"Quick Slash","floor":24},{"not_picked":[],"picked":"Crippling Poison","floor":28},{"not_picked":["PiercingWail"],"picked":"SKIP","floor":31},{"not_picked":[],"picked":"PiercingWail","floor":31}],"player_experience":856608,"relics_obtained":[{"floor":9,"key":"Sundial"},{"floor":11,"key":"Turnip"},{"floor":22,"key":"Red Mask"},{"floor":26,"key":"Molten Egg 2"},{"floor":30,"key":"Gremlin Horn"}],"event_choices":[{"damage_healed":0,"gold_gain":0,"player_choice":"Success","damage_taken":7,"relics_obtained":["Torii"],"max_hp_gain":0,"max_hp_loss":0,"event_name":"Scrap Ooze","floor":3,"gold_loss":0},{"damage_healed":0,"gold_gain":0,"player_choice":"Grow","damage_taken":0,"max_hp_gain":0,"max_hp_loss":0,"event_name":"Living Wall","floor":5,"gold_loss":0,"cards_upgraded":["Skewer"]},{"damage_healed":0,"gold_gain":0,"player_choice":"Donut","damage_taken":0,"max_hp_gain":5,"max_hp_loss":0,"event_name":"Big Fish","floor":14,"gold_loss":0},{"damage_healed":0,"gold_gain":0,"player_choice":"Shed Blood","damage_taken":22,"max_hp_gain":5,"max_hp_loss":0,"event_name":"Forgotten Altar","floor":20,"gold_loss":0},{"damage_healed":0,"gold_gain":0,"player_choice":"Stole Relic","damage_taken":0,"relics_obtained":["Darkstone Periapt"],"max_hp_gain":0,"max_hp_loss":0,"event_name":"Addict","floor":21,"gold_loss":0,"cards_obtained":["Shame"]},{"damage_healed":0,"gold_gain":0,"player_choice":"Fought Bandits","damage_taken":0,"max_hp_gain":0,"max_hp_loss":0,"event_name":"Masked Bandits","floor":22,"gold_loss":0}],"is_beta":false,"boss_relics":[{"not_picked":["Velvet Choker","White Beast Statue"],"picked":"Busted Crown"}],"items_purged_floors":[2,19],"is_endless":false,"potions_floor_spawned":[1,7,11,18,28],"killed_by":"Champ","ascension_level":12}