{"gold_per_floor":[113,124,124,199,199,230,230,34,91,141,141,170,170,186,186,186],"floor_reached":16,"playtime":416,"items_purged":[],"score":196,"play_id":"1f62c5fa-24ff-49d1-a680-5f9b23cc491b","local_time":"20190701073437","is_ascension_mode":true,"campfire_choices":[{"data":"Bash","floor":7,"key":"SMITH"},{"floor":11,"key":"REST"},{"floor":15,"key":"REST"}],"neow_cost":"NONE","seed_source_timestamp":1149982649013200,"circlet_count":0,"master_deck":["AscendersBane","Strike_R","Strike_R","Strike_R","Strike_R","Strike_R","Defend_R","Defend_R","Defend_R","Defend_R","Bash+1","Finesse","Metallicize","Whirlwind+1","Heavy Blade","Magnetism","Spot Weakness","Anger"],"relics":["Burning Blood","Juzu Bracelet","Tiny Chest","Bird Faced Urn","Golden Idol"],"potions_floor_usage":[12,14],"damage_taken":[{"damage":5,"enemies":"Jaw Worm","floor":1,"turns":4},{"damage":8,"enemies":"Cultist","floor":2,"turns":5},{"damage":31,"enemies":"Gremlin Nob","floor":6,"turns":5},{"damage":38,"enemies":"Lagavulin","floor":12,"turns":8},{"damage":10,"enemies":"Small Slimes","floor":14,"turns":3},{"damage":36,"enemies":"The Guardian","floor":16,"turns":6}],"seed_played":"-2494250508853506384","potions_obtained":[{"floor":6,"key":"SpeedPotion"},{"floor":12,"key":"GamblersBrew"}],"is_trial":false,"path_per_floor":["M","M","$","?","?","E","R","$","T","?","R","E","?","M","R","B"],"character_chosen":"IRONCLAD","items_purchased":["Magnetism"],"campfire_rested":2,"item_purchase_floors":[8],"current_hp_per_floor":[69,67,67,56,56,31,31,31,31,24,46,14,14,12,32,0],"gold":186,"neow_bonus":"RANDOM_COLORLESS","is_prod":false,"is_daily":false,"chose_seed":false,"campfire_upgraded":1,"win_rate":0,"timestamp":1561959277,"path_taken":["M","M","$","?","?","E","R","?","T","?","R","E","?","M","R","BOSS"],"build_version":"2019-01-23","purchased_purges":0,"victory":false,"max_hp_per_floor":[75,75,75,75,75,75,75,75,75,75,75,75,68,68,68,68],"card_choices":[{"not_picked":["Clothesline","Corruption"],"picked":"Metallicize","floor":1},{"not_picked":["Ghostly Armor","Body Slam"],"picked":"Whirlwind","floor":2},{"not_picked":["Blood for Blood","Pommel Strike"],"picked":"Heavy Blade","floor":6},{"not_picked":["Sever Soul","Cleave"],"picked":"Spot Weakness","floor":12},{"not_picked":["Clash","Cleave"],"picked":"Anger","floor":14}],"player_experience":1530311,"relics_obtained":[{"floor":6,"key":"Juzu Bracelet"},{"floor":9,"key":"Tiny Chest"},{"floor":12,"key":"Bird Faced Urn"}],"event_choices":[{"damage_healed":0,"gold_gain":75,"player_choice":"Gather Gold","damage_taken":11,"max_hp_gain":0,"max_hp_loss":0,"event_name":"World of Goop","floor":4,"gold_loss":0},{"damage_healed":0,"gold_gain":0,"player_choice":"Grow","damage_taken":0,"max_hp_gain":0,"max_hp_loss":0,"event_name":"Living Wall","floor":5,"gold_loss":0,"cards_upgraded":["Whirlwind"]},{"damage_healed":0,"gold_gain":50,"player_choice":"Touch","damage_taken":7,"max_hp_gain":0,"max_hp_loss":0,"event_name":"FaceTrader","floor":10,"gold_loss":0},{"damage_healed":0,"gold_gain":0,"player_choice":"Lose Max HP","damage_taken":0,"relics_obtained":["Golden Idol"],"max_hp_gain":0,"max_hp_loss":7,"event_name":"Golden Idol","floor":13,"gold_loss":0}],"is_beta":false,"boss_relics":[],"items_purged_floors":[],"is_endless":false,"potions_floor_spawned":[6,12],"killed_by":"The Guardian","ascension_level":17}