{"gold_per_floor":[116,191,191,191,207,207,226,239,307,327,327,346,346],"floor_reached":13,"playtime":316,"items_purged":[],"score":123,"play_id":"2f37c0aa-4fce-4280-8e07-572061346c4a","local_time":"20190226160846","is_ascension_mode":true,"campfire_choices":[{"data":"Zap","floor":6,"key":"SMITH"},{"data":"Streamline","floor":11,"key":"SMITH"}],"neow_cost":"NONE","seed_source_timestamp":563486734580900,"circlet_count":0,"master_deck":["AscendersBane","Strike_B+1","Strike_B","Strike_B+1","Defend_B","Defend_B","Defend_B","Defend_B","Zap+1","Dualcast","Redo","Reboot","Ball Lightning","Coolheaded","Streamline+1","Leap","Sweeping Beam"],"relics":["Runic Pyramid","Blue Candle"],"potions_floor_usage":[7,10],"damage_taken":[{"damage":1,"enemies":"Cultist","floor":1,"turns":3},{"damage":2,"enemies":"2 Louse","floor":5,"turns":2},{"damage":0,"enemies":"Jaw Worm","floor":7,"turns":1},{"damage":3,"enemies":"Gremlin Gang","floor":8,"turns":3},{"damage":6,"enemies":"Exordium Wildlife","floor":10,"turns":3},{"damage":18,"enemies":"Lots of Slimes","floor":12,"turns":3},{"damage":17,"enemies":"Lagavulin","floor":13,"turns":4}],"seed_played":"9047944746579838449","potions_obtained":[{"floor":5,"key":"Fire Potion"},{"floor":8,"key":"Weak Potion"}],"is_trial":false,"path_per_floor":["M","?","?","?","M","R","M","M","T","M","R","M","E"],"character_chosen":"DEFECT","items_purchased":[],"campfire_rested":0,"item_purchase_floors":[],"current_hp_per_floor":[67,56,41,41,39,39,39,36,36,30,30,12,0],"gold":346,"neow_bonus":"BOSS_RELIC","is_prod":false,"is_daily":false,"chose_seed":false,"campfire_upgraded":2,"win_rate":0,"timestamp":1551193726,"path_taken":["M","?","?","?","?","R","M","?","T","M","R","M","E"],"build_version":"2019-01-23","purchased_purges":0,"victory":false,"max_hp_per_floor":[75,75,75,75,75,75,75,75,75,75,75,75,75],"card_choices":[{"not_picked":["Rebound","Reprogram"],"picked":"Redo","floor":1},{"not_picked":["Chill","Conserve Battery"],"picked":"Ball Lightning","floor":5},{"not_picked":["Doom and Gloom","Barrage"],"picked":"Coolheaded","floor":7},{"not_picked":["Seek","Stack"],"picked":"Streamline","floor":8},{"not_picked":["Capacitor","Rebound"],"picked":"Leap","floor":10},{"not_picked":["Hologram","Leap"],"picked":"Sweeping Beam","floor":12}],"player_experience":862591,"relics_obtained":[{"floor":9,"key":"Blue Candle"}],"event_choices":[{"damage_healed":0,"gold_gain":75,"player_choice":"Gather Gold","damage_taken":11,"max_hp_gain":0,"max_hp_loss":0,"event_name":"World of Goop","floor":2,"gold_loss":0},{"damage_healed":0,"gold_gain":0,"player_choice":"Entered Light","damage_taken":15,"max_hp_gain":0,"max_hp_loss":0,"event_name":"Shining Light","floor":3,"gold_loss":0,"cards_upgraded":["Strike_B","Strike_B"]},{"damage_healed":0,"gold_gain":0,"cards_transformed":["Strike_B"],"player_choice":"Transformed","damage_taken":0,"max_hp_gain":0,"max_hp_loss":0,"event_name":"Transmorgrifier","floor":4,"gold_loss":0,"cards_obtained":["Reboot"]}],"is_beta":false,"boss_relics":[],"items_purged_floors":[],"is_endless":false,"potions_floor_spawned":[5,8],"killed_by":"Lagavulin","ascension_level":12}