{"gold_per_floor":[115,115,115,115,40,40,40,63,112,135,171,171,211,211],"floor_reached":14,"playtime":272,"items_purged":[],"score":182,"play_id":"72f7c0be-a092-4187-8262-5b82aef297d6","local_time":"20190722190241","is_ascension_mode":true,"campfire_choices":[{"data":"Bash","floor":7,"key":"SMITH"},{"data":"Rampage","floor":12,"key":"SMITH"}],"neow_cost":"NONE","seed_source_timestamp":119833118556400,"circlet_count":0,"master_deck":["AscendersBane","Strike_R","Strike_R+1","Strike_R+1","Strike_R","Strike_R","Defend_R","Defend_R","Defend_R","Defend_R","Bash+1","Flame Barrier","Perfected Strike","Rampage+1","Anger","Second Wind"],"relics":["Burning Blood","NeowsBlessing","Golden Idol","Question Card","Pen Nib","Whetstone","Vajra"],"potions_floor_usage":[11,13],"damage_taken":[{"damage":0,"enemies":"Cultist","floor":1,"turns":1},{"damage":0,"enemies":"2 Louse","floor":8,"turns":1},{"damage":0,"enemies":"Jaw Worm","floor":10,"turns":1},{"damage":43,"enemies":"Lagavulin","floor":11,"turns":6},{"damage":33,"enemies":"3 Sentries","floor":13,"turns":8},{"damage":14,"enemies":"Large Slime","floor":14,"turns":3}],"seed_played":"-5357974293830295870","potions_obtained":[{"floor":1,"key":"EssenceOfSteel"},{"floor":10,"key":"Strength Potion"},{"floor":13,"key":"Ancient Potion"}],"is_trial":false,"path_per_floor":["M","?","?","$","?","$","R","M","T","M","E","R","E","M"],"character_chosen":"IRONCLAD","items_purchased":[],"campfire_rested":0,"item_purchase_floors":[],"current_hp_per_floor":[74,74,69,69,69,69,69,75,75,75,38,38,11,0],"gold":211,"neow_bonus":"THREE_ENEMY_KILL","is_prod":false,"is_daily":false,"chose_seed":false,"campfire_upgraded":2,"win_rate":0,"timestamp":1563814961,"path_taken":["M","?","?","?","?","$","R","M","T","M","E","R","E","?"],"build_version":"2019-07-17","purchased_purges":0,"victory":false,"max_hp_per_floor":[75,75,75,75,75,75,75,75,75,75,75,75,75,75],"card_choices":[{"not_picked":["True Grit","Burning Pact"],"picked":"Flame Barrier","floor":1},{"not_picked":["Power Through","Clash","Clothesline"],"picked":"Perfected Strike","floor":8},{"not_picked":["Second Wind","Dropkick","Corruption"],"picked":"Rampage","floor":10},{"not_picked":["Reckless Charge","Bloodletting","Havoc"],"picked":"Anger","floor":11},{"not_picked":["Entrench","Anger","Iron Wave"],"picked":"Second Wind","floor":13}],"player_experience":1743622,"relics_obtained":[{"floor":9,"key":"Pen Nib"},{"floor":11,"key":"Whetstone"},{"floor":13,"key":"Vajra"}],"event_choices":[{"damage_healed":0,"gold_gain":0,"player_choice":"Take Wound","damage_taken":0,"relics_obtained":["Golden Idol"],"max_hp_gain":0,"max_hp_loss":0,"event_name":"Golden Idol","floor":2,"gold_loss":0,"cards_obtained":["Injury"]},{"damage_healed":0,"gold_gain":0,"player_choice":"Success","damage_taken":5,"relics_obtained":["Question Card"],"max_hp_gain":0,"max_hp_loss":0,"event_name":"Scrap Ooze","floor":3,"gold_loss":0},{"cards_removed":["Injury"],"damage_healed":0,"gold_gain":0,"player_choice":"Card Removal","damage_taken":0,"max_hp_gain":0,"max_hp_loss":0,"event_name":"The Cleric","floor":5,"gold_loss":75}],"is_beta":false,"boss_relics":[],"items_purged_floors":[],"is_endless":false,"potions_floor_spawned":[1,10,13],"killed_by":"Large Slime","ascension_level":18}