{"path_per_floor":["M","?","M","M","M","E","R","E","T","M","R","E","$","M","R","B",null,"M","M","$","M","?","E","R","E","T","R","?","M","$","$","R","B",null,"M","?","?","$","?"],"character_chosen":"THE_SILENT","items_purchased":["Apotheosis","Fire Potion","Bronze Scales","Molten Egg"],"gold_per_floor":[119,119,137,155,173,202,202,231,231,246,246,277,14,29,29,133,133,143,154,4,23,23,54,54,81,160,160,160,172,17,17,17,114,114,133,133,133,58,106],"floor_reached":40,"campfire_rested":2,"playtime":4432,"current_hp_per_floor":[58,51,51,51,51,27,27,16,16,16,52,40,40,39,39,34,70,68,68,68,61,70,63,63,26,26,26,26,26,26,26,62,43,70,70,70,60,60,51],"items_purged":["Writhe"],"gold":106,"play_id":"3a28f933-f55c-4d59-a9d5-35d183d0f5bb","is_prod":false,"is_daily":false,"campfire_rituals":0,"campfire_upgraded":4,"is_hardmode":false,"path_taken":["M","?","M","M","M","E","R","E","T","M","R","E","$","M","R","BOSS","M","M","$","M","?","E","R","E","T","R","?","M","?","$","R","BOSS","M","?","?","$","?","E"],"build_version":"2018-01-18-PROD4","purchased_purges":1,"victory":false,"master_deck":["Defend_G","Defend_G","Strike_G","Strike_G","Strike_G","Strike_G","Survivor","Neutralize","Flying Knee","Backflip","Blade Dance","Quick Slash","Finisher","Endless Agony","Acrobatics","Backstab","Adrenaline","Apotheosis","Tools of the Trade","A Thousand Cuts","Backflip","Caltrops","Prepared","Outmaneuver","Madness","Madness","Outmaneuver"],"max_hp_per_floor":[70,70,70,70,70,70,70,70,70,70,70,70,70,70,70,70,70,70,70,70,70,70,70,70,70,70,70,70,70,70,70,70,70,70,70,70,70,70,70],"relics":["Ring of the Snake","Orichalcum","Dream Catcher","Torii","Regal Pillow","Omamori","Astrolabe","Bronze Scales","Tingsha","Thread and Needle","Bottled Tornado","Molten Egg","Calling Bell","Snake Skull","Pen Nib","Juzu Bracelet","Unceasing Top"],"campfire_meditates":0,"card_choices":[{"not_picked":["Leg Sweep","Dagger Throw"],"picked":"Flying Knee"},{"not_picked":["Deadly Poison","Deflect"],"picked":"Backflip"},{"not_picked":["Flechettes","Outmaneuver"],"picked":"Blade Dance"},{"not_picked":["Prepared","Deadly Poison"],"picked":"Quick Slash"},{"not_picked":["Malaise","Deadly Poison"],"picked":"Finisher"},{"not_picked":["Sucker Punch","Flechettes"],"picked":"Endless Agony"},{"not_picked":["Underhanded Strike","Sucker Punch"],"picked":"Acrobatics"},{"not_picked":["Dodge and Roll","Quick Slash"],"picked":"Backstab"},{"not_picked":["Backflip","Sucker Punch"],"picked":"Adrenaline"},{"not_picked":["Doppelganger","Corpse Explosion"],"picked":"Tools of the Trade"},{"not_picked":["Endless Agony","Backflip"],"picked":"Caltrops"},{"not_picked":["Deadly Poison","Dagger Throw"],"picked":"Prepared"},{"not_picked":["Backstab","Noxious Fumes"],"picked":"Outmaneuver"},{"not_picked":["Poisoned Stab","Leg Sweep"],"picked":"Outmaneuver"}],"player_experience":50083,"potions_floor_usage":[],"damage_taken":[{"damage":12.0,"enemies":"Jaw Worm","floor":1.0,"turns":8.0},{"damage":0.0,"enemies":"2 Louse","floor":3.0,"turns":3.0},{"damage":0.0,"enemies":"Small Slimes","floor":4.0,"turns":3.0},{"damage":0.0,"enemies":"3 Louse","floor":5.0,"turns":5.0},{"damage":24.0,"enemies":"Lagavulin","floor":6.0,"turns":7.0},{"damage":11.0,"enemies":"Gremlin Nob","floor":8.0,"turns":5.0},{"damage":0.0,"enemies":"2 Fungi Beasts","floor":10.0,"turns":2.0},{"damage":12.0,"enemies":"3 Sentries","floor":12.0,"turns":5.0},{"damage":1.0,"enemies":"Gremlin Gang","floor":14.0,"turns":4.0},{"damage":5.0,"enemies":"Hexaghost","floor":16.0,"turns":7.0},{"damage":2.0,"enemies":"Shell Parasite","floor":18.0,"turns":5.0},{"damage":0.0,"enemies":"3 Byrds","floor":19.0,"turns":3.0},{"damage":7.0,"enemies":"3 Cultists","floor":21.0,"turns":4.0},{"damage":7.0,"enemies":"Gremlin Leader","floor":23.0,"turns":5.0},{"damage":37.0,"enemies":"Slavers","floor":25.0,"turns":4.0},{"damage":0.0,"enemies":"Chosen and Byrds","floor":29.0,"turns":3.0},{"damage":19,"enemies":"Automaton","floor":33,"turns":7},{"damage":0,"enemies":"3 Darklings","floor":35,"turns":3},{"damage":9,"enemies":"Mysterious Sphere","floor":39,"turns":4},{"damage":54,"enemies":"Nemesis","floor":40,"turns":6}],"event_choices":[{"event_name":"Golden Wing","player_choice":"Card Removal","floor":2.0,"damage_taken":0.0},{"event_name":"The Library","player_choice":"Heal","floor":22.0,"damage_taken":0.0},{"event_name":"Purifier","player_choice":"One Purge","floor":28.0,"damage_taken":0.0},{"event_name":"Upgrade Shrine","player_choice":"Upgraded","floor":36,"damage_taken":0},{"event_name":"Winding Halls","player_choice":"Embrace Madness","floor":37,"damage_taken":0},{"event_name":"Mysterious Sphere","player_choice":"Fight","floor":39,"damage_taken":0}],"boss_relics":[{"not_picked":["Runic Dome","Question Card"],"picked":"Calling Bell"}],"potions_floor_spawned":[1,4,8,14,18,19,23,35],"seed_played":"-7756188393455053799","killed_by":"Nemesis","is_trial":false}