{"gold_per_floor":[117,42,42,112,124,124,158,176,176,176,207,222,297,132,132,206,206,223,223,254,265,281,281,310,310,383,393,34,34,50,81,81,158,158,170,1169,1181,598,651,662,662,673,673,277,309,309,339,354,354,354,354,354,354,13,13],"floor_reached":55,"playtime":3136,"items_purged":["Strike_B","Normality","Normality"],"score":2071,"play_id":"9390feb6-28d7-40a0-9581-871c94d184c0","local_time":"20190707154221","is_ascension_mode":true,"campfire_choices":[{"data":"Zap","floor":6.0,"key":"SMITH"},{"data":"Defragment","floor":10.0,"key":"SMITH"},{"data":"Defragment","floor":15.0,"key":"SMITH"},{"floor":23.0,"key":"REST"},{"data":"Fission","floor":25.0,"key":"SMITH"},{"data":"Ghostly","floor":32.0,"key":"SMITH"},{"floor":41.0,"key":"REST"},{"data":"Fission","floor":46.0,"key":"SMITH"},{"floor":49.0,"key":"RECALL"},{"data":"Ghostly","floor":53.0,"key":"SMITH"}],"neow_cost":"CURSE","seed_source_timestamp":2059582944883640,"circlet_count":0,"master_deck":["AscendersBane","Strike_B","Strike_B","Strike_B","Defend_B","Defend_B+1","Defend_B","Defend_B+1","Zap+1","Dualcast","Bandage Up","Swift Strike","Doom and Gloom","Cold Snap","Defragment+1","Compile Driver","Ball Lightning","Electrodynamics","Defragment+1","Rainbow","Lockon","Cold Snap","Cold Snap","Fission+1","Cold Snap","Creative AI","Conserve Battery+1","Go for the Eyes+1","Defragment","Coolheaded","Ghostly+1","Ghostly","Ghostly+1","Glacier","Redo+1","Thunder Strike","Barrage","Conserve Battery+1","FTL","Barrage","Capacitor","Fission+1","Redo+1","Fusion+1"],"special_seed":0,"relics":["Cracked Core","Question Card","Potion Belt","War Paint","Blood Vial","Runic Pyramid","Red Mask","Prayer Wheel","Blue Candle","Runic Capacitor","Pear","White Beast Statue","Thread and Needle","Oddly Smooth Stone","Girya","Art of War","Bottled Tornado","Happy Flower","Torii"],"potions_floor_usage":[],"damage_taken":[{"damage":3.0,"enemies":"Small Slimes","floor":1.0,"turns":4.0},{"damage":0.0,"enemies":"2 Louse","floor":5.0,"turns":1.0},{"damage":9.0,"enemies":"Gremlin Nob","floor":7.0,"turns":3.0},{"damage":2.0,"enemies":"Jaw Worm","floor":8.0,"turns":3.0},{"damage":10.0,"enemies":"Lagavulin","floor":11.0,"turns":7.0},{"damage":4.0,"enemies":"2 Fungi Beasts","floor":12.0,"turns":3.0},{"damage":31.0,"enemies":"The Guardian","floor":16.0,"turns":9.0},{"damage":10.0,"enemies":"Spheric Guardian","floor":18.0,"turns":4.0},{"damage":23.0,"enemies":"Masked Bandits","floor":20.0,"turns":3.0},{"damage":10.0,"enemies":"Shell Parasite","floor":21.0,"turns":6.0},{"damage":4.0,"enemies":"Sentry and Sphere","floor":22.0,"turns":5.0},{"damage":29.0,"enemies":"Book of Stabbing","floor":24.0,"turns":6.0},{"damage":11.0,"enemies":"Snecko","floor":27.0,"turns":5.0},{"damage":1.0,"enemies":"Centurion and Healer","floor":30.0,"turns":5.0},{"damage":5.0,"enemies":"Slavers","floor":31.0,"turns":3.0},{"damage":12.0,"enemies":"Automaton","floor":33.0,"turns":14.0},{"damage":0.0,"enemies":"3 Shapes","floor":35.0,"turns":4.0},{"damage":11.0,"enemies":"Orb Walker","floor":37.0,"turns":4.0},{"damage":10.0,"enemies":"2 Orb Walkers","floor":39.0,"turns":4.0},{"damage":7.0,"enemies":"Transient","floor":40.0,"turns":6.0},{"damage":11.0,"enemies":"Spire Growth","floor":42.0,"turns":6.0},{"damage":7.0,"enemies":"Reptomancer","floor":45.0,"turns":9.0},{"damage":0.0,"enemies":"Nemesis","floor":47.0,"turns":9.0},{"damage":0.0,"enemies":"Sphere and 2 Shapes","floor":48.0,"turns":3.0},{"damage":0.0,"enemies":"Donu and Deca","floor":50.0,"turns":15.0},{"damage":22.0,"enemies":"Time Eater","floor":51.0,"turns":15.0},{"damage":50,"enemies":"Shield and Spear","floor":55,"turns":5}],"seed_played":"-7117548830500282980","potions_obtained":[{"floor":5.0,"key":"FearPotion"},{"floor":7.0,"key":"LiquidBronze"},{"floor":16.0,"key":"Poison Potion"},{"floor":18.0,"key":"Weak Potion"},{"floor":20.0,"key":"Block Potion"},{"floor":30.0,"key":"FocusPotion"},{"floor":33.0,"key":"Strength Potion"},{"floor":35.0,"key":"Strength Potion"},{"floor":37.0,"key":"Fire Potion"},{"floor":39.0,"key":"Weak Potion"},{"floor":40.0,"key":"Energy Potion"},{"floor":42.0,"key":"Regen Potion"},{"floor":45.0,"key":"FocusPotion"},{"floor":47.0,"key":"Weak Potion"}],"is_trial":false,"path_per_floor":["M","?","?","?","M","R","E","M","T","R","E","M","?","$","R","B",null,"M","?","?","M","M","R","E","R","T","M","$","?","M","E","R","B",null,"M","?","M","$","?","M","R","M","T","$","E","R","E","M","R","B","B",null,"R","$","E"],"character_chosen":"DEFECT","items_purchased":["Defragment","Defragment","Runic Capacitor","Coolheaded","Thread and Needle","Oddly Smooth Stone","Art of War","SkillPotion","Swift Potion","Torii"],"campfire_rested":2,"item_purchase_floors":[14,28,28,28,38,38,44,44,44,54],"current_hp_per_floor":[65,65,54,54,54,54,49,47,47,47,41,43,32,32,32,7,55,51,51,34,30,32,53,30,30,30,25,25,25,30,41,41,35,43,45,45,35,35,27,26,39,34,34,34,44,44,45,45,45,45,27,41,41,41,0],"gold":13,"neow_bonus":"RANDOM_COLORLESS_2","is_prod":false,"is_daily":false,"chose_seed":false,"campfire_upgraded":7,"win_rate":0,"timestamp":1562506941,"path_taken":["M","?","?","?","?","R","E","M","T","R","E","M","?","$","R","BOSS","M","?","?","M","M","R","E","R","T","M","$","?","?","E","R","BOSS","M","?","M","$","?","M","R","M","T","$","E","R","E","M","R","BOSS","BOSS","R","$","E"],"build_version":"2019-07-05","purchased_purges":3,"victory":false,"max_hp_per_floor":[71,71,71,71,71,71,71,71,71,71,71,71,71,71,71,71,71,71,71,71,71,71,71,71,71,71,71,71,35,35,45,45,45,45,45,45,45,45,45,45,45,45,45,45,45,45,45,45,45,45,45,45,45,45,45],"card_choices":[{"not_picked":["Rebound","Turbo"],"picked":"Doom and Gloom","floor":1.0},{"not_picked":["Stack","Self Repair","Barrage"],"picked":"Cold Snap","floor":5.0},{"not_picked":["Rebound","White Noise","Blizzard"],"picked":"Defragment","floor":7.0},{"not_picked":["Double Energy","Hologram","Sweeping Beam"],"picked":"Compile Driver","floor":8.0},{"not_picked":["Scrape","Rip and Tear","Doom and Gloom"],"picked":"Ball Lightning","floor":11.0},{"not_picked":["Hologram","Capacitor","Barrage"],"picked":"Electrodynamics","floor":12.0},{"not_picked":["Echo Form","Core Surge","Hyperbeam"],"picked":"Rainbow","floor":16.0},{"not_picked":["Fusion","Reprogram","Chaos"],"picked":"Lockon","floor":18.0},{"not_picked":["Self Repair","Steam","Gash"],"picked":"Cold Snap","floor":20.0},{"not_picked":["Gash","Turbo","Rebound"],"picked":"Fission","floor":21.0},{"not_picked":["Sweeping Beam","Rebound","Coolheaded"],"picked":"Cold Snap","floor":22.0},{"not_picked":["Barrage","Leap","Reprogram"],"picked":"Creative AI","floor":24.0},{"not_picked":["Rebound","Tempest","Turbo"],"picked":"Conserve Battery+1","floor":27.0},{"not_picked":["FTL","Chill","Sweeping Beam"],"picked":"Go for the Eyes+1","floor":27.0},{"not_picked":["Leap","Rebound","Go for the Eyes+1"],"picked":"Glacier","floor":30.0},{"not_picked":["Hologram","Compile Driver","Double Energy","Turbo"],"picked":"SKIP","floor":30.0},{"not_picked":["Creative AI","Buffer","Streamline"],"picked":"Redo+1","floor":31.0},{"not_picked":["All For One","Machine Learning","Biased Cognition"],"picked":"Thunder Strike","floor":33.0},{"not_picked":["Redo","Ball Lightning","Steam+1"],"picked":"Barrage","floor":35.0},{"not_picked":["Cold Snap","Redo","Barrage","Steam"],"picked":"SKIP","floor":35.0},{"not_picked":["Scrape","Compile Driver","Force Field"],"picked":"Conserve Battery+1","floor":37.0},{"not_picked":["Skim","Auto Shields+1","Cold Snap","Chill"],"picked":"SKIP","floor":37.0},{"not_picked":["Buffer","Steam","Double Energy"],"picked":"FTL","floor":39.0},{"not_picked":["Steam","Streamline","Tempest"],"picked":"Barrage","floor":40.0},{"not_picked":["Cold Snap","Steam","Sweeping Beam+1","Doom and Gloom"],"picked":"SKIP","floor":40.0},{"not_picked":["Skim","Redo","Go for the Eyes"],"picked":"Capacitor","floor":42.0},{"not_picked":["Gash","Steam","Redo","Leap"],"picked":"SKIP","floor":42.0},{"not_picked":["Gash+1","Amplify","Doom and Gloom"],"picked":"Fission","floor":45.0},{"not_picked":["Double Energy","Coolheaded","Rebound","Hologram"],"picked":"SKIP","floor":47.0},{"not_picked":["Steam+1","Go for the Eyes","Leap"],"picked":"Redo+1","floor":48.0},{"not_picked":["Turbo","Streamline","Heatsinks+1"],"picked":"Fusion+1","floor":48.0}],"player_experience":869632,"relics_obtained":[{"floor":7.0,"key":"Potion Belt"},{"floor":9.0,"key":"War Paint"},{"floor":11.0,"key":"Blood Vial"},{"floor":20.0,"key":"Red Mask"},{"floor":24.0,"key":"Prayer Wheel"},{"floor":26.0,"key":"Blue Candle"},{"floor":31.0,"key":"Pear"},{"floor":39.0,"key":"Girya"},{"floor":45.0,"key":"Bottled Tornado"},{"floor":47.0,"key":"Happy Flower"}],"event_choices":[{"cards_removed":["Decay"],"damage_healed":0.0,"max_hp_gain":0.0,"max_hp_loss":0.0,"gold_gain":0.0,"event_name":"The Cleric","player_choice":"Card Removal","floor":2.0,"gold_loss":75.0,"damage_taken":0.0},{"damage_healed":0.0,"max_hp_gain":0.0,"max_hp_loss":0.0,"gold_gain":0.0,"event_name":"Scrap Ooze","player_choice":"Success","floor":3.0,"gold_loss":0.0,"damage_taken":11.0,"relics_obtained":["Question Card"]},{"damage_healed":0.0,"max_hp_gain":0.0,"max_hp_loss":0.0,"gold_gain":70.0,"event_name":"Golden Wing","player_choice":"Gained Gold","floor":4.0,"gold_loss":0.0,"damage_taken":0.0},{"damage_healed":0.0,"max_hp_gain":0.0,"max_hp_loss":0.0,"gold_gain":75.0,"event_name":"World of Goop","player_choice":"Gather Gold","floor":13.0,"gold_loss":0.0,"damage_taken":11.0},{"damage_healed":0.0,"max_hp_gain":0.0,"max_hp_loss":0.0,"gold_gain":0.0,"event_name":"The Library","player_choice":"Read","floor":19.0,"gold_loss":0.0,"damage_taken":0.0,"cards_obtained":["Cold Snap"]},{"damage_healed":0.0,"max_hp_gain":0.0,"max_hp_loss":0.0,"gold_gain":0.0,"event_name":"Masked Bandits","player_choice":"Fought Bandits","floor":20.0,"gold_loss":0.0,"damage_taken":0.0},{"damage_healed":0.0,"max_hp_gain":0.0,"max_hp_loss":36.0,"gold_gain":0.0,"event_name":"Ghosts","player_choice":"Became a Ghost","floor":29.0,"gold_loss":0.0,"damage_taken":0.0,"cards_obtained":["Ghostly","Ghostly","Ghostly"]},{"damage_healed":0.0,"max_hp_gain":0.0,"max_hp_loss":0.0,"gold_gain":999.0,"event_name":"MindBloom","player_choice":"Gold","floor":36.0,"gold_loss":0.0,"damage_taken":0.0,"cards_obtained":["Normality","Normality"]},{"damage_healed":0.0,"max_hp_gain":0.0,"max_hp_loss":0.0,"gold_gain":0.0,"event_name":"Mysterious Sphere","player_choice":"Fight","floor":39.0,"gold_loss":0.0,"damage_taken":0.0}],"is_beta":false,"boss_relics":[{"not_picked":["Orrery","Eternal Feather"],"picked":"Runic Pyramid"},{"not_picked":["Lizard Tail","Busted Crown"],"picked":"White Beast Statue"}],"items_purged_floors":[14,38,44],"is_endless":false,"potions_floor_spawned":[5,7,16,18,20,30,33,35,37,39,40,42,45,47,48],"killed_by":"Shield and Spear","ascension_level":20}