{"gold_per_floor":[117,117,192,2,20,48,48,82,82,82,137,137,137,151,151,151],"floor_reached":16,"playtime":644,"items_purged":["Strike_B"],"score":212,"play_id":"2220b137-7975-40b5-93bc-e13d505cb4ad","local_time":"20191007202233","is_ascension_mode":true,"campfire_choices":[{"data":"Defragment","floor":7,"key":"SMITH"},{"data":"Biased Cognition","floor":10,"key":"SMITH"},{"floor":12,"key":"REST"},{"data":"Hologram","floor":15,"key":"SMITH"}],"neow_cost":"NONE","seed_source_timestamp":324742635386900,"circlet_count":0,"master_deck":["AscendersBane","Strike_B","Strike_B","Defend_B+1","Defend_B","Defend_B","Defend_B","Zap","Dualcast+1","Sweeping Beam","Chill","Defragment+1","Blizzard","Hologram+1","Biased Cognition+1","Genetic Algorithm","Coolheaded"],"relics":["Cracked Core","War Paint","Calipers","Emotion Chip","FossilizedHelix","Omamori"],"potions_floor_usage":[6,11,16],"damage_taken":[{"damage":0,"enemies":"Jaw Worm","floor":1,"turns":3},{"damage":0,"enemies":"2 Louse","floor":5,"turns":4},{"damage":11,"enemies":"Gremlin Nob","floor":6,"turns":3},{"damage":8,"enemies":"3 Sentries","floor":8,"turns":7},{"damage":26,"enemies":"Gremlin Nob","floor":11,"turns":4},{"damage":0,"enemies":"Cultist","floor":14,"turns":3},{"damage":75,"enemies":"Hexaghost","floor":16,"turns":14}],"seed_played":"-1136248219602235814","potions_obtained":[{"floor":5,"key":"FearPotion"},{"floor":8,"key":"GamblersBrew"},{"floor":14,"key":"Dexterity Potion"}],"is_trial":false,"path_per_floor":["M","?","?","$","M","E","R","E","T","R","?","R","?","M","R","B"],"character_chosen":"DEFECT","items_purchased":["Defragment","Blizzard"],"campfire_rested":1,"item_purchase_floors":[4,4],"current_hp_per_floor":[64,64,53,53,53,42,42,34,34,34,8,29,71,71,71,0],"gold":151,"neow_bonus":"RANDOM_COMMON_RELIC","is_prod":false,"is_daily":false,"chose_seed":false,"campfire_upgraded":3,"win_rate":0,"timestamp":1570476153,"path_taken":["M","?","?","$","M","E","R","E","T","R","?","R","?","M","R","BOSS"],"build_version":"2019-07-17","purchased_purges":1,"victory":false,"max_hp_per_floor":[71,71,71,71,71,71,71,71,71,71,71,71,71,71,71,71],"card_choices":[{"not_picked":["Beam Cell","Self Repair"],"picked":"Sweeping Beam","floor":1},{"not_picked":["Rebound","Compile Driver","Lockon"],"picked":"SKIP","floor":5},{"not_picked":["Steam","Sunder"],"picked":"Hologram","floor":6},{"not_picked":["Leap","Gash"],"picked":"Biased Cognition","floor":8},{"not_picked":["Darkness","Gash"],"picked":"Genetic Algorithm","floor":11},{"not_picked":["Rip and Tear","Redo"],"picked":"Coolheaded","floor":14}],"player_experience":1215339,"relics_obtained":[{"floor":6,"key":"Calipers"},{"floor":8,"key":"Emotion Chip"},{"floor":9,"key":"FossilizedHelix"}],"event_choices":[{"damage_healed":0,"gold_gain":0,"cards_transformed":["Strike_B"],"player_choice":"Change","damage_taken":0,"max_hp_gain":0,"max_hp_loss":0,"event_name":"Living Wall","floor":2,"gold_loss":0,"cards_obtained":["Chill"]},{"damage_healed":0,"gold_gain":75,"player_choice":"Gather Gold","damage_taken":11,"max_hp_gain":0,"max_hp_loss":0,"event_name":"World of Goop","floor":3,"gold_loss":0},{"damage_healed":0,"gold_gain":0,"player_choice":"Searched \u00273\u0027 times","damage_taken":0,"relics_obtained":["Omamori"],"max_hp_gain":0,"max_hp_loss":0,"event_name":"Dead Adventurer","floor":11,"gold_loss":0},{"damage_healed":42,"gold_gain":0,"player_choice":"Full Heal","damage_taken":0,"max_hp_gain":0,"max_hp_loss":0,"event_name":"Wheel of Change","floor":13,"gold_loss":0}],"is_beta":false,"boss_relics":[],"items_purged_floors":[4],"is_endless":false,"potions_floor_spawned":[5,8,14],"killed_by":"Hexaghost","ascension_level":20}