{"gold_per_floor":[114,114,46,57,73,99,99,125,137,149,161,98,122,151,163,246,258,289,301,313,325],"floor_reached":21,"playtime":797,"items_purged":[],"score":355,"play_id":"37cec633-bfd7-455c-a621-5d4262924ad0","local_time":"20190722031248","is_ascension_mode":true,"campfire_choices":[{"data":"Inflame","floor":7,"key":"SMITH"},{"data":"Armaments","floor":11,"key":"SMITH"},{"data":"Juggernaut","floor":15,"key":"SMITH"}],"neow_cost":"NONE","seed_source_timestamp":62311517759600,"circlet_count":0,"master_deck":["AscendersBane","Strike_R","Strike_R","Strike_R","Strike_R","Defend_R","Defend_R","Defend_R","Defend_R","Bash","Juggernaut+1","Dual Wield","True Grit","Iron Wave","Inflame+1","Armaments+1","Ghostly Armor","Double Tap","Heavy Blade","Thunderclap","Bludgeon","Perfected Strike+1","Heavy Blade","Shame"],"relics":["Burning Blood","Thread and Needle","Prayer Wheel","MawBank","Turnip","Runic Pyramid","Ginger"],"potions_floor_usage":[6,6,16,18,21],"damage_taken":[{"damage":14,"enemies":"Jaw Worm","floor":1,"turns":4},{"damage":2,"enemies":"Cultist","floor":4,"turns":4},{"damage":1,"enemies":"Small Slimes","floor":5,"turns":4},{"damage":22,"enemies":"Lagavulin","floor":6,"turns":7},{"damage":17,"enemies":"Gremlin Nob","floor":8,"turns":4},{"damage":4,"enemies":"Exordium Wildlife","floor":13,"turns":3},{"damage":13,"enemies":"2 Fungi Beasts","floor":14,"turns":5},{"damage":20,"enemies":"The Guardian","floor":16,"turns":10},{"damage":8,"enemies":"Shell Parasite","floor":18,"turns":6},{"damage":70,"enemies":"3 Byrds","floor":21,"turns":7}],"seed_played":"-4213661493263019398","potions_obtained":[{"floor":1,"key":"LiquidBronze"},{"floor":5,"key":"Regen Potion"},{"floor":14,"key":"Weak Potion"},{"floor":16,"key":"Weak Potion"},{"floor":18,"key":"BloodPotion"}],"is_trial":false,"path_per_floor":["M","$","?","M","M","E","R","E","T","$","R","?","M","M","R","B",null,"M","?","?","M"],"character_chosen":"IRONCLAD","items_purchased":[],"campfire_rested":0,"item_purchase_floors":[],"current_hp_per_floor":[60,60,60,64,69,67,67,56,56,56,56,56,58,51,51,37,66,64,43,43,0],"gold":325,"neow_bonus":"ONE_RANDOM_RARE_CARD","is_prod":false,"is_daily":false,"chose_seed":false,"campfire_upgraded":3,"win_rate":0,"timestamp":1563757968,"path_taken":["M","$","?","?","M","E","R","E","T","$","R","?","M","M","R","BOSS","M","?","?","M"],"build_version":"2019-07-17","purchased_purges":0,"victory":false,"max_hp_per_floor":[75,75,75,75,75,75,75,75,75,75,75,75,75,75,75,75,75,75,80,80,80],"card_choices":[{"not_picked":["Twin Strike","Heavy Blade"],"picked":"Dual Wield","floor":1},{"not_picked":["Carnage","Blood for Blood"],"picked":"True Grit","floor":4},{"not_picked":["Heavy Blade","Wild Strike"],"picked":"Iron Wave","floor":5},{"not_picked":["Reckless Charge","Carnage"],"picked":"Inflame","floor":6},{"not_picked":["Fire Breathing","Sentinel"],"picked":"Armaments","floor":8},{"not_picked":["Warcry","Armaments"],"picked":"Ghostly Armor","floor":13},{"not_picked":["Anger","Infernal Blade"],"picked":"Double Tap","floor":13},{"not_picked":["Reckless Charge","Pummel"],"picked":"Heavy Blade","floor":14},{"not_picked":["Dropkick","Twin Strike"],"picked":"Thunderclap","floor":14},{"not_picked":["Berserk","Immolate"],"picked":"Bludgeon","floor":16},{"not_picked":["Thunderclap","Sentinel"],"picked":"Perfected Strike+1","floor":18},{"not_picked":["Reckless Charge","Fire Breathing"],"picked":"Heavy Blade","floor":18}],"player_experience":1728356,"relics_obtained":[{"floor":6,"key":"Prayer Wheel"},{"floor":8,"key":"MawBank"},{"floor":9,"key":"Turnip"}],"event_choices":[{"damage_healed":0,"gold_gain":0,"player_choice":"Paid Gold","damage_taken":0,"relics_obtained":["Thread and Needle"],"max_hp_gain":0,"max_hp_loss":0,"event_name":"WeMeetAgain","floor":3,"gold_loss":68},{"cards_removed":["Strike_R"],"damage_healed":0,"gold_gain":0,"player_choice":"Card Removal","damage_taken":0,"max_hp_gain":0,"max_hp_loss":0,"event_name":"The Cleric","floor":12,"gold_loss":75},{"damage_healed":0,"gold_gain":0,"player_choice":"Shed Blood","damage_taken":26,"max_hp_gain":5,"max_hp_loss":0,"event_name":"Forgotten Altar","floor":19,"gold_loss":0},{"damage_healed":0,"gold_gain":0,"player_choice":"Stole Relic","damage_taken":0,"relics_obtained":["Ginger"],"max_hp_gain":0,"max_hp_loss":0,"event_name":"Addict","floor":20,"gold_loss":0,"cards_obtained":["Shame"]}],"is_beta":false,"boss_relics":[{"not_picked":["Coffee Dripper","Tiny House"],"picked":"Runic Pyramid"}],"items_purged_floors":[],"is_endless":false,"potions_floor_spawned":[1,5,14,16,18],"killed_by":"3 Byrds","ascension_level":18}