{"gold_per_floor":[109,125,50,70,84,84,84,84,84,96,96,113,113,138,138,138],"floor_reached":16,"playtime":619,"items_purged":[],"score":165,"play_id":"8a0211bb-abd3-443c-87d1-4affa4f1fc79","local_time":"20190510043434","is_ascension_mode":true,"campfire_choices":[{"data":"Bash","floor":6,"key":"SMITH"},{"data":"True Grit","floor":8,"key":"SMITH"},{"data":"Feel No Pain","floor":11,"key":"SMITH"},{"floor":15,"key":"REST"}],"neow_cost":"PERCENT_DAMAGE","seed_source_timestamp":0,"circlet_count":0,"master_deck":["AscendersBane","Strike_R","Strike_R","Strike_R","Defend_R","Defend_R","Defend_R","Defend_R","Bash+1","Feel No Pain+1","Ghostly Armor","True Grit+1","Body Slam","Iron Wave","Rage","Injury","Pommel Strike"],"special_seed":0,"relics":["Burning Blood","Blue Candle","Golden Idol"],"potions_floor_usage":[],"damage_taken":[{"damage":20.0,"enemies":"Jaw Worm","floor":1.0,"turns":6.0},{"damage":7.0,"enemies":"2 Louse","floor":2.0,"turns":4.0},{"damage":21.0,"enemies":"Cultist","floor":4.0,"turns":7.0},{"damage":11,"enemies":"Large Slime","floor":5,"turns":10},{"damage":1,"enemies":"2 Fungi Beasts","floor":10,"turns":4},{"damage":16,"enemies":"Exordium Thugs","floor":12,"turns":7},{"damage":14,"enemies":"3 Louse","floor":14,"turns":6},{"damage":22,"enemies":"The Guardian","floor":16,"turns":3}],"seed_played":"1079890335947014267","potions_obtained":[{"floor":10,"key":"EssenceOfSteel"},{"floor":12,"key":"Ancient Potion"}],"is_trial":false,"path_per_floor":["M","M","?","M","M","R","?","R","T","M","R","M","?","M","R","B"],"character_chosen":"IRONCLAD","items_purchased":[],"campfire_rested":1,"item_purchase_floors":[],"current_hp_per_floor":[50,49,49,34,29,29,29,29,29,34,34,24,24,16,42,20],"gold":138,"neow_bonus":"TWENTY_PERCENT_HP_BONUS","is_prod":false,"is_daily":false,"chose_seed":false,"campfire_upgraded":3,"win_rate":0,"timestamp":1557455674,"path_taken":["M","M","?","M","M","R","?","R","T","?","R","M","?","M","R","BOSS"],"build_version":"2019-01-23","purchased_purges":0,"victory":false,"max_hp_per_floor":[89,89,89,89,89,89,89,89,89,89,89,89,89,89,89,89],"card_choices":[{"not_picked":["Thunderclap","Perfected Strike"],"picked":"Feel No Pain","floor":1.0},{"not_picked":["Rupture","Sever Soul"],"picked":"Ghostly Armor","floor":2.0},{"not_picked":["Thunderclap","Clash"],"picked":"True Grit","floor":4.0},{"not_picked":["True Grit","Demon Form"],"picked":"Body Slam","floor":5},{"not_picked":["Clothesline","Warcry","Thunderclap"],"picked":"SKIP","floor":10},{"not_picked":["Warcry","Body Slam"],"picked":"Rage","floor":12},{"not_picked":["Wild Strike","Dual Wield"],"picked":"Pommel Strike","floor":14}],"player_experience":1072654,"relics_obtained":[{"floor":9,"key":"Blue Candle"}],"event_choices":[{"cards_removed":["Strike_R"],"damage_healed":0.0,"max_hp_gain":0.0,"max_hp_loss":0.0,"gold_gain":0.0,"event_name":"The Cleric","player_choice":"Card Removal","floor":3.0,"gold_loss":75.0,"damage_taken":0.0},{"damage_healed":0,"gold_gain":0,"cards_transformed":["Strike_R"],"player_choice":"Transformed","damage_taken":0,"max_hp_gain":0,"max_hp_loss":0,"event_name":"Transmorgrifier","floor":7,"gold_loss":0,"cards_obtained":["Iron Wave"]},{"damage_healed":0,"gold_gain":0,"player_choice":"Take Wound","damage_taken":0,"relics_obtained":["Golden Idol"],"max_hp_gain":0,"max_hp_loss":0,"event_name":"Golden Idol","floor":13,"gold_loss":0,"cards_obtained":["Injury"]}],"is_beta":false,"boss_relics":[],"items_purged_floors":[],"is_endless":false,"potions_floor_spawned":[10,12],"killed_by":"The Guardian","ascension_level":15}