{"gold_per_floor":[118,130,59,76,23,51,80,114,114,114,142,154,167,183,183,284,284,296,311,83,97,112,138,171,183,183,200,235,249,279,84,84,179,179,194,214,230,87,107,169,195,215,215,242,38,53,66,79,79,79],"floor_reached":51,"playtime":2146,"items_purged":["Strike_R","Strike_R"],"score":1132,"play_id":"f0341943-9c0a-4581-aa03-ce7b3f25fff3","local_time":"20190611174655","daily_mods":["Vintage","Heirloom","Flight"],"is_ascension_mode":false,"campfire_choices":[{"data":"Armaments","floor":10,"key":"SMITH"},{"data":"1","floor":15,"key":"LIFT"},{"data":"2","floor":32,"key":"LIFT"},{"data":"3","floor":49,"key":"LIFT"}],"neow_cost":"","seed_source_timestamp":220638492188006,"circlet_count":0,"master_deck":["Strike_R","Strike_R","Strike_R","Defend_R+1","Defend_R","Defend_R","Defend_R+1","Bash","Armaments+1","Shrug It Off","Pommel Strike+1","Immolate+1","Rampage+1","Demon Form","Thunderclap+1","Mayhem+1","Immolate+1","Pommel Strike+1"],"relics":["Burning Blood","Thread and Needle","Molten Egg 2","FossilizedHelix","Kunai","PreservedInsect","Boot","Pear","Mummified Hand","Ornamental Fan","Bag of Marbles","Girya","Red Skull","Philosopher\u0027s Stone","War Paint","StoneCalendar","Bag of Preparation","Orichalcum","Meat on the Bone","Frozen Egg 2","Self Forming Clay","Blood Vial","Singing Bowl","Question Card","Potion Belt","Dodecahedron","Blue Candle","Runic Cube","Bottled Lightning","Strawberry","Vajra","Lantern","Paper Frog","Tiny Chest","Mercury Hourglass","Sundial","The Courier","Nunchaku","Pen Nib","Anchor","Pocketwatch","Ancient Tea Set"],"potions_floor_usage":[6,18,30,30,50],"damage_taken":[{"damage":8,"enemies":"Cultist","floor":1,"turns":4},{"damage":6,"enemies":"Small Slimes","floor":2,"turns":4},{"damage":0,"enemies":"Jaw Worm","floor":4,"turns":5},{"damage":5,"enemies":"3 Sentries","floor":6,"turns":10},{"damage":0,"enemies":"Gremlin Nob","floor":7,"turns":4},{"damage":0,"enemies":"3 Sentries","floor":8,"turns":3},{"damage":0,"enemies":"Gremlin Nob","floor":11,"turns":3},{"damage":0,"enemies":"3 Louse","floor":12,"turns":1},{"damage":8,"enemies":"Lots of Slimes","floor":13,"turns":3},{"damage":0,"enemies":"Exordium Thugs","floor":14,"turns":3},{"damage":10,"enemies":"Slime Boss","floor":16,"turns":8},{"damage":0,"enemies":"Spheric Guardian","floor":18,"turns":3},{"damage":0,"enemies":"2 Thieves","floor":19,"turns":3},{"damage":0,"enemies":"Snake Plant","floor":21,"turns":3},{"damage":0,"enemies":"Cultist and Chosen","floor":22,"turns":4},{"damage":0,"enemies":"Book of Stabbing","floor":23,"turns":4},{"damage":7,"enemies":"Gremlin Leader","floor":24,"turns":3},{"damage":0,"enemies":"Snecko","floor":25,"turns":3},{"damage":0,"enemies":"Chosen and Byrds","floor":27,"turns":3},{"damage":4,"enemies":"Book of Stabbing","floor":28,"turns":4},{"damage":0,"enemies":"Sentry and Sphere","floor":29,"turns":3},{"damage":0,"enemies":"Slavers","floor":30,"turns":2},{"damage":19,"enemies":"Collector","floor":33,"turns":5},{"damage":0,"enemies":"3 Darklings","floor":35,"turns":2},{"damage":0,"enemies":"3 Shapes","floor":36,"turns":1},{"damage":0,"enemies":"Jaw Worm Horde","floor":37,"turns":1},{"damage":0,"enemies":"Transient","floor":39,"turns":5},{"damage":0,"enemies":"Reptomancer","floor":40,"turns":1},{"damage":0,"enemies":"Giant Head","floor":41,"turns":5},{"damage":0,"enemies":"3 Darklings","floor":42,"turns":1},{"damage":0,"enemies":"Nemesis","floor":44,"turns":3},{"damage":0,"enemies":"Spire Growth","floor":46,"turns":2},{"damage":0,"enemies":"4 Shapes","floor":47,"turns":1},{"damage":0,"enemies":"Maw","floor":48,"turns":3},{"damage":56,"enemies":"Awakened One","floor":50,"turns":7}],"seed_played":"680048449669102489","potions_obtained":[{"floor":2,"key":"PowerPotion"},{"floor":7,"key":"BloodPotion"},{"floor":12,"key":"Fire Potion"},{"floor":13,"key":"BloodPotion"},{"floor":18,"key":"SkillPotion"},{"floor":21,"key":"Energy Potion"},{"floor":28,"key":"PowerPotion"},{"floor":30,"key":"FearPotion"},{"floor":33,"key":"SteroidPotion"},{"floor":36,"key":"SmokeBomb"},{"floor":39,"key":"GamblersBrew"}],"is_trial":true,"path_per_floor":["M","M","$","M","$","E","E","E","T","R","E","M","M","M","R","B",null,"M","M","$","M","M","E","E","M","T","M","E","M","E","$","R","B",null,"M","M","M","$","M","E","E","M","T","E","$","M","M","M","R","B",null],"character_chosen":"IRONCLAD","items_purchased":["Armaments","Shrug It Off","Pommel Strike+1","Bag of Preparation","Mayhem+1","Lantern","Pen Nib"],"campfire_rested":0,"item_purchase_floors":[3,3,5,20,31,38,45],"current_hp_per_floor":[78,78,78,80,80,80,80,90,90,90,90,90,88,90,90,86,90,90,90,90,90,90,90,89,90,90,90,92,92,94,94,94,81,94,94,101,101,101,101,101,103,103,103,105,105,105,105,105,105,67],"gold":79,"neow_bonus":"","is_prod":false,"is_daily":false,"chose_seed":false,"campfire_upgraded":1,"win_rate":0,"timestamp":1560289615,"path_taken":["M","M","$","M","$","E","E","E","T","R","E","M","M","M","R","BOSS","M","M","$","M","M","E","E","M","T","M","E","M","E","$","R","BOSS","M","M","M","$","M","E","E","M","T","E","$","M","M","M","R","BOSS"],"build_version":"2019-01-23","purchased_purges":2,"victory":true,"max_hp_per_floor":[80,80,80,80,80,80,80,90,90,90,90,90,90,90,90,90,90,90,90,90,90,90,90,90,90,90,90,92,92,94,94,94,94,94,94,101,101,101,101,101,103,103,103,105,105,105,105,105,105,105],"card_choices":[{"not_picked":["Warcry","Pommel Strike+1"],"picked":"Immolate+1","floor":6},{"not_picked":["Thunderclap+1","Infernal Blade"],"picked":"Rampage+1","floor":7},{"not_picked":["Fiend Fire+1","Bloodletting","Warcry"],"picked":"SKIP","floor":8},{"not_picked":["Cleave+1","Perfected Strike+1","Clash+1"],"picked":"SKIP","floor":11},{"not_picked":["Double Tap","Bludgeon+1"],"picked":"Demon Form","floor":16},{"not_picked":["Havoc+1","Pummel+1"],"picked":"Thunderclap+1","floor":23},{"not_picked":["Entrench","Second Wind","Evolve+1"],"picked":"SKIP","floor":24},{"not_picked":["Shrug It Off+1","Evolve+1","True Grit","Thunderclap+1"],"picked":"Singing Bowl","floor":28},{"not_picked":["Clash+1","Dropkick+1","Armaments+1","Wild Strike+1"],"picked":"Singing Bowl","floor":30},{"not_picked":["Barricade+1","Fiend Fire+1","Double Tap"],"picked":"Immolate+1","floor":33},{"not_picked":["Shrug It Off+1","Wild Strike+1","Reckless Charge+1"],"picked":"Pommel Strike+1","floor":40},{"not_picked":["Burning Pact","Uppercut+1","Thunderclap+1","Perfected Strike+1"],"picked":"Singing Bowl","floor":41},{"not_picked":["Warcry","Reckless Charge+1","Armaments+1","Heavy Blade+1"],"picked":"Singing Bowl","floor":44}],"player_experience":210214,"relics_obtained":[{"floor":1,"key":"Molten Egg 2"},{"floor":2,"key":"FossilizedHelix"},{"floor":4,"key":"Kunai"},{"floor":6,"key":"PreservedInsect"},{"floor":7,"key":"Boot"},{"floor":8,"key":"Pear"},{"floor":9,"key":"Mummified Hand"},{"floor":11,"key":"Ornamental Fan"},{"floor":12,"key":"Bag of Marbles"},{"floor":13,"key":"Girya"},{"floor":14,"key":"Red Skull"},{"floor":18,"key":"War Paint"},{"floor":19,"key":"StoneCalendar"},{"floor":21,"key":"Orichalcum"},{"floor":22,"key":"Meat on the Bone"},{"floor":23,"key":"Frozen Egg 2"},{"floor":24,"key":"Self Forming Clay"},{"floor":25,"key":"Blood Vial"},{"floor":26,"key":"Singing Bowl"},{"floor":27,"key":"Question Card"},{"floor":28,"key":"Potion Belt"},{"floor":29,"key":"Dodecahedron"},{"floor":30,"key":"Blue Candle"},{"floor":35,"key":"Bottled Lightning"},{"floor":36,"key":"Strawberry"},{"floor":37,"key":"Vajra"},{"floor":39,"key":"Paper Frog"},{"floor":40,"key":"Tiny Chest"},{"floor":41,"key":"Mercury Hourglass"},{"floor":42,"key":"Sundial"},{"floor":43,"key":"The Courier"},{"floor":44,"key":"Nunchaku"},{"floor":46,"key":"Anchor"},{"floor":47,"key":"Pocketwatch"},{"floor":48,"key":"Ancient Tea Set"}],"event_choices":[],"is_beta":false,"boss_relics":[{"not_picked":["Tiny House","Lizard Tail"],"picked":"Philosopher\u0027s Stone"},{"not_picked":["Empty Cage","Orrery"],"picked":"Runic Cube"}],"items_purged_floors":[20,45],"is_endless":false,"potions_floor_spawned":[2,7,12,13,16,18,21,25,28,30,33,36,39,40,42,44],"ascension_level":0}