{"gold_per_floor":[361,361,286,297,317,317,343,91,91,91,41,53,72,91,91,188,188,202,202,212,212,212,212,231,265,265,265,298,298,173,173,173,273,273,289,389,389,443,96,96,124,137,163,124,124,134,151,166,166,166,166,166,12,40,40],"floor_reached":55,"playtime":2644,"items_purged":["Strike_R","Strike_R","Defend_R","Defend_R"],"score":1183,"play_id":"b6b6fde2-45d9-431b-9605-db3cdf23be50","local_time":"20190924001518","is_ascension_mode":true,"campfire_choices":[{"data":"Bash","floor":6.0,"key":"SMITH"},{"floor":10.0,"key":"REST"},{"data":"Shrug It Off","floor":15.0,"key":"SMITH"},{"data":"Shrug It Off","floor":23.0,"key":"SMITH"},{"floor":27.0,"key":"REST"},{"data":"Inflame","floor":29.0,"key":"SMITH"},{"data":"Shrug It Off","floor":32.0,"key":"SMITH"},{"floor":40.0,"key":"DIG"},{"data":"Evolve","floor":45.0,"key":"SMITH"},{"floor":49.0,"key":"RECALL"},{"floor":52.0,"key":"DIG"}],"neow_cost":"PERCENT_DAMAGE","seed_source_timestamp":623027097632703,"circlet_count":0,"master_deck":["AscendersBane","Defend_R","Defend_R","Bash+1","Whirlwind+1","Pommel Strike+1","Shrug It Off+1","Limit Break+1","Shrug It Off+1","Shrug It Off+1","Inflame+1","Offering","Shrug It Off","Reaper+1","Warcry+1","True Grit+1","Evolve+1","Warcry+1"],"special_seed":0,"relics":["Burning Blood","Molten Egg 2","Bottled Lightning","Sozu","Ancient Tea Set","Dream Catcher","Bronze Scales","Blood Vial","Calling Bell","Pen Nib","Mercury Hourglass","Shovel","Mango","Champion Belt","PreservedInsect","Prayer Wheel","Bottled Flame","Strawberry","Self Forming Clay"],"potions_floor_usage":[55],"damage_taken":[{"damage":15.0,"enemies":"Small Slimes","floor":1.0,"turns":5.0},{"damage":1.0,"enemies":"Cultist","floor":4.0,"turns":3.0},{"damage":3.0,"enemies":"Jaw Worm","floor":5.0,"turns":4.0},{"damage":45.0,"enemies":"3 Sentries","floor":7.0,"turns":9.0},{"damage":0.0,"enemies":"3 Louse","floor":12.0,"turns":1.0},{"damage":8.0,"enemies":"Lots of Slimes","floor":13.0,"turns":2.0},{"damage":3.0,"enemies":"Blue Slaver","floor":14.0,"turns":5.0},{"damage":19.0,"enemies":"The Guardian","floor":16.0,"turns":16.0},{"damage":1.0,"enemies":"Chosen","floor":18.0,"turns":4.0},{"damage":22.0,"enemies":"Spheric Guardian","floor":20.0,"turns":7.0},{"damage":0.0,"enemies":"Shelled Parasite and Fungi","floor":24.0,"turns":11.0},{"damage":29.0,"enemies":"Gremlin Leader","floor":25.0,"turns":7.0},{"damage":12.0,"enemies":"Book of Stabbing","floor":28.0,"turns":7.0},{"damage":4.0,"enemies":"Champ","floor":33.0,"turns":8.0},{"damage":0.0,"enemies":"Orb Walker","floor":35.0,"turns":3.0},{"damage":6.0,"enemies":"Mind Bloom Boss Battle","floor":36.0,"turns":4.0},{"damage":6.0,"enemies":"2 Orb Walkers","floor":38.0,"turns":2.0},{"damage":24.0,"enemies":"Nemesis","floor":41.0,"turns":3.0},{"damage":32.0,"enemies":"3 Darklings","floor":42.0,"turns":4.0},{"damage":6.0,"enemies":"Jaw Worm Horde","floor":46.0,"turns":4.0},{"damage":35.0,"enemies":"Sphere and 2 Shapes","floor":47.0,"turns":5.0},{"damage":13.0,"enemies":"4 Shapes","floor":48.0,"turns":5.0},{"damage":42.0,"enemies":"Donu and Deca","floor":50.0,"turns":7.0},{"damage":66,"enemies":"Shield and Spear","floor":54,"turns":4},{"damage":82,"enemies":"The Heart","floor":55,"turns":3}],"seed_played":"4970072885630236636","potions_obtained":[{"floor":4.0,"key":"Poison Potion"},{"floor":7.0,"key":"Ancient Potion"},{"floor":13.0,"key":"Dexterity Potion"},{"floor":14.0,"key":"EssenceOfSteel"}],"is_trial":false,"path_per_floor":["M","?","$","M","M","R","E","$","T","R","?","M","M","M","R","B",null,"M","?","M","?","?","R","M","E","T","R","E","R","$","?","R","B",null,"M","?","?","?","$","R","E","M","T","$","R","M","M","M","R","B",null,"R","$","E","B"],"character_chosen":"IRONCLAD","items_purchased":["Whirlwind+1","Pommel Strike+1","Shrug It Off","Shrug It Off","Reaper+1","Evolve","Strawberry"],"campfire_rested":2,"item_purchase_floors":[8,8,8,39,39,44,53],"current_hp_per_floor":[42,42,42,47,50,50,11,11,11,35,35,41,39,42,42,29,67,72,72,56,56,56,56,62,39,39,63,57,57,57,57,57,61,75,80,94,94,94,94,94,76,67,67,67,67,94,92,94,94,94,94,94,101,68,0],"gold":40,"neow_bonus":"TWO_FIFTY_GOLD","is_prod":false,"is_daily":false,"chose_seed":false,"campfire_upgraded":6,"win_rate":0,"timestamp":1569309318,"path_taken":["M","?","?","M","M","R","E","$","T","R","?","M","M","M","R","BOSS","M","?","?","?","?","R","?","E","T","R","E","R","$","?","R","BOSS","M","?","?","?","?","R","E","M","T","$","R","M","M","M","R","BOSS","R","$","E","BOSS"],"build_version":"2019-07-17","purchased_purges":4,"victory":false,"max_hp_per_floor":[80,80,80,80,80,80,80,80,80,80,80,80,80,80,80,80,80,80,80,80,80,80,80,80,80,80,80,80,80,80,80,80,80,80,80,94,94,94,94,94,94,94,94,94,94,94,94,94,94,94,94,94,101,101,101],"card_choices":[{"not_picked":["Iron Wave","Sword Boomerang"],"picked":"Cleave","floor":1.0},{"not_picked":["Flex","Clothesline","Havoc"],"picked":"SKIP","floor":4.0},{"not_picked":["Fire Breathing","Flex","Havoc"],"picked":"SKIP","floor":5.0},{"not_picked":["Cleave","Berserk","Searing Blow"],"picked":"SKIP","floor":7.0},{"not_picked":["Carnage+1","Cleave+1","Fire Breathing"],"picked":"SKIP","floor":12.0},{"not_picked":["Feel No Pain","Iron Wave+1","Wild Strike+1"],"picked":"SKIP","floor":13.0},{"not_picked":["Anger+1","Rupture","Sentinel"],"picked":"SKIP","floor":14.0},{"not_picked":["Double Tap","Juggernaut"],"picked":"Limit Break","floor":16.0},{"not_picked":["Thunderclap+1","Clash+1"],"picked":"Shrug It Off","floor":18.0},{"not_picked":["Twin Strike+1","Flex"],"picked":"Shrug It Off","floor":20.0},{"not_picked":["Bloodletting","Corruption"],"picked":"Inflame","floor":24.0},{"not_picked":["Heavy Blade+1","Twin Strike+1","Sword Boomerang+1"],"picked":"SKIP","floor":25.0},{"not_picked":["Infernal Blade+1","Intimidate+1","Juggernaut"],"picked":"SKIP","floor":28.0},{"not_picked":["Feed+1","Dark Embrace"],"picked":"Offering","floor":33.0},{"not_picked":["Rampage+1","Sword Boomerang+1","Havoc"],"picked":"SKIP","floor":35.0},{"not_picked":["Dropkick+1","Power Through","Heavy Blade+1"],"picked":"SKIP","floor":41.0},{"not_picked":["Reckless Charge+1","Flex+1"],"picked":"Warcry+1","floor":42.0},{"not_picked":["Headbutt+1","Infernal Blade"],"picked":"True Grit+1","floor":42.0},{"not_picked":["Dual Wield","Body Slam+1"],"picked":"Warcry+1","floor":46.0},{"not_picked":["Searing Blow+1","Twin Strike+1","Body Slam+1"],"picked":"SKIP","floor":46.0},{"not_picked":["Iron Wave+1","Cleave+1","Twin Strike+1"],"picked":"SKIP","floor":47.0},{"not_picked":["Sword Boomerang+1","Rage","Metallicize+1"],"picked":"SKIP","floor":47.0},{"not_picked":["Sever Soul+1","Wild Strike+1","Fiend Fire+1"],"picked":"SKIP","floor":48.0},{"not_picked":["Havoc","Bloodletting+1","Armaments+1"],"picked":"SKIP","floor":48.0},{"not_picked":["Corruption","Exhume","Bloodletting"],"picked":"SKIP","floor":54}],"player_experience":225327,"relics_obtained":[{"floor":7.0,"key":"Molten Egg 2"},{"floor":9.0,"key":"Bottled Lightning"},{"floor":25.0,"key":"Ancient Tea Set"},{"floor":26.0,"key":"Dream Catcher"},{"floor":28.0,"key":"Bronze Scales"},{"floor":34.0,"key":"Pen Nib"},{"floor":34.0,"key":"Mercury Hourglass"},{"floor":34.0,"key":"Shovel"},{"floor":36.0,"key":"Mango"},{"floor":38.0,"key":"Champion Belt"},{"floor":40.0,"key":"PreservedInsect"},{"floor":41.0,"key":"Prayer Wheel"},{"floor":52.0,"key":"Bottled Flame"},{"floor":54,"key":"Self Forming Clay"}],"event_choices":[{"cards_removed":["Strike_R"],"damage_healed":0.0,"max_hp_gain":0.0,"max_hp_loss":0.0,"gold_gain":0.0,"event_name":"Bonfire Elementals","player_choice":"Offered Basic","floor":2.0,"gold_loss":0.0,"damage_taken":0.0},{"cards_removed":["Strike_R"],"damage_healed":0.0,"max_hp_gain":0.0,"max_hp_loss":0.0,"gold_gain":0.0,"event_name":"The Cleric","player_choice":"Card Removal","floor":11.0,"gold_loss":50.0,"damage_taken":0.0},{"damage_healed":0.0,"max_hp_gain":0.0,"max_hp_loss":0.0,"gold_gain":0.0,"event_name":"Upgrade Shrine","player_choice":"Upgraded","floor":19.0,"gold_loss":0.0,"damage_taken":0.0,"cards_upgraded":["Limit Break"]},{"cards_removed":["Strike_R"],"damage_healed":0.0,"max_hp_gain":0.0,"max_hp_loss":0.0,"gold_gain":0.0,"event_name":"Back to Basics","player_choice":"Elegance","floor":21.0,"gold_loss":0.0,"damage_taken":0.0},{"cards_removed":["Cleave"],"damage_healed":0.0,"max_hp_gain":0.0,"max_hp_loss":0.0,"gold_gain":0.0,"event_name":"Purifier","player_choice":"Purged","floor":22.0,"gold_loss":0.0,"damage_taken":0.0},{"damage_healed":0.0,"max_hp_gain":0.0,"max_hp_loss":0.0,"gold_gain":0.0,"event_name":"The Mausoleum","player_choice":"Opened","floor":31.0,"gold_loss":0.0,"damage_taken":0.0,"relics_obtained":["Blood Vial"]},{"damage_healed":0.0,"max_hp_gain":0.0,"max_hp_loss":0.0,"gold_gain":0.0,"event_name":"MindBloom","player_choice":"Fight","floor":36.0,"gold_loss":0.0,"damage_taken":0.0},{"damage_healed":0.0,"max_hp_gain":0.0,"max_hp_loss":0.0,"gold_gain":0.0,"event_name":"Tomb of Lord Red Mask","player_choice":"Ignored","floor":37.0,"gold_loss":0.0,"damage_taken":0.0},{"damage_healed":0.0,"max_hp_gain":0.0,"max_hp_loss":0.0,"gold_gain":0.0,"event_name":"Mysterious Sphere","player_choice":"Fight","floor":38.0,"gold_loss":0.0,"damage_taken":0.0}],"is_beta":false,"boss_relics":[{"not_picked":["Lizard Tail","Ectoplasm"],"picked":"Sozu"},{"not_picked":["Snecko Eye","Fusion Hammer"],"picked":"Calling Bell"}],"items_purged_floors":[3,8,30,39],"is_endless":false,"potions_floor_spawned":[4,7,13,14,18,38,41,46,47,48],"killed_by":"The Heart","ascension_level":12}