{"gold_per_floor":[110,126,146,146,160,186,186,212,235,260,260,260,277,1,1,103,103,117,117,42,53,53,85,99,126,126,160,176,195,195,47,47,149,149,168,168,21,41,54,54,79,79,79,112,112,112,33,33,33,33],"floor_reached":51,"playtime":2408,"items_purged":["Regret","Strike_R"],"score":1023,"play_id":"6591fb20-1316-45a0-a996-a30087648096","local_time":"20190721210736","is_ascension_mode":true,"campfire_choices":[{"floor":7,"key":"REST"},{"floor":15,"key":"REST"},{"data":"Heavy Blade","floor":30,"key":"SMITH"},{"data":"Heavy Blade","floor":32,"key":"SMITH"},{"data":"Armaments","floor":40,"key":"SMITH"},{"data":"Shockwave","floor":42,"key":"SMITH"},{"data":"Pommel Strike","floor":45,"key":"SMITH"},{"data":"Disarm","floor":49,"key":"SMITH"}],"neow_cost":"TEN_PERCENT_HP_LOSS","seed_source_timestamp":1026806341888000,"circlet_count":0,"master_deck":["Strike_R","Defend_R","Defend_R","Defend_R","Defend_R","Bash","Shrug It Off","Pommel Strike+1","Carnage","Flame Barrier","Battle Trance+1","Inflame+1","Armaments+1","Heavy Blade+1","Shrug It Off","Immolate","Pummel+1","Headbutt","Shockwave+1","Shrug It Off+1","Corruption","RitualDagger","Spot Weakness","Bludgeon","Spot Weakness","Heavy Blade+1","Heavy Blade+1","Heavy Blade","Impervious","Demon Form","Pummel","Metallicize","Pummel","Feed","Heavy Blade","Inflame","Armaments+1","Shrug It Off+1","Inflame+1","Headbutt","Shockwave+1","Disarm+1"],"relics":["Burning Blood","Prayer Wheel","Mercury Hourglass","PreservedInsect","Dream Catcher","Juzu Bracelet","Ornamental Fan","Medical Kit","Snecko Eye","Darkstone Periapt","Shuriken","Dodecahedron","Gambling Chip","Orrery","Pocketwatch","Incense Burner","Gremlin Horn"],"potions_floor_usage":[13,13,16,27,27,38,50,50],"damage_taken":[{"damage":12,"enemies":"Small Slimes","floor":1,"turns":4},{"damage":6,"enemies":"Cultist","floor":2,"turns":3},{"damage":0,"enemies":"2 Louse","floor":3,"turns":2},{"damage":0,"enemies":"Exordium Wildlife","floor":5,"turns":3},{"damage":48,"enemies":"Lagavulin","floor":6,"turns":8},{"damage":14,"enemies":"3 Sentries","floor":8,"turns":6},{"damage":20,"enemies":"Lagavulin","floor":10,"turns":7},{"damage":11,"enemies":"Large Slime","floor":13,"turns":6},{"damage":18,"enemies":"Hexaghost","floor":16,"turns":9},{"damage":0,"enemies":"3 Byrds","floor":18,"turns":3},{"damage":0,"enemies":"Spheric Guardian","floor":21,"turns":2},{"damage":4,"enemies":"Book of Stabbing","floor":23,"turns":3},{"damage":0,"enemies":"Chosen and Byrds","floor":24,"turns":3},{"damage":6,"enemies":"Gremlin Leader","floor":25,"turns":3},{"damage":3,"enemies":"Slavers","floor":27,"turns":2},{"damage":0,"enemies":"Snake Plant","floor":28,"turns":1},{"damage":3,"enemies":"3 Cultists","floor":29,"turns":3},{"damage":14,"enemies":"Automaton","floor":33,"turns":6},{"damage":0,"enemies":"Orb Walker","floor":35,"turns":2},{"damage":6,"enemies":"3 Darklings","floor":38,"turns":4},{"damage":0,"enemies":"Jaw Worm Horde","floor":39,"turns":2},{"damage":0,"enemies":"Nemesis","floor":41,"turns":3},{"damage":13,"enemies":"Giant Head","floor":44,"turns":4},{"damage":55,"enemies":"Awakened One","floor":50,"turns":9}],"seed_played":"-6515508538956551606","potions_obtained":[{"floor":1,"key":"Swift Potion"},{"floor":3,"key":"Swift Potion"},{"floor":10,"key":"EssenceOfSteel"},{"floor":24,"key":"PowerPotion"},{"floor":25,"key":"GamblersBrew"},{"floor":28,"key":"Swift Potion"},{"floor":38,"key":"SpeedPotion"},{"floor":39,"key":"Fire Potion"},{"floor":44,"key":"Fire Potion"}],"is_trial":false,"path_per_floor":["M","M","M","?","M","E","R","E","T","E","?","?","M","$","R","B",null,"M","?","?","M","?","E","M","E","T","E","M","M","R","$","R","B",null,"M","?","$","M","M","R","E","R","T","E","R","?","$","?","R","B",null],"character_chosen":"IRONCLAD","items_purchased":["Medical Kit","Impervious","Heavy Blade","Disarm"],"campfire_rested":2,"item_purchase_floors":[14,31,37,47],"current_hp_per_floor":[66,66,72,72,72,30,51,43,43,29,22,22,17,17,38,26,72,72,72,72,72,66,68,72,72,72,72,72,72,72,72,72,64,72,72,72,72,72,72,72,72,72,72,65,65,65,65,65,65,16],"gold":33,"neow_bonus":"ONE_RARE_RELIC","is_prod":false,"is_daily":false,"chose_seed":false,"campfire_upgraded":6,"win_rate":0,"timestamp":1563757656,"path_taken":["M","M","M","?","M","E","R","E","T","E","?","?","M","$","R","BOSS","M","?","?","M","?","E","M","E","T","E","M","M","R","?","R","BOSS","M","?","$","M","M","R","E","R","T","E","R","?","$","?","R","BOSS"],"build_version":"2019-07-17","purchased_purges":2,"victory":true,"max_hp_per_floor":[72,72,72,72,72,72,72,72,72,72,72,72,72,72,72,72,72,72,72,72,72,72,72,72,72,72,72,72,72,72,72,72,72,72,72,72,72,72,72,72,72,72,72,72,72,68,68,68,68,68],"card_choices":[{"not_picked":["Ghostly Armor","Cleave"],"picked":"Shrug It Off","floor":1},{"not_picked":["Twin Strike","Clothesline"],"picked":"Pommel Strike","floor":1},{"not_picked":["Armaments","Sword Boomerang"],"picked":"Carnage","floor":2},{"not_picked":["Pommel Strike","Fiend Fire"],"picked":"Flame Barrier","floor":2},{"not_picked":["Cleave","Sword Boomerang"],"picked":"Battle Trance","floor":3},{"not_picked":["Entrench","Warcry","Fire Breathing"],"picked":"SKIP","floor":3},{"not_picked":["Thunderclap","Warcry"],"picked":"Inflame","floor":5},{"not_picked":["Hemokinesis","Wild Strike"],"picked":"Armaments","floor":5},{"not_picked":["Carnage","Havoc","Barricade"],"picked":"SKIP","floor":6},{"not_picked":["Second Wind","Sentinel","Sword Boomerang"],"picked":"SKIP","floor":8},{"not_picked":["Wild Strike","Reckless Charge","Iron Wave"],"picked":"SKIP","floor":10},{"not_picked":["Cleave","Flex"],"picked":"Heavy Blade","floor":13},{"not_picked":["Armaments","Wild Strike","Sever Soul"],"picked":"SKIP","floor":13},{"not_picked":["Flex","Hemokinesis"],"picked":"Shrug It Off","floor":15},{"not_picked":["Brutality","Feed"],"picked":"Immolate","floor":16},{"not_picked":["Iron Wave","Cleave"],"picked":"Pummel+1","floor":18},{"not_picked":["Twin Strike","Clash"],"picked":"Headbutt","floor":18},{"not_picked":["Warcry+1","Perfected Strike"],"picked":"Shrug It Off+1","floor":21},{"not_picked":["Dropkick","True Grit"],"picked":"Corruption","floor":21},{"not_picked":["Heavy Blade","Clash+1"],"picked":"Spot Weakness","floor":23},{"not_picked":["Iron Wave","Warcry","Intimidate"],"picked":"SKIP","floor":24},{"not_picked":["Shrug It Off","Sword Boomerang","Blood for Blood"],"picked":"SKIP","floor":24},{"not_picked":["Perfected Strike","Iron Wave","Entrench"],"picked":"SKIP","floor":25},{"not_picked":["Sword Boomerang+1","Clothesline"],"picked":"Bludgeon","floor":27},{"not_picked":["Sever Soul","Thunderclap"],"picked":"Spot Weakness","floor":28},{"not_picked":["Evolve+1","Dual Wield"],"picked":"Heavy Blade+1","floor":28},{"not_picked":["Hemokinesis+1","Warcry+1"],"picked":"Heavy Blade","floor":29},{"not_picked":["Anger","Perfected Strike"],"picked":"Heavy Blade","floor":29},{"not_picked":["Exhume","Dark Embrace"],"picked":"Demon Form","floor":33},{"not_picked":["Hemokinesis+1","Pommel Strike"],"picked":"Pummel","floor":34},{"not_picked":["Entrench+1","Clothesline+1"],"picked":"Metallicize","floor":34},{"not_picked":["Combust","Armaments"],"picked":"Pummel","floor":35},{"not_picked":["Dropkick+1","Wild Strike+1"],"picked":"Feed","floor":35},{"not_picked":["True Grit","Flame Barrier"],"picked":"Inflame","floor":38},{"not_picked":["Metallicize+1","Infernal Blade+1"],"picked":"Armaments+1","floor":38},{"not_picked":["Anger","Blood for Blood"],"picked":"Shrug It Off+1","floor":39},{"not_picked":["Clash","Sword Boomerang+1"],"picked":"Inflame+1","floor":39},{"not_picked":["Metallicize+1","Clothesline"],"picked":"Headbutt","floor":41},{"not_picked":["Reckless Charge","Feed"],"picked":"Shockwave+1","floor":44}],"player_experience":283151,"relics_obtained":[{"floor":6,"key":"Mercury Hourglass"},{"floor":8,"key":"PreservedInsect"},{"floor":9,"key":"Dream Catcher"},{"floor":10,"key":"Juzu Bracelet"},{"floor":23,"key":"Darkstone Periapt"},{"floor":25,"key":"Shuriken"},{"floor":26,"key":"Dodecahedron"},{"floor":27,"key":"Gambling Chip"},{"floor":41,"key":"Pocketwatch"},{"floor":43,"key":"Incense Burner"},{"floor":44,"key":"Gremlin Horn"}],"event_choices":[{"damage_healed":0,"gold_gain":0,"player_choice":"Upgraded","damage_taken":0,"max_hp_gain":0,"max_hp_loss":0,"event_name":"Upgrade Shrine","floor":4,"gold_loss":0,"cards_upgraded":["Battle Trance"]},{"cards_removed":["Strike_R"],"damage_healed":0,"gold_gain":0,"player_choice":"Card Removal","damage_taken":7,"max_hp_gain":0,"max_hp_loss":0,"event_name":"Golden Wing","floor":11,"gold_loss":0},{"damage_healed":0,"gold_gain":0,"player_choice":"Box","damage_taken":0,"relics_obtained":["Ornamental Fan"],"max_hp_gain":0,"max_hp_loss":0,"event_name":"Big Fish","floor":12,"gold_loss":0,"cards_obtained":["Regret"]},{"damage_healed":0,"gold_gain":0,"player_choice":"Read","damage_taken":0,"max_hp_gain":0,"max_hp_loss":0,"event_name":"The Library","floor":19,"gold_loss":0,"cards_obtained":["Shockwave"]},{"cards_removed":["Strike_R"],"damage_healed":0,"gold_gain":0,"player_choice":"Gave Gold","damage_taken":0,"max_hp_gain":0,"max_hp_loss":0,"event_name":"Beggar","floor":20,"gold_loss":75},{"damage_healed":0,"gold_gain":0,"player_choice":"Joined the Cult","damage_taken":6,"max_hp_gain":0,"max_hp_loss":0,"event_name":"Nest","floor":22,"gold_loss":0,"cards_obtained":["RitualDagger"]},{"cards_removed":["Strike_R"],"damage_healed":0,"gold_gain":0,"player_choice":"Purged","damage_taken":0,"max_hp_gain":0,"max_hp_loss":0,"event_name":"Purifier","floor":36,"gold_loss":0},{"damage_healed":0,"gold_gain":0,"player_choice":"Max HP","damage_taken":0,"max_hp_gain":0,"max_hp_loss":4,"event_name":"Winding Halls","floor":46,"gold_loss":0},{"damage_healed":0,"gold_gain":0,"player_choice":"Forge","damage_taken":0,"max_hp_gain":0,"max_hp_loss":0,"event_name":"Accursed Blacksmith","floor":48,"gold_loss":0,"cards_upgraded":["Inflame"]}],"is_beta":false,"boss_relics":[{"not_picked":["Calling Bell","Velvet Choker"],"picked":"Snecko Eye"},{"not_picked":["Eternal Feather","White Beast Statue"],"picked":"Orrery"}],"items_purged_floors":[14,37],"is_endless":false,"potions_floor_spawned":[1,3,10,24,25,28,38,39,44],"ascension_level":3}