{"gold_per_floor":[109,109,122,132,132,132,152,152,152,152,166,180,180,199,199,272,272,287,287,26,52,52,52,52],"floor_reached":24,"playtime":653,"items_purged":["Regret"],"score":353,"play_id":"fb059420-1734-42d0-90e5-8cb3721747ac","local_time":"20190815153213","is_ascension_mode":true,"campfire_choices":[{"data":"Gash","floor":8,"key":"SMITH"},{"floor":10,"key":"REST"},{"floor":13,"key":"REST"},{"floor":15,"key":"REST"},{"data":"Apotheosis","floor":23,"key":"SMITH"}],"neow_cost":"NONE","seed_source_timestamp":124080018030200,"circlet_count":0,"master_deck":["AscendersBane","Strike_B+1","Strike_B","Strike_B","Defend_B","Defend_B","Defend_B+1","Defend_B","Zap+1","Dualcast","Capacitor","Ball Lightning","Machine Learning","Gash+1","Cold Snap+1","Redo","Electrodynamics","Shame","Conserve Battery","Apotheosis+1"],"relics":["Cracked Core","NeowsBlessing","Gremlin Horn","Darkstone Periapt","Calling Bell","Bag of Preparation","Molten Egg 2","WingedGreaves","Whetstone"],"potions_floor_usage":[7,16,18,24],"damage_taken":[{"damage":0,"enemies":"2 Louse","floor":1,"turns":1},{"damage":0,"enemies":"Cultist","floor":3,"turns":1},{"damage":0,"enemies":"Jaw Worm","floor":4,"turns":1},{"damage":26,"enemies":"Large Slime","floor":7,"turns":6},{"damage":8,"enemies":"Exordium Thugs","floor":11,"turns":3},{"damage":15,"enemies":"Looter","floor":12,"turns":4},{"damage":21,"enemies":"Exordium Wildlife","floor":14,"turns":5},{"damage":28,"enemies":"The Guardian","floor":16,"turns":10},{"damage":11,"enemies":"Spheric Guardian","floor":18,"turns":3},{"damage":74,"enemies":"Slavers","floor":24,"turns":4}],"seed_played":"8035691645671867794","potions_obtained":[{"floor":4,"key":"Dexterity Potion"},{"floor":11,"key":"SpeedPotion"},{"floor":12,"key":"Strength Potion"},{"floor":16,"key":"AttackPotion"}],"is_trial":false,"path_per_floor":["M","?","M","M","?","?","M","R","T","R","M","M","R","M","R","B",null,"M","?","$","T","$","R","E"],"character_chosen":"DEFECT","items_purchased":["Apotheosis"],"campfire_rested":3,"item_purchase_floors":[20],"current_hp_per_floor":[64,64,64,64,43,43,17,17,17,38,30,15,36,15,36,8,73,62,62,62,62,62,62,0],"gold":52,"neow_bonus":"THREE_ENEMY_KILL","is_prod":false,"is_daily":false,"chose_seed":false,"campfire_upgraded":2,"win_rate":0,"timestamp":1565875933,"path_taken":["M","?","?","M","?","?","M","R","T","R","M","?","R","M","R","BOSS","M","?","$","?","?","R","E"],"build_version":"2019-07-17","purchased_purges":1,"victory":false,"max_hp_per_floor":[71,71,71,71,71,71,71,71,71,71,71,71,71,71,71,71,89,89,89,89,89,89,89,89],"card_choices":[{"not_picked":["Turbo","Barrage"],"picked":"Stack","floor":1},{"not_picked":["Steam Power","Sweeping Beam"],"picked":"Capacitor","floor":3},{"not_picked":["Hologram","Barrage"],"picked":"Ball Lightning","floor":4},{"not_picked":["Undo","Steam"],"picked":"Gash","floor":7},{"not_picked":["Ball Lightning","Machine Learning","Heatsinks"],"picked":"SKIP","floor":11},{"not_picked":["Turbo","Hologram"],"picked":"Cold Snap","floor":12},{"not_picked":["Reprogram","Rebound"],"picked":"Redo","floor":14},{"not_picked":["Creative AI","Rainbow"],"picked":"Electrodynamics","floor":16},{"not_picked":["Fusion","Auto Shields"],"picked":"Conserve Battery","floor":18}],"player_experience":1918934,"relics_obtained":[{"floor":9,"key":"Darkstone Periapt"},{"floor":17,"key":"Bag of Preparation"},{"floor":17,"key":"Molten Egg 2"},{"floor":17,"key":"WingedGreaves"},{"floor":21,"key":"Whetstone"}],"event_choices":[{"cards_removed":["Stack"],"damage_healed":0,"gold_gain":0,"player_choice":"Gave Card","damage_taken":0,"relics_obtained":["Gremlin Horn"],"max_hp_gain":0,"max_hp_loss":0,"event_name":"WeMeetAgain","floor":2,"gold_loss":0},{"damage_healed":0,"gold_gain":0,"player_choice":"Entered Light","damage_taken":21,"max_hp_gain":0,"max_hp_loss":0,"event_name":"Shining Light","floor":5,"gold_loss":0,"cards_upgraded":["Defend_B","Zap"]},{"damage_healed":0,"gold_gain":0,"cards_transformed":["Strike_B"],"player_choice":"Transformed","damage_taken":0,"max_hp_gain":0,"max_hp_loss":0,"event_name":"Transmorgrifier","floor":6,"gold_loss":0,"cards_obtained":["Machine Learning"]},{"cards_removed":["Regret"],"damage_healed":0,"gold_gain":0,"player_choice":"Purged","damage_taken":0,"max_hp_gain":0,"max_hp_loss":0,"event_name":"Purifier","floor":19,"gold_loss":0}],"is_beta":false,"boss_relics":[{"not_picked":["Sozu","FrozenCore"],"picked":"Calling Bell"}],"items_purged_floors":[20],"is_endless":false,"potions_floor_spawned":[4,11,12,16],"killed_by":"Slavers","ascension_level":18}