{"gold_per_floor":[118,129,129,142,153,186,186,198,198,198,213,213,231,252,252,355,355,373,373,407,21,39,69,88,88,111,111,111,11,11,27,27,125,125,145,157,207,479,597,698,698],"floor_reached":41,"playtime":1986,"items_purged":["Shame","Writhe"],"score":461,"play_id":"dc0eef8c-aef4-4ace-8690-33fccc7dc639","local_time":"20191015002708","is_ascension_mode":false,"campfire_choices":[{"floor":7,"key":"REST"},{"data":"Neutralize","floor":10,"key":"SMITH"},{"data":"Die Die Die","floor":12,"key":"SMITH"},{"data":"Quick Slash","floor":15,"key":"SMITH"},{"floor":25,"key":"REST"},{"data":"Envenom","floor":28,"key":"SMITH"},{"floor":32,"key":"REST"}],"neow_cost":"NONE","seed_source_timestamp":198414574290900,"circlet_count":0,"master_deck":["Strike_G+1","Strike_G+1","Strike_G+1","Strike_G+1","Strike_G+1","Defend_G+1","Defend_G+1","Defend_G+1","Defend_G+1","Defend_G+1","Survivor","Neutralize+1","Die Die Die+1","Flying Knee","Quick Slash+1","PiercingWail","Backflip","Endless Agony","Deflect","Backflip","Malaise","Dagger Throw","Envenom+1","Underhanded Strike+1","Slice+1","Well Laid Plans","Blur","Blade Dance","Night Terror","Crippling Poison","Prepared","Acrobatics","Tools of the Trade","Leg Sweep","Deadly Poison+1","Madness","Madness","Underhanded Strike+1"],"relics":["Ring of the Snake","Juzu Bracelet","Tough Bandages","Odd Mushroom","Black Star","HornCleat","Red Mask","Snake Skull","CaptainsWheel","MealTicket","Boot","SsserpentHead","SlaversCollar","Molten Egg 2","Ginger"],"potions_floor_usage":[16,16,16,20,33,35],"damage_taken":[{"damage":0,"enemies":"Small Slimes","floor":1,"turns":2},{"damage":1,"enemies":"Cultist","floor":2,"turns":3},{"damage":0,"enemies":"2 Louse","floor":4,"turns":1},{"damage":0,"enemies":"Looter","floor":5,"turns":4},{"damage":30,"enemies":"Gremlin Nob","floor":6,"turns":5},{"damage":2,"enemies":"Blue Slaver","floor":8,"turns":3},{"damage":2,"enemies":"Exordium Thugs","floor":11,"turns":5},{"damage":1,"enemies":"Looter","floor":13,"turns":4},{"damage":0,"enemies":"The Mushroom Lair","floor":14,"turns":4},{"damage":46,"enemies":"Slime Boss","floor":16,"turns":14},{"damage":15,"enemies":"Chosen","floor":18,"turns":5},{"damage":1,"enemies":"Masked Bandits","floor":20,"turns":4},{"damage":2,"enemies":"2 Thieves","floor":22,"turns":4},{"damage":14,"enemies":"Book of Stabbing","floor":23,"turns":9},{"damage":24,"enemies":"Chosen and Byrds","floor":24,"turns":6},{"damage":6,"enemies":"Snake Plant","floor":31,"turns":6},{"damage":11,"enemies":"Collector","floor":33,"turns":11},{"damage":2,"enemies":"3 Darklings","floor":35,"turns":7},{"damage":1,"enemies":"3 Shapes","floor":36,"turns":8},{"damage":46,"enemies":"2 Orb Walkers","floor":40,"turns":8},{"damage":12,"enemies":"Maw","floor":41,"turns":7}],"seed_played":"-3290913696257154183","potions_obtained":[{"floor":2,"key":"LiquidBronze"},{"floor":6,"key":"Ancient Potion"},{"floor":8,"key":"Block Potion"},{"floor":11,"key":"LiquidMemories"},{"floor":14,"key":"SkillPotion"},{"floor":18,"key":"Poison Potion"},{"floor":23,"key":"Energy Potion"},{"floor":33,"key":"Energy Potion"}],"is_trial":false,"path_per_floor":["M","M","?","M","M","E","R","M","T","R","M","R","M","?","R","B",null,"M","?","?","$","M","E","M","R","T","?","R","$","?","M","R","B",null,"M","M","?","?","T","?","M"],"character_chosen":"THE_SILENT","items_purchased":["Well Laid Plans","Snake Skull","Blur","Blade Dance"],"campfire_rested":3,"item_purchase_floors":[21,21,21,21],"current_hp_per_floor":[70,69,69,69,69,39,60,58,58,58,56,56,55,55,55,9,70,55,55,54,54,52,38,14,35,35,35,35,50,50,44,65,54,70,68,67,58,58,58,12,0],"gold":698,"neow_bonus":"ONE_RANDOM_RARE_CARD","is_prod":false,"is_daily":false,"chose_seed":false,"campfire_upgraded":4,"win_rate":1,"timestamp":1571092028,"path_taken":["M","M","?","?","M","E","R","M","T","R","M","R","M","?","R","BOSS","M","?","?","$","M","E","M","R","T","?","R","$","?","M","R","BOSS","M","M","?","?","?","?","M"],"build_version":"2019-10-14","purchased_purges":2,"victory":false,"max_hp_per_floor":[70,70,70,70,70,70,70,70,70,70,70,70,70,70,70,70,70,70,70,70,70,70,70,70,70,70,70,70,70,70,70,70,70,70,70,70,70,70,70,70,70],"card_choices":[{"not_picked":["Poisoned Stab","Dodge and Roll"],"picked":"Flying Knee","floor":1},{"not_picked":["Prepared","PiercingWail"],"picked":"Quick Slash","floor":2},{"not_picked":["Blade Dance","Heel Hook"],"picked":"Backflip","floor":4},{"not_picked":["Acrobatics","Catalyst"],"picked":"Endless Agony","floor":5},{"not_picked":["PiercingWail","Bane"],"picked":"Deflect","floor":6},{"not_picked":["Sucker Punch","Prepared"],"picked":"Backflip","floor":8},{"not_picked":["PiercingWail","Slice"],"picked":"Malaise","floor":11},{"not_picked":["Quick Slash","Sucker Punch","Riddle With Holes"],"picked":"SKIP","floor":13},{"not_picked":["Quick Slash","Prepared"],"picked":"Dagger Throw","floor":14},{"not_picked":["Malaise","Venomology"],"picked":"Envenom","floor":16},{"not_picked":["Quick Slash","Outmaneuver"],"picked":"Underhanded Strike+1","floor":18},{"not_picked":["Dagger Spray","Backflip"],"picked":"Slice+1","floor":20},{"not_picked":["Dagger Throw","Poisoned Stab"],"picked":"Night Terror","floor":22},{"not_picked":["Flechettes","Poisoned Stab+1"],"picked":"Crippling Poison","floor":23},{"not_picked":["Sucker Punch","Underhanded Strike+1"],"picked":"Prepared","floor":24},{"not_picked":["Dash","Deadly Poison"],"picked":"Acrobatics","floor":31},{"not_picked":["Die Die Die","Unload"],"picked":"Tools of the Trade","floor":33},{"not_picked":["Poisoned Stab","Outmaneuver+1"],"picked":"Leg Sweep","floor":35},{"not_picked":["Prepared","Well Laid Plans+1"],"picked":"Deadly Poison+1","floor":36},{"not_picked":["Masterful Stab+1","Backflip+1"],"picked":"Underhanded Strike+1","floor":40}],"player_experience":10218,"relics_obtained":[{"floor":6,"key":"Juzu Bracelet"},{"floor":9,"key":"Tough Bandages"},{"floor":14,"key":"Odd Mushroom"},{"floor":20,"key":"Red Mask"},{"floor":23,"key":"CaptainsWheel"},{"floor":23,"key":"MealTicket"},{"floor":26,"key":"Boot"},{"floor":39,"key":"Molten Egg 2"},{"floor":40,"key":"Ginger"}],"event_choices":[{"damage_healed":0,"gold_gain":0,"player_choice":"2 cards matched","damage_taken":0,"max_hp_gain":0,"max_hp_loss":0,"event_name":"Match and Keep!","floor":3,"gold_loss":0,"cards_obtained":["PiercingWail","Shame"]},{"damage_healed":0,"gold_gain":0,"player_choice":"Fought Mushrooms","damage_taken":0,"max_hp_gain":0,"max_hp_loss":0,"event_name":"Mushrooms","floor":14,"gold_loss":0},{"damage_healed":0,"gold_gain":0,"player_choice":"Opened","damage_taken":0,"relics_obtained":["HornCleat"],"max_hp_gain":0,"max_hp_loss":0,"event_name":"The Mausoleum","floor":19,"gold_loss":0,"cards_obtained":["Writhe"]},{"damage_healed":0,"gold_gain":0,"player_choice":"Fought Bandits","damage_taken":0,"max_hp_gain":0,"max_hp_loss":0,"event_name":"Masked Bandits","floor":20,"gold_loss":0},{"damage_healed":0,"gold_gain":0,"player_choice":"Simplicity","damage_taken":0,"max_hp_gain":0,"max_hp_loss":0,"event_name":"Back to Basics","floor":27,"gold_loss":0,"cards_upgraded":["Strike_G","Strike_G","Strike_G","Strike_G","Strike_G","Defend_G","Defend_G","Defend_G","Defend_G","Defend_G"]},{"damage_healed":0,"gold_gain":0,"player_choice":"Trade","damage_taken":0,"relics_obtained":["SsserpentHead"],"max_hp_gain":0,"max_hp_loss":0,"event_name":"FaceTrader","floor":30,"gold_loss":0},{"damage_healed":0,"gold_gain":0,"player_choice":"Embrace Madness","damage_taken":9,"max_hp_gain":0,"max_hp_loss":0,"event_name":"Winding Halls","floor":37,"gold_loss":0,"cards_obtained":["Madness","Madness"]},{"damage_healed":0,"gold_gain":222,"player_choice":"Wore Mask","damage_taken":0,"max_hp_gain":0,"max_hp_loss":0,"event_name":"Tomb of Lord Red Mask","floor":38,"gold_loss":0},{"damage_healed":0,"gold_gain":0,"player_choice":"Fight","damage_taken":0,"max_hp_gain":0,"max_hp_loss":0,"event_name":"Mysterious Sphere","floor":40,"gold_loss":0}],"is_beta":true,"boss_relics":[{"not_picked":["Velvet Choker","Philosopher\u0027s Stone"],"picked":"Black Star"},{"not_picked":["Snecko Eye","Tiny House"],"picked":"SlaversCollar"}],"items_purged_floors":[21,29],"is_endless":false,"potions_floor_spawned":[2,6,8,11,14,18,23,33],"killed_by":"Maw","ascension_level":0}