{"gold_per_floor":[18,18,33,51,51,51,83,83,107,107,133,144,144],"floor_reached":13,"playtime":399,"items_purged":[],"score":167,"play_id":"d6d256ad-d0ec-4290-a032-4fbc14acdade","local_time":"20190627113225","is_ascension_mode":true,"campfire_choices":[{"data":"Darkness","floor":6,"key":"SMITH"},{"data":"Darkness","floor":8,"key":"SMITH"},{"data":"Core Surge","floor":10,"key":"SMITH"}],"neow_cost":"NO_GOLD","seed_source_timestamp":818657951862000,"circlet_count":0,"master_deck":["AscendersBane","Strike_B+1","Strike_B+1","Defend_B","Defend_B","Defend_B+1","Defend_B","Zap+1","Dualcast","Storm","Core Surge+1","Cold Snap","Redo+1","Darkness+1","Darkness+1","Defragment","Steam"],"relics":["Cracked Core","Whetstone","Centennial Puzzle","War Paint"],"potions_floor_usage":[7,12],"damage_taken":[{"damage":3,"enemies":"2 Louse","floor":1,"turns":2},{"damage":7,"enemies":"Jaw Worm","floor":3,"turns":3},{"damage":0,"enemies":"Cultist","floor":4,"turns":3},{"damage":17,"enemies":"3 Sentries","floor":7,"turns":7},{"damage":8,"enemies":"Gremlin Nob","floor":11,"turns":3},{"damage":7,"enemies":"2 Fungi Beasts","floor":12,"turns":3},{"damage":27,"enemies":"Gremlin Gang","floor":13,"turns":3}],"seed_played":"6054635943448103063","potions_obtained":[{"floor":1,"key":"Energy Potion"},{"floor":4,"key":"SkillPotion"}],"is_trial":false,"path_per_floor":["M","?","M","M","?","R","E","R","T","R","E","M","M"],"character_chosen":"DEFECT","items_purchased":[],"campfire_rested":0,"item_purchase_floors":[],"current_hp_per_floor":[61,66,59,59,59,59,42,42,42,42,34,27,0],"gold":144,"neow_bonus":"TRANSFORM_TWO_CARDS","is_prod":false,"is_daily":false,"chose_seed":false,"campfire_upgraded":3,"win_rate":0,"timestamp":1561627945,"path_taken":["M","?","M","M","?","R","E","R","T","R","E","M","M"],"build_version":"2019-01-23","purchased_purges":0,"victory":false,"max_hp_per_floor":[71,76,76,76,76,76,76,76,76,76,76,76,76],"card_choices":[{"not_picked":["Rebound","Chill"],"picked":"Cold Snap","floor":1},{"not_picked":["Stack","Steam"],"picked":"Redo","floor":3},{"not_picked":["Ball Lightning","Sweeping Beam"],"picked":"Darkness","floor":4},{"not_picked":["Electrodynamics","Beam Cell"],"picked":"Darkness","floor":7},{"not_picked":["Leap","Ball Lightning"],"picked":"Defragment","floor":11},{"not_picked":["Aggregate","Stack"],"picked":"Steam","floor":12}],"player_experience":1499420,"relics_obtained":[{"floor":7,"key":"Whetstone"},{"floor":9,"key":"Centennial Puzzle"},{"floor":11,"key":"War Paint"}],"event_choices":[{"damage_healed":0,"gold_gain":0,"player_choice":"Donut","damage_taken":0,"max_hp_gain":5,"max_hp_loss":0,"event_name":"Big Fish","floor":2,"gold_loss":0},{"damage_healed":0,"gold_gain":0,"player_choice":"Upgraded","damage_taken":0,"max_hp_gain":0,"max_hp_loss":0,"event_name":"Upgrade Shrine","floor":5,"gold_loss":0,"cards_upgraded":["Zap"]}],"is_beta":false,"boss_relics":[],"items_purged_floors":[],"is_endless":false,"potions_floor_spawned":[1,4],"killed_by":"Gremlin Gang","ascension_level":16}