{"gold_per_floor":[114,114,127,92,112,112,152,167,167,167,21,21,21,21,21,21],"floor_reached":16,"playtime":386,"items_purged":["Injury"],"score":162,"play_id":"09d8c9a8-1bfc-46a7-b0fe-630af53d276b","local_time":"20190306034226","is_ascension_mode":true,"campfire_choices":[{"data":"Bash","floor":6,"key":"SMITH"},{"data":"Heavy Blade","floor":10,"key":"SMITH"},{"data":"Whirlwind","floor":12,"key":"SMITH"},{"floor":15,"key":"REST"}],"neow_cost":"PERCENT_DAMAGE","seed_source_timestamp":84260594267300,"circlet_count":0,"master_deck":["AscendersBane","Strike_R","Strike_R","Defend_R","Defend_R","Defend_R","Defend_R","Bash+1","Heavy Blade+1","Thunderclap","Clothesline","Battle Trance","Whirlwind+1"],"relics":["Burning Blood","Golden Idol","Anchor","Meat on the Bone"],"potions_floor_usage":[3,8],"damage_taken":[{"damage":13,"enemies":"Jaw Worm","floor":1,"turns":5},{"damage":2,"enemies":"2 Louse","floor":3,"turns":3},{"damage":6,"enemies":"Cultist","floor":5,"turns":3},{"damage":26,"enemies":"Gremlin Nob","floor":7,"turns":4},{"damage":19,"enemies":"Red Slaver","floor":8,"turns":5},{"damage":74,"enemies":"Slime Boss","floor":16,"turns":10}],"seed_played":"5234434130987504260","potions_obtained":[{"floor":1,"key":"Energy Potion"},{"floor":7,"key":"BloodPotion"}],"is_trial":false,"path_per_floor":["M","?","M","?","M","R","E","M","T","R","$","R","?","$","R","B"],"character_chosen":"IRONCLAD","items_purchased":["Whirlwind"],"campfire_rested":1,"item_purchase_floors":[11],"current_hp_per_floor":[44,44,48,68,68,68,48,43,43,43,43,43,43,43,67,0],"gold":21,"neow_bonus":"REMOVE_TWO","is_prod":false,"is_daily":false,"chose_seed":false,"campfire_upgraded":3,"win_rate":0,"timestamp":1551840146,"path_taken":["M","?","M","?","M","R","E","M","T","R","$","R","?","?","R","BOSS"],"build_version":"2019-01-23","purchased_purges":1,"victory":false,"max_hp_per_floor":[80,80,80,80,80,80,80,80,80,80,80,80,80,80,80,80],"card_choices":[{"not_picked":["Fire Breathing","Warcry"],"picked":"Heavy Blade","floor":1},{"not_picked":["Sever Soul","Cleave"],"picked":"Thunderclap","floor":3},{"not_picked":["Havoc","Pummel"],"picked":"Clothesline","floor":5},{"not_picked":["Clash","Berserk","Searing Blow"],"picked":"SKIP","floor":7},{"not_picked":["Clothesline","Fire Breathing"],"picked":"Battle Trance","floor":8}],"player_experience":938030,"relics_obtained":[{"floor":7,"key":"Anchor"},{"floor":9,"key":"Meat on the Bone"}],"event_choices":[{"damage_healed":0,"gold_gain":0,"player_choice":"Take Wound","damage_taken":0,"relics_obtained":["Golden Idol"],"max_hp_gain":0,"max_hp_loss":0,"event_name":"Golden Idol","floor":2,"gold_loss":0,"cards_obtained":["Injury"]},{"damage_healed":20,"gold_gain":0,"player_choice":"Healed","damage_taken":0,"max_hp_gain":0,"max_hp_loss":0,"event_name":"The Cleric","floor":4,"gold_loss":35},{"cards_removed":["Strike_R"],"damage_healed":0,"gold_gain":0,"player_choice":"Forget","damage_taken":0,"max_hp_gain":0,"max_hp_loss":0,"event_name":"Living Wall","floor":13,"gold_loss":0}],"is_beta":false,"boss_relics":[],"items_purged_floors":[11],"is_endless":false,"potions_floor_spawned":[1,7],"killed_by":"Slime Boss","ascension_level":13}