{"path_per_floor":["M","M","M","?","M","E","?","R","T","M","$","M","R","M","R","B",null,"M","$","?","M","M","M","R","M","T","M","M","M","?","M","R"],"character_chosen":"IRONCLAD","items_purchased":["Bronze Scales"],"gold_per_floor":[119,130,142,142,154,184,184,184,184,202,50,69,69,82,82,187,187,200,125,125,141,157,174,174,186,239,258,269,279,279,299,299,299],"floor_reached":33,"campfire_rested":0,"playtime":1621,"current_hp_per_floor":[72,72,68,56,58,49,49,49,49,46,46,44,44,46,46,47,72,61,61,61,58,54,38,38,29,29,36,48,50,37,23,23,0],"items_purged":["Defend_R"],"gold":299,"score":282,"play_id":"900afae6-229f-4706-8065-4094f32cb293","local_time":"20180519172453","is_prod":false,"is_daily":false,"chose_seed":false,"is_ascension_mode":false,"campfire_upgraded":5,"timestamp":1526747093,"campfire_choices":[{"data":"Perfected Strike","floor":8,"key":"SMITH"},{"data":"Flame Barrier","floor":13,"key":"SMITH"},{"data":"Intimidate","floor":15,"key":"SMITH"},{"data":"Perfected Strike","floor":24,"key":"SMITH"},{"data":"Fiend Fire","floor":32,"key":"SMITH"}],"path_taken":["M","M","?","?","M","E","?","R","T","M","$","?","R","M","R","BOSS","M","$","?","M","M","?","R","M","T","?","M","M","?","M","R","BOSS"],"build_version":"2018-05-17","seed_source_timestamp":168167401899798,"purchased_purges":2,"victory":false,"master_deck":["Strike_R","Strike_R","Strike_R","Strike_R","Strike_R","Defend_R","Defend_R","Defend_R","Bash","Offering","Battle Trance","Perfected Strike+1","Flame Barrier+1","Perfected Strike+1","Ghostly Armor","Fiend Fire+1","Intimidate+1","Shrug It Off","Reaper","Body Slam","Perfected Strike+1","Whirlwind+1","Clothesline","Twin Strike+1","Perfected Strike+1","Reaper"],"max_hp_per_floor":[72,72,72,72,72,72,72,72,72,72,72,72,72,72,72,72,72,72,72,72,72,72,72,72,72,72,72,72,72,77,77,77,77],"relics":["Burning Blood","Omamori","Shuriken","Boot","Bronze Scales","Black Star","Anchor"],"card_choices":[{"not_picked":["Demon Form","Bludgeon"],"picked":"Offering","floor":0},{"not_picked":["Blood for Blood","Armaments"],"picked":"Battle Trance","floor":1},{"not_picked":["Armaments","Headbutt"],"picked":"Perfected Strike","floor":2},{"not_picked":["Clothesline","Second Wind"],"picked":"Flame Barrier","floor":3},{"not_picked":["Pommel Strike","Spot Weakness"],"picked":"Perfected Strike","floor":5},{"not_picked":["Dropkick","Entrench"],"picked":"Ghostly Armor","floor":6},{"not_picked":["Clash","Power Through","Rampage"],"picked":"SKIP","floor":10},{"not_picked":["Clothesline","Burning Pact"],"picked":"Intimidate","floor":12},{"not_picked":["Sword Boomerang","Headbutt"],"picked":"Shrug It Off","floor":14},{"not_picked":["Juggernaut","Bludgeon"],"picked":"Reaper","floor":16},{"not_picked":["True Grit","Anger"],"picked":"Body Slam","floor":18},{"not_picked":["Twin Strike+1","Reckless Charge"],"picked":"Perfected Strike+1","floor":21},{"not_picked":["Iron Wave","Entrench"],"picked":"Whirlwind+1","floor":22},{"not_picked":["True Grit","Dropkick"],"picked":"Clothesline","floor":23},{"not_picked":["Combust+1","Warcry"],"picked":"Twin Strike+1","floor":25},{"not_picked":["Dual Wield","Warcry"],"picked":"Perfected Strike+1","floor":27},{"not_picked":["Burning Pact","Body Slam","Power Through"],"picked":"SKIP","floor":28},{"not_picked":["Pummel","Clash"],"picked":"Reaper","floor":29},{"not_picked":["Searing Blow","Thunderclap","Anger"],"picked":"SKIP","floor":31}],"player_experience":323372,"potions_floor_usage":[6,16,22,33,33,33],"damage_taken":[{"damage":5,"enemies":"Cultist","floor":1,"turns":3},{"damage":4,"enemies":"2 Louse","floor":2,"turns":2},{"damage":10,"enemies":"Jaw Worm","floor":3,"turns":2},{"damage":4,"enemies":"Large Slime","floor":5,"turns":6},{"damage":15,"enemies":"Gremlin Nob","floor":6,"turns":3},{"damage":9,"enemies":"2 Fungi Beasts","floor":10,"turns":2},{"damage":8,"enemies":"Exordium Thugs","floor":12,"turns":4},{"damage":4,"enemies":"Large Slime","floor":14,"turns":4},{"damage":5,"enemies":"The Guardian","floor":16,"turns":15},{"damage":17,"enemies":"Chosen","floor":18,"turns":3},{"damage":9,"enemies":"3 Byrds","floor":21,"turns":2},{"damage":29,"enemies":"3 Cultists","floor":22,"turns":6},{"damage":22,"enemies":"Centurion and Healer","floor":23,"turns":7},{"damage":15,"enemies":"Snecko","floor":25,"turns":3},{"damage":11,"enemies":"3 Cultists","floor":27,"turns":4},{"damage":0,"enemies":"Chosen and Byrds","floor":28,"turns":5},{"damage":4,"enemies":"Cultist and Chosen","floor":29,"turns":5},{"damage":20,"enemies":"Centurion and Healer","floor":31,"turns":6},{"damage":35,"enemies":"Champ","floor":33,"turns":8}],"relics_obtained":[{"floor":6,"key":"Shuriken"},{"floor":9,"key":"Boot"},{"floor":26,"key":"Anchor"}],"event_choices":[{"event_name":"Scrap Ooze","player_choice":"success","floor":4,"damage_taken":12},{"event_name":"Match and Keep!","player_choice":"1 cards matched","floor":7,"damage_taken":0},{"event_name":"Drug Dealer","player_choice":"Ignored","floor":20,"damage_taken":0},{"event_name":"Forgotten Altar","player_choice":"Shed Blood","floor":30,"damage_taken":0}],"boss_relics":[{"not_picked":["Runic Pyramid","Runic Cube"],"picked":"Black Star"}],"potions_floor_spawned":[1,5,12,16,21,23,25,29],"seed_played":"439644954422261302","killed_by":"Champ","ascension_level":0,"potions_obtained":[{"floor":1,"key":"AttackPotion"},{"floor":5,"key":"Ancient Potion"},{"floor":12,"key":"Energy Potion"},{"floor":16,"key":"Regen Potion"},{"floor":21,"key":"Strength Potion"},{"floor":23,"key":"AttackPotion"},{"floor":25,"key":"FairyPotion"},{"floor":29,"key":"FearPotion"}],"is_trial":false}