{"gold_per_floor":[18,18,31,50,104,142,67,80,104,139,164,237,251,271,271,367,367,387,387,436,456,456,456],"floor_reached":23,"playtime":699,"items_purged":["Strike_B"],"score":402,"play_id":"ad38530e-5cbc-4969-a21e-4128a52d4e20","local_time":"20190528201450","is_ascension_mode":true,"campfire_choices":[{"data":"Defragment","floor":15.0,"key":"SMITH"}],"neow_cost":"NO_GOLD","seed_source_timestamp":0,"circlet_count":0,"master_deck":["AscendersBane","Zap","Dualcast+1","Streamline","Consume","FTL","Defragment+1","Rebound","Cold Snap","Compile Driver","White Noise","Ball Lightning","Echo Form","Creative AI","BootSequence","Cold Snap","Amplify","Consume","Auto Shields","Leap","Redo+1"],"special_seed":0,"relics":["Cracked Core","Golden Idol","Potion Belt","War Paint","DataDisk","Bottled Tornado","Pandora\u0027s Box","Oddly Smooth Stone"],"potions_floor_usage":[23],"damage_taken":[{"damage":1.0,"enemies":"Cultist","floor":1.0,"turns":3.0},{"damage":0.0,"enemies":"2 Louse","floor":3.0,"turns":2.0},{"damage":2.0,"enemies":"Jaw Worm","floor":4.0,"turns":3.0},{"damage":11.0,"enemies":"Gremlin Nob","floor":6.0,"turns":3.0},{"damage":9.0,"enemies":"Blue Slaver","floor":8.0,"turns":3.0},{"damage":23.0,"enemies":"Lagavulin","floor":10.0,"turns":5.0},{"damage":0.0,"enemies":"Looter","floor":13.0,"turns":2.0},{"damage":4.0,"enemies":"Exordium Thugs","floor":14.0,"turns":3.0},{"damage":11.0,"enemies":"Hexaghost","floor":16.0,"turns":9.0},{"damage":10.0,"enemies":"2 Thieves","floor":18.0,"turns":3.0},{"damage":8.0,"enemies":"Shell Parasite","floor":21.0,"turns":6.0},{"damage":49,"enemies":"Gremlin Leader","floor":23,"turns":6}],"seed_played":"9082657358476042572","potions_obtained":[{"floor":3.0,"key":"SkillPotion"},{"floor":4.0,"key":"Poison Potion"},{"floor":6.0,"key":"Block Potion"},{"floor":14.0,"key":"SkillPotion"},{"floor":18.0,"key":"Strength Potion"}],"is_trial":false,"path_per_floor":["M","?","M","M","?","E","$","M","T","E","T","T","M","M","R","B",null,"M","?","T","M","?","E"],"character_chosen":"DEFECT","items_purchased":[],"campfire_rested":0,"item_purchase_floors":[],"current_hp_per_floor":[63,63,63,61,61,50,50,41,41,18,18,18,18,14,14,3,49,39,52,52,44,44,0],"gold":456,"neow_bonus":"TRANSFORM_TWO_CARDS","is_prod":false,"is_daily":false,"chose_seed":false,"campfire_upgraded":1,"win_rate":0,"timestamp":1559067290,"path_taken":["M","?","M","M","?","E","?","M","T","E","?","?","M","M","R","BOSS","M","?","?","?","?","E"],"build_version":"2019-01-23","purchased_purges":1,"victory":false,"max_hp_per_floor":[71,64,64,64,64,64,64,64,64,64,64,64,64,64,64,64,64,64,64,64,64,64,64],"card_choices":[{"not_picked":["Barrage","Turbo"],"picked":"FTL","floor":1.0},{"not_picked":["Chaos","Streamline"],"picked":"Defragment","floor":3.0},{"not_picked":["Redo","Compile Driver"],"picked":"Rebound","floor":4.0},{"not_picked":["Melter","Turbo"],"picked":"Cold Snap","floor":6.0},{"not_picked":["White Noise","Rebound"],"picked":"Compile Driver","floor":8.0},{"not_picked":["Streamline","Aggregate"],"picked":"White Noise","floor":10.0},{"not_picked":["Sunder","Undo"],"picked":"Ball Lightning","floor":13.0},{"not_picked":["Steam Power","Beam Cell"],"picked":"Echo Form","floor":14.0},{"not_picked":["Meteor Strike","Reboot"],"picked":"Creative AI","floor":16.0},{"not_picked":["Steam","Hologram"],"picked":"Leap","floor":18.0},{"not_picked":["Chaos","Turbo"],"picked":"Redo+1","floor":21.0}],"player_experience":807390,"relics_obtained":[{"floor":6.0,"key":"Potion Belt"},{"floor":10.0,"key":"War Paint"},{"floor":11.0,"key":"DataDisk"},{"floor":12.0,"key":"Bottled Tornado"},{"floor":20.0,"key":"Oddly Smooth Stone"}],"event_choices":[{"damage_healed":0.0,"max_hp_gain":0.0,"max_hp_loss":7.0,"gold_gain":0.0,"event_name":"Golden Idol","player_choice":"Lose Max HP","floor":2.0,"gold_loss":0.0,"damage_taken":0.0,"relics_obtained":["Golden Idol"]},{"damage_healed":0.0,"max_hp_gain":0.0,"max_hp_loss":0.0,"gold_gain":54.0,"event_name":"Golden Wing","player_choice":"Gained Gold","floor":5.0,"gold_loss":0.0,"damage_taken":0.0},{"damage_healed":13.0,"max_hp_gain":0.0,"max_hp_loss":0.0,"gold_gain":0.0,"event_name":"The Library","player_choice":"Heal","floor":19.0,"gold_loss":0.0,"damage_taken":0.0},{"damage_healed":0,"gold_gain":0,"player_choice":"Ignored","damage_taken":0,"max_hp_gain":0,"max_hp_loss":0,"event_name":"The Mausoleum","floor":22,"gold_loss":0}],"is_beta":false,"boss_relics":[{"not_picked":["Busted Crown","Fusion Hammer"],"picked":"Pandora\u0027s Box"}],"items_purged_floors":[7],"is_endless":false,"potions_floor_spawned":[3,4,6,14,18],"killed_by":"Gremlin Leader","ascension_level":20}