{"gold_per_floor":[210,223,3,22,97,97,132,132,159,159,173,194,194,194,194,267,267,277,277,295,80,96,96,122,122,122,166,178,203,226,251,263,275],"floor_reached":33,"playtime":1382,"items_purged":["Strike_B","Strike_B"],"score":543,"play_id":"5939a45f-62f5-412b-8272-c2daa734ec87","local_time":"20190518135250","is_ascension_mode":true,"campfire_choices":[{"data":"Zap","floor":6,"key":"SMITH"},{"data":"Loop","floor":8,"key":"SMITH"},{"data":"Conserve Battery","floor":10,"key":"SMITH"},{"data":"Biased Cognition","floor":13,"key":"SMITH"},{"floor":15,"key":"REST"},{"data":"Sunder","floor":23,"key":"SMITH"},{"data":"Capacitor","floor":25,"key":"SMITH"},{"floor":28,"key":"REST"},{"floor":32,"key":"REST"}],"neow_cost":"NONE","seed_source_timestamp":397601222563700,"circlet_count":0,"master_deck":["AscendersBane","Strike_B","Defend_B","Defend_B","Defend_B","Defend_B","Zap+1","Dualcast","Glacier","Conserve Battery+1","Loop+1","Hologram","Biased Cognition+1","Beam Cell","Sweeping Beam","Meteor Strike","Go for the Eyes","Electrodynamics","Coolheaded","Gash+1","Self Repair","Sunder+1","Hologram","Capacitor+1","Redo","Double Energy","Compile Driver","Sunder+1","Loop"],"relics":["Cracked Core","Oddly Smooth Stone","Strawberry","Odd Mushroom","Lizard Tail","Smiling Mask","Matryoshka","MawBank","Thread and Needle","Blood Vial"],"potions_floor_usage":[7,16,29,31],"damage_taken":[{"damage":4,"enemies":"2 Louse","floor":1,"turns":3},{"damage":1,"enemies":"Jaw Worm","floor":2,"turns":4},{"damage":0,"enemies":"Cultist","floor":4,"turns":4},{"damage":0,"enemies":"3 Sentries","floor":7,"turns":3},{"damage":11,"enemies":"3 Louse","floor":11,"turns":3},{"damage":20,"enemies":"The Mushroom Lair","floor":12,"turns":3},{"damage":29,"enemies":"Slime Boss","floor":16,"turns":13},{"damage":0,"enemies":"Chosen","floor":18,"turns":4},{"damage":0,"enemies":"Shell Parasite","floor":20,"turns":6},{"damage":22,"enemies":"Shelled Parasite and Fungi","floor":22,"turns":5},{"damage":55,"enemies":"Book of Stabbing","floor":24,"turns":10},{"damage":30,"enemies":"Slavers","floor":27,"turns":2},{"damage":2,"enemies":"Snake Plant","floor":29,"turns":4},{"damage":0,"enemies":"3 Cultists","floor":30,"turns":5},{"damage":25,"enemies":"Cultist and Chosen","floor":31,"turns":7},{"damage":70,"enemies":"Collector","floor":33,"turns":5}],"seed_played":"-4594265731539916252","potions_obtained":[{"floor":2,"key":"PowerPotion"},{"floor":4,"key":"SneckoOil"},{"floor":27,"key":"EssenceOfSteel"},{"floor":30,"key":"PowerPotion"},{"floor":31,"key":"Swift Potion"}],"is_trial":false,"path_per_floor":["M","M","$","M","?","R","E","R","T","R","M","?","R","?","R","B",null,"M","?","M","$","M","R","E","R","T","E","R","M","M","M","R","B"],"character_chosen":"DEFECT","items_purchased":["Loop","Hologram","Cold Snap","Self Repair","Sunder","Hologram"],"campfire_rested":3,"item_purchase_floors":[3,3,3,21,21,21],"current_hp_per_floor":[60,59,59,59,48,48,48,48,55,55,44,24,24,24,47,18,63,63,63,63,63,41,41,34,34,34,4,27,34,43,27,50,0],"gold":275,"neow_bonus":"HUNDRED_GOLD","is_prod":false,"is_daily":false,"chose_seed":false,"campfire_upgraded":6,"win_rate":0,"timestamp":1558180370,"path_taken":["M","M","$","M","?","R","E","R","T","R","M","?","R","?","R","BOSS","M","?","M","$","M","R","E","R","T","E","R","M","M","?","R","BOSS"],"build_version":"2019-01-23","purchased_purges":2,"victory":false,"max_hp_per_floor":[71,71,71,71,71,71,71,71,78,78,78,78,78,78,78,78,78,78,78,78,78,78,78,78,78,78,78,78,78,78,78,78,78],"card_choices":[{"not_picked":["Streamline","Aggregate"],"picked":"Glacier","floor":1},{"not_picked":["Force Field","Darkness"],"picked":"Conserve Battery","floor":2},{"not_picked":["Hologram","Cold Snap"],"picked":"Biased Cognition","floor":4},{"not_picked":["Rebound","Steam"],"picked":"Beam Cell","floor":7},{"not_picked":["Tempest","Streamline"],"picked":"Sweeping Beam","floor":11},{"not_picked":["Darkness","Turbo"],"picked":"Meteor Strike","floor":12},{"not_picked":["Biased Cognition","Machine Learning"],"picked":"Electrodynamics","floor":16},{"not_picked":["Cold Snap","Conserve Battery"],"picked":"Coolheaded","floor":18},{"not_picked":["Hologram","Turbo"],"picked":"Gash+1","floor":20},{"not_picked":["Self Repair","Cold Snap"],"picked":"Capacitor","floor":22},{"not_picked":["Doom and Gloom","Darkness"],"picked":"Redo","floor":24},{"not_picked":["Hologram","Conserve Battery"],"picked":"Double Energy","floor":27},{"not_picked":["Sweeping Beam","Coolheaded"],"picked":"Compile Driver","floor":29},{"not_picked":["Conserve Battery","Sweeping Beam"],"picked":"Sunder+1","floor":30},{"not_picked":["Lockon","BootSequence"],"picked":"Loop","floor":31}],"player_experience":1141508,"relics_obtained":[{"floor":7,"key":"Oddly Smooth Stone"},{"floor":9,"key":"Strawberry"},{"floor":12,"key":"Odd Mushroom"},{"floor":24,"key":"Matryoshka"},{"floor":26,"key":"MawBank"},{"floor":26,"key":"Thread and Needle"},{"floor":27,"key":"Blood Vial"}],"event_choices":[{"damage_healed":0,"gold_gain":75,"player_choice":"Gather Gold","damage_taken":11,"max_hp_gain":0,"max_hp_loss":0,"event_name":"World of Goop","floor":5,"gold_loss":0},{"damage_healed":0,"gold_gain":0,"player_choice":"Fought Mushrooms","damage_taken":0,"max_hp_gain":0,"max_hp_loss":0,"event_name":"Mushrooms","floor":12,"gold_loss":0},{"damage_healed":0,"gold_gain":0,"cards_transformed":["Strike_B"],"player_choice":"Change","damage_taken":0,"max_hp_gain":0,"max_hp_loss":0,"event_name":"Living Wall","floor":14,"gold_loss":0,"cards_obtained":["Go for the Eyes"]},{"cards_removed":["Cold Snap"],"damage_healed":0,"gold_gain":0,"player_choice":"Gave Card","damage_taken":0,"relics_obtained":["Smiling Mask"],"max_hp_gain":0,"max_hp_loss":0,"event_name":"WeMeetAgain","floor":19,"gold_loss":0}],"is_beta":false,"boss_relics":[{"not_picked":["Eternal Feather","Coffee Dripper"],"picked":"Lizard Tail"}],"items_purged_floors":[3,21],"is_endless":false,"potions_floor_spawned":[2,4,27,30,31],"killed_by":"Collector","ascension_level":15}