{"gold_per_floor":[113,127,127,127,68,108,108,148,148,167,183,216,216,232,232,328,328,343,366,366],"floor_reached":20,"playtime":1024,"items_purged":[],"score":438,"play_id":"bd3a52e0-71b8-4a83-9bd5-5b8081045135","local_time":"20190611003501","is_ascension_mode":true,"campfire_choices":[{"floor":13,"key":"REST"},{"data":"Streamline","floor":15,"key":"SMITH"}],"neow_cost":"NONE","seed_source_timestamp":538893423608578,"circlet_count":0,"master_deck":["AscendersBane","Strike_B","Strike_B","Strike_B","Strike_B","Defend_B","Defend_B","Defend_B","Defend_B","Zap","Dualcast","Self Repair","Sweeping Beam","Compile Driver","Glacier","Streamline+1","Gash","Go for the Eyes","Echo Form","Creative AI","Pain","Shame","Injury","Ball Lightning","Undo+1"],"special_seed":0,"relics":["Cracked Core","NeowsBlessing","Golden Idol","Pantograph","Regal Pillow","Cables","Torii","Calling Bell","Oddly Smooth Stone","Meat on the Bone","Shovel"],"potions_floor_usage":[8,12,18,19],"damage_taken":[{"damage":0.0,"enemies":"Cultist","floor":1.0,"turns":1.0},{"damage":0.0,"enemies":"Small Slimes","floor":2.0,"turns":1.0},{"damage":0.0,"enemies":"3 Sentries","floor":6.0,"turns":1.0},{"damage":32,"enemies":"Lagavulin","floor":8,"turns":8},{"damage":0,"enemies":"Jaw Worm","floor":10,"turns":5},{"damage":7,"enemies":"Looter","floor":11,"turns":3},{"damage":25,"enemies":"3 Sentries","floor":12,"turns":6},{"damage":19,"enemies":"Lots of Slimes","floor":14,"turns":4},{"damage":46,"enemies":"Slime Boss","floor":16,"turns":14},{"damage":26,"enemies":"Chosen","floor":18,"turns":6},{"damage":24,"enemies":"Spheric Guardian","floor":19,"turns":4},{"damage":37,"enemies":"Centurion and Healer","floor":20,"turns":6}],"seed_played":"-6175918574205387825","potions_obtained":[{"floor":1.0,"key":"SteroidPotion"},{"floor":2.0,"key":"GamblersBrew"},{"floor":10,"key":"SneckoOil"},{"floor":14,"key":"Ancient Potion"},{"floor":18,"key":"SkillPotion"}],"is_trial":false,"path_per_floor":["M","M","?","?","$","E","?","E","T","M","M","E","R","M","R","B",null,"M","M","M"],"character_chosen":"DEFECT","items_purchased":["Compile Driver"],"campfire_rested":1,"item_purchase_floors":[5],"current_hp_per_floor":[64,64,64,59,59,59,50,25,25,32,32,7,41,29,29,22,54,54,42,5],"gold":366,"neow_bonus":"THREE_ENEMY_KILL","is_prod":false,"is_daily":false,"chose_seed":false,"campfire_upgraded":1,"win_rate":0,"timestamp":1560206101,"path_taken":["M","?","?","?","?","E","?","E","T","M","M","E","R","M","R","BOSS","M","?","M"],"build_version":"2019-01-23","purchased_purges":0,"victory":false,"max_hp_per_floor":[71,71,64,64,64,64,64,64,64,64,64,64,64,64,64,64,64,64,64,64],"card_choices":[{"not_picked":["Force Field","Reprogram"],"picked":"Self Repair","floor":1.0},{"not_picked":["Conserve Battery","Reinforced Body"],"picked":"Sweeping Beam","floor":2.0},{"not_picked":["Leap","Aggregate"],"picked":"Glacier","floor":6.0},{"not_picked":["Rebound","Doom and Gloom"],"picked":"Streamline","floor":8},{"not_picked":["Heatsinks","Stack","Fusion"],"picked":"SKIP","floor":10},{"not_picked":["Go for the Eyes","Redo"],"picked":"Gash","floor":11},{"not_picked":["Heatsinks","Streamline"],"picked":"Go for the Eyes","floor":12},{"not_picked":["Reinforced Body","Stack"],"picked":"Echo Form","floor":14},{"not_picked":["Amplify","Machine Learning"],"picked":"Creative AI","floor":16},{"not_picked":["Steam","Lockon+1"],"picked":"Ball Lightning","floor":18},{"not_picked":["Redo+1","Barrage"],"picked":"Undo+1","floor":19}],"player_experience":830700,"relics_obtained":[{"floor":8,"key":"Regal Pillow"},{"floor":9,"key":"Cables"},{"floor":12,"key":"Torii"},{"floor":17,"key":"Oddly Smooth Stone"},{"floor":17,"key":"Meat on the Bone"},{"floor":17,"key":"Shovel"}],"event_choices":[{"damage_healed":0.0,"max_hp_gain":0.0,"max_hp_loss":7.0,"gold_gain":0.0,"event_name":"Golden Idol","player_choice":"Lose Max HP","floor":3.0,"gold_loss":0.0,"damage_taken":0.0,"relics_obtained":["Golden Idol"]},{"damage_healed":0.0,"max_hp_gain":0.0,"max_hp_loss":0.0,"gold_gain":0.0,"event_name":"Scrap Ooze","player_choice":"Success","floor":4.0,"gold_loss":0.0,"damage_taken":5.0,"relics_obtained":["Pantograph"]},{"damage_healed":0.0,"max_hp_gain":0.0,"max_hp_loss":0.0,"gold_gain":0.0,"event_name":"Wheel of Change","player_choice":"Damaged","floor":7.0,"gold_loss":0.0,"damage_taken":9.0}],"is_beta":false,"boss_relics":[{"not_picked":["Orrery","Tiny House"],"picked":"Calling Bell"}],"items_purged_floors":[],"is_endless":false,"potions_floor_spawned":[1,2,10,14,18],"killed_by":"Centurion and Healer","ascension_level":20}