{"gold_per_floor":[118,293,293,140,140,140,152,152,177,177,30,30,30,46,46,177,177,190,37,37,60,81,81,81],"floor_reached":24,"playtime":514,"items_purged":["Doubt"],"score":182,"play_id":"b3f26855-6a1c-4950-93bd-5a755ec297dc","local_time":"20190723222005","is_ascension_mode":false,"campfire_choices":[{"data":"Inflame","floor":6,"key":"SMITH"},{"data":"Sword Boomerang","floor":8,"key":"SMITH"},{"data":"Bash","floor":10,"key":"SMITH"},{"floor":15,"key":"REST"},{"floor":23,"key":"REST"}],"neow_cost":"TEN_PERCENT_HP_LOSS","seed_source_timestamp":1205887847034222,"circlet_count":0,"master_deck":["Strike_R","Strike_R+1","Defend_R","Defend_R","Defend_R+1","Defend_R","Bash+1","Infernal Blade","Inflame+1","Sword Boomerang+1","Flex","Whirlwind","Pummel","Heavy Blade","Limit Break","Offering","Disarm+1"],"relics":["Burning Blood","StoneCalendar","Boot","Pen Nib","Golden Idol","Empty Cage","GremlinMask"],"potions_floor_usage":[16,24],"damage_taken":[{"damage":6,"enemies":"Cultist","floor":1,"turns":3},{"damage":3,"enemies":"2 Louse","floor":7,"turns":3},{"damage":11,"enemies":"Jaw Worm","floor":14,"turns":2},{"damage":39,"enemies":"Hexaghost","floor":16,"turns":5},{"damage":24,"enemies":"Shell Parasite","floor":18,"turns":3},{"damage":10,"enemies":"3 Byrds","floor":21,"turns":3},{"damage":45,"enemies":"Snake Plant","floor":22,"turns":4},{"damage":34,"enemies":"Sentry and Sphere","floor":24,"turns":4}],"seed_played":"214621220241874818","potions_obtained":[{"floor":1,"key":"Dexterity Potion"},{"floor":7,"key":"Ancient Potion"},{"floor":18,"key":"Swift Potion"}],"is_trial":false,"path_per_floor":["M","?","?","$","T","R","M","R","T","R","$","?","?","M","R","B",null,"M","$","?","M","M","R","M"],"character_chosen":"IRONCLAD","items_purchased":["Inflame","Flex","Whirlwind","Pummel","Offering"],"campfire_rested":2,"item_purchase_floors":[4,11,11,11,19],"current_hp_per_floor":[72,72,58,58,58,58,61,61,61,61,61,54,36,31,52,19,72,54,54,54,50,11,32,0],"gold":81,"neow_bonus":"ONE_RARE_RELIC","is_prod":false,"is_daily":false,"chose_seed":false,"campfire_upgraded":3,"win_rate":0,"timestamp":1563934805,"path_taken":["M","?","?","$","?","R","M","R","T","R","?","?","?","?","R","BOSS","M","$","?","M","M","R","M"],"build_version":"2019-07-17","purchased_purges":1,"victory":false,"max_hp_per_floor":[72,72,72,72,72,72,72,72,72,72,72,72,72,72,72,72,72,72,72,72,72,72,72,72],"card_choices":[{"not_picked":["Headbutt","Sentinel"],"picked":"Infernal Blade","floor":1},{"not_picked":["Bloodletting","True Grit"],"picked":"Sword Boomerang","floor":7},{"not_picked":["Anger","Twin Strike"],"picked":"Heavy Blade","floor":14},{"not_picked":["Demon Form","Impervious"],"picked":"Limit Break","floor":16},{"not_picked":["Clash+1","Power Through","Cleave"],"picked":"SKIP","floor":18},{"not_picked":["Iron Wave","Fire Breathing","Warcry"],"picked":"SKIP","floor":21},{"not_picked":["True Grit+1","Twin Strike"],"picked":"Disarm+1","floor":22}],"player_experience":307406,"relics_obtained":[{"floor":5,"key":"Boot"},{"floor":9,"key":"Pen Nib"}],"event_choices":[{"damage_healed":0,"gold_gain":175,"player_choice":"AGREE","damage_taken":0,"max_hp_gain":0,"max_hp_loss":0,"event_name":"Liars Game","floor":2,"gold_loss":0,"cards_obtained":["Doubt"]},{"damage_healed":0,"gold_gain":0,"player_choice":"Entered Light","damage_taken":14,"max_hp_gain":0,"max_hp_loss":0,"event_name":"Shining Light","floor":3,"gold_loss":0,"cards_upgraded":["Defend_R","Strike_R"]},{"cards_removed":["Strike_R"],"damage_healed":0,"gold_gain":0,"player_choice":"Card Removal","damage_taken":7,"max_hp_gain":0,"max_hp_loss":0,"event_name":"Golden Wing","floor":12,"gold_loss":0},{"damage_healed":0,"gold_gain":0,"player_choice":"Take Damage","damage_taken":18,"relics_obtained":["Golden Idol"],"max_hp_gain":0,"max_hp_loss":0,"event_name":"Golden Idol","floor":13,"gold_loss":0},{"damage_healed":0,"gold_gain":0,"player_choice":"Trade","damage_taken":0,"relics_obtained":["GremlinMask"],"max_hp_gain":0,"max_hp_loss":0,"event_name":"FaceTrader","floor":20,"gold_loss":0}],"is_beta":false,"boss_relics":[{"not_picked":["Orrery","Snecko Eye"],"picked":"Empty Cage"}],"items_purged_floors":[4],"is_endless":false,"potions_floor_spawned":[1,7,18],"killed_by":"Sentry and Sphere","ascension_level":0}