{"gold_per_floor":[114,114,128,145,51,80,92,92,117,179,179,179,189,209,209,284,284,302,61,77,77,77,77,93,93,116,116,130,130,145,17,17,17],"floor_reached":33,"playtime":1157,"items_purged":["Anger","Anger"],"score":494,"play_id":"17226635-0e41-4441-bcf9-42f2c3eafe04","local_time":"20190222184822","is_ascension_mode":true,"campfire_choices":[{"floor":11,"key":"REST"},{"data":"Uppercut","floor":15,"key":"SMITH"},{"data":"Whirlwind","floor":23,"key":"SMITH"},{"data":"Inflame","floor":25,"key":"SMITH"},{"data":"Juggernaut","floor":27,"key":"SMITH"},{"floor":29,"key":"REST"},{"floor":32,"key":"REST"}],"neow_cost":"NONE","seed_source_timestamp":542351407736062,"circlet_count":0,"master_deck":["AscendersBane","Strike_R","Strike_R","Strike_R","Strike_R","Strike_R","Defend_R","Defend_R","Defend_R","Defend_R+1","Bash+1","Armaments","Thunderclap","Uppercut+1","Pommel Strike","Armaments+1","Evolve","Cleave","Clothesline","Juggernaut+1","Disarm+1","Inflame+1","Whirlwind+1","Feel No Pain","Shrug It Off","Metallicize+1","Shrug It Off"],"special_seed":0,"relics":["Burning Blood","Art of War","Pen Nib","Strawberry","Snecko Eye","War Paint"],"potions_floor_usage":[6,10,14,20,33,33],"damage_taken":[{"damage":1.0,"enemies":"Cultist","floor":1.0,"turns":3.0},{"damage":4,"enemies":"2 Louse","floor":3,"turns":2},{"damage":7,"enemies":"Small Slimes","floor":4,"turns":4},{"damage":65,"enemies":"3 Sentries","floor":6,"turns":9},{"damage":9,"enemies":"Red Slaver","floor":7,"turns":2},{"damage":15,"enemies":"3 Sentries","floor":10,"turns":6},{"damage":5,"enemies":"Large Slime","floor":13,"turns":5},{"damage":6,"enemies":"Looter","floor":14,"turns":2},{"damage":38,"enemies":"Slime Boss","floor":16,"turns":8},{"damage":0,"enemies":"Chosen","floor":18,"turns":3},{"damage":11,"enemies":"Spheric Guardian","floor":20,"turns":3},{"damage":7,"enemies":"3 Cultists","floor":24,"turns":4},{"damage":16,"enemies":"Centurion and Healer","floor":28,"turns":5},{"damage":10,"enemies":"Snecko","floor":30,"turns":3},{"damage":95,"enemies":"Collector","floor":33,"turns":7}],"seed_played":"-608649702596916766","potions_obtained":[{"floor":4,"key":"FearPotion"},{"floor":6,"key":"BloodPotion"},{"floor":13,"key":"AttackPotion"},{"floor":14,"key":"Explosive Potion"},{"floor":18,"key":"PowerPotion"},{"floor":30,"key":"BloodPotion"}],"is_trial":false,"path_per_floor":["M","?","M","M","$","E","M","?","T","?","R","?","M","M","R","B",null,"M","$","M","?","?","R","M","R","T","R","M","R","M","$","R","B"],"character_chosen":"IRONCLAD","items_purchased":["Uppercut","Pommel Strike","War Paint","Shrug It Off"],"campfire_rested":3,"item_purchase_floors":[5,5,19,31],"current_hp_per_floor":[73,78,80,79,79,20,17,17,17,23,49,49,50,50,50,18,70,76,76,71,71,46,46,45,45,45,45,35,62,58,58,85,0],"gold":17,"neow_bonus":"UPGRADE_CARD","is_prod":false,"is_daily":false,"chose_seed":false,"campfire_upgraded":4,"win_rate":0,"timestamp":1550857702,"path_taken":["M","?","M","M","$","E","M","?","T","?","R","?","?","M","R","BOSS","M","$","M","?","?","R","M","R","T","R","M","R","M","$","R","BOSS"],"build_version":"2019-01-23","purchased_purges":2,"victory":false,"max_hp_per_floor":[75,80,80,80,80,80,80,80,80,87,87,87,87,87,87,87,87,87,87,87,87,92,92,92,92,92,92,92,92,92,92,92,92],"card_choices":[{"not_picked":["Sword Boomerang","Hemokinesis"],"picked":"Anger","floor":1.0},{"not_picked":["Body Slam","Intimidate"],"picked":"Armaments","floor":3},{"not_picked":["Sword Boomerang","Hemokinesis"],"picked":"Thunderclap","floor":4},{"not_picked":["Seeing Red","Pommel Strike"],"picked":"Armaments","floor":6},{"not_picked":["Thunderclap","Havoc"],"picked":"Evolve","floor":7},{"not_picked":["Flex","Pummel"],"picked":"Cleave","floor":10},{"not_picked":["Thunderclap","Warcry"],"picked":"Anger","floor":13},{"not_picked":["Havoc","Dark Embrace"],"picked":"Clothesline","floor":14},{"not_picked":["Dark Embrace","Berserk"],"picked":"Juggernaut","floor":16},{"not_picked":["Entrench","Reckless Charge"],"picked":"Disarm","floor":18},{"not_picked":["Iron Wave","Sword Boomerang"],"picked":"Inflame","floor":20},{"not_picked":["Reckless Charge","Wild Strike"],"picked":"Feel No Pain","floor":24},{"not_picked":["Flex","Battle Trance"],"picked":"Shrug It Off","floor":28},{"not_picked":["Armaments","Sword Boomerang"],"picked":"Metallicize+1","floor":30}],"player_experience":660472,"relics_obtained":[{"floor":6,"key":"Art of War"},{"floor":9,"key":"Pen Nib"},{"floor":10,"key":"Strawberry"}],"event_choices":[{"damage_healed":0,"gold_gain":0,"player_choice":"Donut","damage_taken":0,"max_hp_gain":5,"max_hp_loss":0,"event_name":"Big Fish","floor":2,"gold_loss":0},{"damage_healed":0,"gold_gain":0,"player_choice":"Ignored","damage_taken":0,"max_hp_gain":0,"max_hp_loss":0,"event_name":"Shining Light","floor":8,"gold_loss":0},{"damage_healed":0,"gold_gain":0,"player_choice":"Searched \u00271\u0027 times","damage_taken":0,"max_hp_gain":0,"max_hp_loss":0,"event_name":"Dead Adventurer","floor":10,"gold_loss":0},{"damage_healed":0,"gold_gain":0,"player_choice":"Forge","damage_taken":0,"max_hp_gain":0,"max_hp_loss":0,"event_name":"Accursed Blacksmith","floor":12,"gold_loss":0,"cards_upgraded":["Armaments"]},{"damage_healed":0,"gold_gain":0,"player_choice":"Read","damage_taken":0,"max_hp_gain":0,"max_hp_loss":0,"event_name":"The Library","floor":21,"gold_loss":0,"cards_obtained":["Whirlwind"]},{"damage_healed":0,"gold_gain":0,"player_choice":"Shed Blood","damage_taken":30,"max_hp_gain":5,"max_hp_loss":0,"event_name":"Forgotten Altar","floor":22,"gold_loss":0}],"is_beta":false,"boss_relics":[{"not_picked":["Black Blood","Fusion Hammer"],"picked":"Snecko Eye"}],"items_purged_floors":[19,31],"is_endless":false,"potions_floor_spawned":[4,6,13,14,18,30],"killed_by":"Collector","ascension_level":20}