{"gold_per_floor":[116,127,127,177,192,192,204,204,204,217,217,243,95,165,165,239,239,252,100,150,161,211,211,159,309,309,326,376,391,391,404,404,476,476,487,56,106,119,137,137,164,164,164,268,282,301,50,69,69,69],"floor_reached":51,"playtime":2984,"items_purged":["Strike_R","Combust","Cleave","Feel No Pain"],"score":1220,"play_id":"8eac3e98-aed7-4375-b589-c085cb2b0c0a","local_time":"20180917114322","is_ascension_mode":true,"campfire_choices":[{"data":"Whirlwind","floor":6,"key":"SMITH"},{"data":"Bludgeon","floor":8,"key":"SMITH"},{"data":"Inflame","floor":11,"key":"SMITH"},{"data":"Uppercut","floor":15,"key":"SMITH"},{"data":"Limit Break","floor":23,"key":"SMITH"},{"data":"Rampage","floor":30,"key":"SMITH"},{"floor":32,"key":"REST"},{"data":"Disarm","floor":40,"key":"SMITH"},{"floor":42,"key":"REST"},{"data":"Limit Break","floor":49,"key":"SMITH"}],"neow_cost":"TEN_PERCENT_HP_LOSS","seed_source_timestamp":6643820516878,"circlet_count":0,"master_deck":["Bash+1","AscendersBane","Whirlwind+1","Disarm","Inflame+1","Bludgeon+1","Shrug It Off","Disarm+1","Uppercut+1","Limit Break+1","Thunderclap+1","Inflame","Shrug It Off","Shrug It Off","Intimidate","Clothesline+1","Rampage+1","Disarm","Limit Break+1","Shrug It Off+1"],"relics":["Burning Blood","Pocketwatch","SsserpentHead","Darkstone Periapt","Oddly Smooth Stone","Vajra","Pandora\u0027s Box","Magic Flower","The Courier","Red Skull","Velvet Choker","Singing Bowl","Anchor","Peace Pipe","Whetstone","Matryoshka","Potion Belt","Omamori"],"potions_floor_usage":[16,25,25,38,41],"damage_taken":[{"damage":12,"enemies":"Jaw Worm","floor":1,"turns":3},{"damage":1,"enemies":"Cultist","floor":2,"turns":3},{"damage":0,"enemies":"Small Slimes","floor":5,"turns":3},{"damage":10,"enemies":"3 Louse","floor":7,"turns":2},{"damage":0,"enemies":"Blue Slaver","floor":10,"turns":4},{"damage":14,"enemies":"Gremlin Nob","floor":12,"turns":3},{"damage":1,"enemies":"Red Slaver","floor":14,"turns":4},{"damage":9,"enemies":"Slime Boss","floor":16,"turns":7},{"damage":30,"enemies":"2 Thieves","floor":18,"turns":5},{"damage":19,"enemies":"Shell Parasite","floor":21,"turns":5},{"damage":22,"enemies":"Colosseum Slavers","floor":25,"turns":4},{"damage":12,"enemies":"Colosseum Nobs","floor":25,"turns":4},{"damage":9,"enemies":"Snake Plant","floor":27,"turns":3},{"damage":1,"enemies":"Snecko","floor":29,"turns":3},{"damage":28,"enemies":"3 Cultists","floor":31,"turns":5},{"damage":24,"enemies":"Champ","floor":33,"turns":8},{"damage":12,"enemies":"Orb Walker","floor":35,"turns":2},{"damage":0,"enemies":"Mind Bloom Boss Battle","floor":37,"turns":6},{"damage":19,"enemies":"3 Darklings","floor":38,"turns":4},{"damage":17,"enemies":"Spire Growth","floor":39,"turns":6},{"damage":41,"enemies":"Giant Head","floor":41,"turns":7},{"damage":12,"enemies":"Maw","floor":45,"turns":6},{"damage":15,"enemies":"4 Shapes","floor":46,"turns":3},{"damage":0,"enemies":"3 Darklings","floor":48,"turns":2},{"damage":14,"enemies":"Time Eater","floor":50,"turns":5}],"seed_played":"-6015799676556968981","potions_obtained":[{"floor":5,"key":"FearPotion"},{"floor":7,"key":"FearPotion"},{"floor":27,"key":"Explosive Potion"},{"floor":33,"key":"Strength Potion"},{"floor":41,"key":"Swift Potion"},{"floor":46,"key":"FearPotion"},{"floor":48,"key":"Regen Potion"}],"is_trial":false,"path_per_floor":["M","M","?","?","M","R","M","R","T","M","R","E","$","M","R","B",null,"M","$","?","M","?","R","$","?","T","M","?","M","R","M","R","B",null,"M","$","?","M","M","R","E","R","T","T","M","M","$","M","R","B"],"character_chosen":"IRONCLAD","items_purchased":["Uppercut","PowerPotion","SteroidPotion","Singing Bowl","Anchor","Limit Break"],"campfire_rested":2,"item_purchase_floors":[13,19,24,36,36,47],"current_hp_per_floor":[62,67,67,56,62,62,58,58,58,64,64,56,56,61,61,58,66,42,42,56,43,43,43,43,21,21,21,21,29,29,10,30,15,55,52,52,61,53,47,47,17,39,39,39,38,34,34,43,43,38],"gold":69,"neow_bonus":"ONE_RARE_RELIC","is_prod":false,"is_daily":false,"chose_seed":false,"campfire_upgraded":8,"win_rate":0,"timestamp":1537181002,"path_taken":["M","M","?","?","M","R","M","R","T","M","R","E","$","?","R","BOSS","M","$","?","M","?","R","$","?","T","M","?","M","R","M","R","BOSS","M","$","?","M","M","R","E","R","T","?","M","M","$","M","R","BOSS"],"build_version":"2018-09-06","purchased_purges":4,"victory":true,"max_hp_per_floor":[68,68,68,68,68,68,68,68,68,68,68,68,68,68,68,68,68,68,68,68,68,68,68,68,68,68,68,68,68,68,68,68,68,68,68,68,68,70,72,72,74,74,74,74,76,78,78,78,78,78],"card_choices":[{"not_picked":["Body Slam","Spot Weakness"],"picked":"Whirlwind","floor":1},{"not_picked":["Hemokinesis","Iron Wave"],"picked":"Disarm","floor":2},{"not_picked":["Anger","True Grit"],"picked":"Inflame","floor":5},{"not_picked":["Heavy Blade","Wild Strike"],"picked":"Bludgeon","floor":7},{"not_picked":["Headbutt","Cleave"],"picked":"Shrug It Off","floor":10},{"not_picked":["Body Slam","Battle Trance"],"picked":"Disarm","floor":12},{"not_picked":["Searing Blow","Warcry","Seeing Red"],"picked":"SKIP","floor":14},{"not_picked":["Barricade","Immolate"],"picked":"Limit Break","floor":16},{"not_picked":["Clothesline+1","Anger","Heavy Blade"],"picked":"SKIP","floor":18},{"not_picked":["Iron Wave","Pommel Strike","Second Wind"],"picked":"SKIP","floor":21},{"not_picked":["Headbutt","True Grit"],"picked":"Clothesline+1","floor":25},{"not_picked":["Seeing Red","Perfected Strike"],"picked":"Rampage","floor":27},{"not_picked":["Warcry","True Grit","Feel No Pain"],"picked":"SKIP","floor":29},{"not_picked":["Havoc","Shrug It Off","Pommel Strike"],"picked":"SKIP","floor":31},{"not_picked":["Cleave","Sword Boomerang","Evolve"],"picked":"SKIP","floor":35},{"not_picked":["Anger","Uppercut"],"picked":"Disarm","floor":37},{"not_picked":["Burning Pact","True Grit","Clash"],"picked":"Singing Bowl","floor":38},{"not_picked":["Anger","Bloodletting","Sword Boomerang"],"picked":"Singing Bowl","floor":39},{"not_picked":["Reckless Charge","Body Slam","Headbutt+1"],"picked":"Singing Bowl","floor":41},{"not_picked":["Warcry+1","Flex","Sword Boomerang"],"picked":"Singing Bowl","floor":45},{"not_picked":["Intimidate","Warcry","Blood for Blood"],"picked":"Singing Bowl","floor":46},{"not_picked":["Burning Pact+1","Intimidate"],"picked":"Shrug It Off+1","floor":48}],"player_experience":746938,"relics_obtained":[{"floor":9,"key":"Oddly Smooth Stone"},{"floor":12,"key":"Vajra"},{"floor":25,"key":"Magic Flower"},{"floor":25,"key":"The Courier"},{"floor":26,"key":"Red Skull"},{"floor":37,"key":"Peace Pipe"},{"floor":41,"key":"Whetstone"},{"floor":43,"key":"Matryoshka"},{"floor":44,"key":"Potion Belt"},{"floor":44,"key":"Omamori"}],"event_choices":[{"event_name":"FaceTrader","player_choice":"Trade","floor":3,"damage_taken":0},{"event_name":"Scrap Ooze","player_choice":"success","floor":4,"damage_taken":11},{"event_name":"The Library","player_choice":"Heal","floor":20,"damage_taken":0},{"event_name":"Ghosts","player_choice":"Ignored","floor":22,"damage_taken":0},{"event_name":"Colosseum","player_choice":"Fight","floor":25,"damage_taken":0},{"event_name":"Colosseum","player_choice":"Fought Nobs","floor":25,"damage_taken":0},{"event_name":"Transmorgrifier","player_choice":"Skipped","floor":28,"damage_taken":0},{"event_name":"MindBloom","player_choice":"Fight","floor":37,"damage_taken":0}],"is_beta":false,"boss_relics":[{"not_picked":["Calling Bell","Runic Cube"],"picked":"Pandora\u0027s Box"},{"not_picked":["Black Star","Lizard Tail"],"picked":"Velvet Choker"}],"items_purged_floors":[13,19,36,47],"is_endless":false,"potions_floor_spawned":[5,7,12,21,27,33,35,37,41,46,48],"ascension_level":15}