{"gold_per_floor":[118,138,288,81,100,100,135,135,188,188,208,208,29,44,44,115,115,126,1,1,1,13,28,28,48,48,48],"floor_reached":27,"playtime":1040,"items_purged":["Doubt","Strike_R","Strike_R"],"score":394,"play_id":"2351c5d2-42bb-4150-a19b-8b14dfba569f","local_time":"20190704221213","is_ascension_mode":true,"campfire_choices":[{"data":"Clothesline","floor":6,"key":"SMITH"},{"data":"Seeing Red","floor":10,"key":"SMITH"},{"data":"Barricade","floor":12,"key":"SMITH"},{"data":"Feel No Pain","floor":15,"key":"SMITH"},{"floor":24,"key":"REST"}],"neow_cost":"PERCENT_DAMAGE","seed_source_timestamp":1461218764066700,"circlet_count":0,"master_deck":["AscendersBane","Strike_R","Strike_R","Strike_R","Defend_R","Defend_R","Defend_R","Defend_R","Bash+1","Anger","True Grit","Feel No Pain+1","Clothesline+1","Seeing Red+1","Warcry","Barricade+1","Corruption","Anger","Double Tap","Second Wind","Anger+1","Body Slam+1"],"relics":["Burning Blood","Bird Faced Urn","Orichalcum","Tiny Chest","Runic Cube","Molten Egg 2","Sundial"],"potions_floor_usage":[7,14,16,16],"damage_taken":[{"damage":10,"enemies":"Small Slimes","floor":1,"turns":5},{"damage":3,"enemies":"2 Louse","floor":2,"turns":3},{"damage":6,"enemies":"Cultist","floor":5,"turns":4},{"damage":18,"enemies":"Gremlin Nob","floor":7,"turns":5},{"damage":1,"enemies":"Exordium Wildlife","floor":11,"turns":3},{"damage":1,"enemies":"Exordium Thugs","floor":14,"turns":6},{"damage":42,"enemies":"The Guardian","floor":16,"turns":17},{"damage":23,"enemies":"2 Thieves","floor":18,"turns":5},{"damage":3,"enemies":"Chosen","floor":22,"turns":7},{"damage":20,"enemies":"Centurion and Healer","floor":23,"turns":8},{"damage":32,"enemies":"Snake Plant","floor":25,"turns":6},{"damage":55,"enemies":"Book of Stabbing","floor":27,"turns":7}],"seed_played":"-3602913329413547607","potions_obtained":[{"floor":1,"key":"SkillPotion"},{"floor":2,"key":"SteroidPotion"},{"floor":11,"key":"BloodPotion"},{"floor":14,"key":"SpeedPotion"},{"floor":22,"key":"FairyPotion"}],"is_trial":false,"path_per_floor":["M","M","?","$","M","R","E","?","T","R","M","R","$","M","R","B",null,"M","$","?","T","M","M","R","M","T","E"],"character_chosen":"IRONCLAD","items_purchased":["Feel No Pain","Clothesline","Corruption"],"campfire_rested":1,"item_purchase_floors":[4,4,13],"current_hp_per_floor":[46,49,49,49,51,51,41,41,41,41,46,46,46,57,57,43,67,52,52,31,31,38,28,52,32,32,0],"gold":48,"neow_bonus":"ONE_RARE_RELIC","is_prod":false,"is_daily":false,"chose_seed":false,"campfire_upgraded":4,"win_rate":0,"timestamp":1562271133,"path_taken":["M","M","?","$","M","R","E","?","T","R","M","R","$","M","R","BOSS","M","$","?","?","?","M","R","M","T","E"],"build_version":"2019-07-01","purchased_purges":3,"victory":false,"max_hp_per_floor":[75,75,75,75,75,75,75,75,75,75,75,75,75,75,75,75,75,75,75,80,80,80,80,80,80,80,80],"card_choices":[{"not_picked":["Metallicize","Clothesline"],"picked":"Anger","floor":1},{"not_picked":["Perfected Strike","Iron Wave"],"picked":"True Grit","floor":2},{"not_picked":["Reckless Charge","Wild Strike"],"picked":"Seeing Red","floor":5},{"not_picked":["Sword Boomerang","Twin Strike"],"picked":"Warcry","floor":7},{"not_picked":["Blood for Blood","Flex"],"picked":"Barricade","floor":11},{"not_picked":["Disarm","Pummel"],"picked":"Anger","floor":14},{"not_picked":["Berserk","Impervious"],"picked":"Double Tap","floor":16},{"not_picked":["Thunderclap","Body Slam"],"picked":"Second Wind","floor":18},{"not_picked":["Twin Strike+1","Fire Breathing"],"picked":"Anger+1","floor":22},{"not_picked":["Metallicize","Perfected Strike+1"],"picked":"Body Slam+1","floor":23},{"not_picked":["Heavy Blade+1","Sword Boomerang+1","Havoc"],"picked":"SKIP","floor":25}],"player_experience":1586074,"relics_obtained":[{"floor":7,"key":"Orichalcum"},{"floor":9,"key":"Tiny Chest"},{"floor":21,"key":"Molten Egg 2"},{"floor":26,"key":"Sundial"}],"event_choices":[{"damage_healed":0,"gold_gain":150,"player_choice":"AGREE","damage_taken":0,"max_hp_gain":0,"max_hp_loss":0,"event_name":"Liars Game","floor":3,"gold_loss":0,"cards_obtained":["Doubt"]},{"damage_healed":0,"gold_gain":0,"player_choice":"Upgraded","damage_taken":0,"max_hp_gain":0,"max_hp_loss":0,"event_name":"Upgrade Shrine","floor":8,"gold_loss":0,"cards_upgraded":["Bash"]},{"damage_healed":0,"gold_gain":0,"player_choice":"Shed Blood","damage_taken":26,"max_hp_gain":5,"max_hp_loss":0,"event_name":"Forgotten Altar","floor":20,"gold_loss":0}],"is_beta":false,"boss_relics":[{"not_picked":["Orrery","Coffee Dripper"],"picked":"Runic Cube"}],"items_purged_floors":[4,13,19],"is_endless":false,"potions_floor_spawned":[1,2,11,14,22],"killed_by":"Book of Stabbing","ascension_level":17}