{"path_per_floor":["M","M","$","M","M","R","E","?","T","?","?","?","M","E","R","B",null,"M","M","$","M","?","M","R","M","T","?","M"],"character_chosen":"IRONCLAD","items_purchased":["Whetstone","Ice Cream"],"gold_per_floor":[368,378,148,161,173,173,199,199,199,219,219,219,234,266,266,369,369,386,401,4,17,17,33,33,48,72,72,92],"floor_reached":29,"campfire_rested":0,"playtime":2669,"current_hp_per_floor":[80,80,80,80,77,77,59,59,73,57,88,88,75,58,58,23,94,93,94,94,94,94,59,59,63,63,94,91],"items_purged":["Defend_R","Strike_R"],"gold":92,"play_id":"4d4b2366-d4a6-4412-9003-d28e2a576d88","is_prod":false,"is_daily":false,"is_ascension_mode":true,"campfire_upgraded":3,"path_taken":["M","M","$","M","M","R","E","?","T","?","?","?","M","E","R","BOSS","M","M","?","M","?","?","R","M","T","?","M","E"],"build_version":"2018-01-25-PROD3","purchased_purges":2,"victory":false,"master_deck":["Strike_R+1","Strike_R","Strike_R","Strike_R","Defend_R","Defend_R","Defend_R","Bash","Uppercut+1","Pommel Strike+1","Flame Barrier+1","Double Tap+1","Headbutt","Shrug It Off","Offering","Infernal Blade+1","Shrug It Off+1","Decay","Rupture"],"max_hp_per_floor":[80,80,80,80,80,80,80,80,94,94,94,94,94,94,94,94,94,94,94,94,94,94,94,94,94,94,94,94],"relics":["Black Blood","Whetstone","Art of War","Mango","Odd Mushroom","Anchor","Ice Cream","Toxic Egg"],"card_choices":[{"not_picked":["Sever Soul","Reckless Charge"],"picked":"Uppercut"},{"not_picked":["True Grit","Combust"],"picked":"Pommel Strike"},{"not_picked":["Infernal Blade","Blood for Blood"],"picked":"Flame Barrier"},{"not_picked":["Iron Wave","Immolate"],"picked":"Double Tap"},{"not_picked":["Pommel Strike","Havoc"],"picked":"Headbutt"},{"not_picked":["Bloodletting","Sword Boomerang"],"picked":"Shrug It Off"},{"not_picked":["Juggernaut","Double Tap"],"picked":"Offering"},{"not_picked":["Headbutt","Pommel Strike"],"picked":"Infernal Blade"},{"not_picked":["Body Slam","Sword Boomerang"],"picked":"Shrug It Off"},{"not_picked":["Perfected Strike","Heavy Blade"],"picked":"Rupture"}],"player_experience":113645,"potions_floor_usage":[4,7,16,25,29,29],"damage_taken":[{"damage":1,"enemies":"2 Louse","floor":1,"turns":3},{"damage":4,"enemies":"Cultist","floor":2,"turns":4},{"damage":2,"enemies":"Blue Slaver","floor":4,"turns":4},{"damage":9,"enemies":"2 Fungi Beasts","floor":5,"turns":3},{"damage":39,"enemies":"3 Sentries","floor":7,"turns":7},{"damage":22,"enemies":"The Mushroom Lair","floor":10,"turns":4},{"damage":19,"enemies":"Exordium Thugs","floor":13,"turns":5},{"damage":23,"enemies":"Lagavulin","floor":14,"turns":5},{"damage":41,"enemies":"Hexaghost","floor":16,"turns":9},{"damage":11,"enemies":"2 Thieves","floor":18,"turns":4},{"damage":6,"enemies":"Shell Parasite","floor":19,"turns":4},{"damage":10,"enemies":"Snake Plant","floor":21,"turns":4},{"damage":45,"enemies":"3 Cultists","floor":23,"turns":7},{"damage":6,"enemies":"Chosen and Byrds","floor":25,"turns":6},{"damage":13,"enemies":"Snake Plant","floor":28,"turns":3},{"damage":109,"enemies":"Gremlin Leader","floor":29,"turns":8}],"event_choices":[{"event_name":"Living Wall","player_choice":"Grow","floor":8,"damage_taken":0},{"event_name":"Mushrooms","player_choice":"Fought Mushrooms","floor":10,"damage_taken":0},{"event_name":"Big Fish","player_choice":"Banana","floor":11,"damage_taken":0},{"event_name":"Purifier","player_choice":"One Purge","floor":12,"damage_taken":0},{"event_name":"Match and Keep!","player_choice":"1 cards matched","floor":22,"damage_taken":0},{"event_name":"The Library","player_choice":"Heal","floor":27,"damage_taken":0}],"boss_relics":[{"not_picked":["Tiny House","Eternal Feather"],"picked":"Black Blood"}],"potions_floor_spawned":[1,2,13,16,19,28],"seed_played":"-6348864626214820711","killed_by":"Gremlin Leader","ascension_level":1,"is_trial":false}