{"gold_per_floor":[118,131,5,5,15,15,25,25,25,25,64,64,83,33,33,33],"floor_reached":16,"playtime":786,"items_purged":[],"score":195,"play_id":"51ac00f2-1a64-46e1-9d6b-62501cea298f","local_time":"20191014011225","is_ascension_mode":true,"campfire_choices":[{"data":"Dualcast","floor":6,"key":"SMITH"},{"data":"White Noise","floor":10,"key":"SMITH"},{"floor":12,"key":"REST"},{"data":"Zap","floor":15,"key":"SMITH"}],"neow_cost":"TEN_PERCENT_HP_LOSS","seed_source_timestamp":56270000821500,"circlet_count":0,"master_deck":["AscendersBane","Strike_B","Strike_B","Strike_B","Strike_B","Defend_B","Defend_B","Defend_B","Defend_B","Zap+1","Dualcast+1","Genetic Algorithm","Gash","Self Repair","Melter","White Noise+1","Injury","Core Surge","Skim","Coolheaded"],"relics":["Cracked Core","Bird Faced Urn","Golden Idol","Pantograph","Ornamental Fan"],"potions_floor_usage":[16,16],"damage_taken":[{"damage":2,"enemies":"2 Louse","floor":1,"turns":3},{"damage":10,"enemies":"Small Slimes","floor":2,"turns":3},{"damage":0,"enemies":"Cultist","floor":5,"turns":3},{"damage":7,"enemies":"Looter","floor":7,"turns":3},{"damage":45,"enemies":"3 Sentries","floor":11,"turns":12},{"damage":0,"enemies":"Blue Slaver","floor":13,"turns":3},{"damage":76,"enemies":"Slime Boss","floor":16,"turns":12}],"seed_played":"7924179110325324925","potions_obtained":[{"floor":7,"key":"Poison Potion"},{"floor":13,"key":"AttackPotion"}],"is_trial":false,"path_per_floor":["M","M","$","?","M","R","M","?","T","R","E","R","M","$","R","B"],"character_chosen":"DEFECT","items_purchased":["Self Repair","Melter","Coolheaded"],"campfire_rested":1,"item_purchase_floors":[3,3,14],"current_hp_per_floor":[62,52,52,57,66,66,68,68,68,68,34,54,56,56,56,0],"gold":33,"neow_bonus":"ONE_RARE_RELIC","is_prod":false,"is_daily":false,"chose_seed":false,"campfire_upgraded":3,"win_rate":0,"timestamp":1571040745,"path_taken":["M","M","$","?","M","R","M","?","T","R","E","R","M","$","R","BOSS"],"build_version":"2019-07-17","purchased_purges":0,"victory":false,"max_hp_per_floor":[64,64,64,69,69,69,69,69,69,69,69,69,69,69,69,69],"card_choices":[{"not_picked":["Rebound","Sweeping Beam"],"picked":"Genetic Algorithm","floor":1},{"not_picked":["Go for the Eyes","Beam Cell"],"picked":"Gash","floor":2},{"not_picked":["Redo","Stack","Static Discharge"],"picked":"SKIP","floor":5},{"not_picked":["Chaos","Amplify"],"picked":"White Noise","floor":7},{"not_picked":["Reboot","Redo"],"picked":"Core Surge","floor":11},{"not_picked":["Lockon","Steam"],"picked":"Skim","floor":13}],"player_experience":697350,"relics_obtained":[{"floor":9,"key":"Pantograph"},{"floor":11,"key":"Ornamental Fan"}],"event_choices":[{"damage_healed":0,"gold_gain":0,"player_choice":"Donut","damage_taken":0,"max_hp_gain":5,"max_hp_loss":0,"event_name":"Big Fish","floor":4,"gold_loss":0},{"damage_healed":0,"gold_gain":0,"player_choice":"Take Wound","damage_taken":0,"relics_obtained":["Golden Idol"],"max_hp_gain":0,"max_hp_loss":0,"event_name":"Golden Idol","floor":8,"gold_loss":0,"cards_obtained":["Injury"]}],"is_beta":false,"boss_relics":[],"items_purged_floors":[],"is_endless":false,"potions_floor_spawned":[7,13],"killed_by":"Slime Boss","ascension_level":19}