{"gold_per_floor":[15,26,37,37,51,51,79,79,126,156,156],"floor_reached":11,"playtime":923,"items_purged":[],"score":124,"play_id":"d410f6fe-49a1-4546-ab51-6889be09576b","local_time":"20190326024457","is_ascension_mode":true,"campfire_choices":[{"data":"Bash","floor":6,"key":"SMITH"},{"data":"True Grit","floor":8,"key":"SMITH"}],"neow_cost":"NO_GOLD","seed_source_timestamp":1122955872090800,"circlet_count":0,"master_deck":["AscendersBane","Strike_R","Strike_R","Strike_R","Strike_R","Defend_R","Defend_R","Defend_R","Defend_R","Bash+1","Iron Wave","True Grit+1","Wild Strike","Bloodletting","Flame Barrier","Inflame","Anger"],"relics":["Burning Blood","Dodecahedron","Vajra","Odd Mushroom"],"potions_floor_usage":[7],"damage_taken":[{"damage":11,"enemies":"2 Louse","floor":1,"turns":3},{"damage":6,"enemies":"Jaw Worm","floor":2,"turns":4},{"damage":5,"enemies":"Small Slimes","floor":3,"turns":3},{"damage":6,"enemies":"Exordium Wildlife","floor":5,"turns":3},{"damage":45,"enemies":"Lagavulin","floor":7,"turns":9},{"damage":36,"enemies":"The Mushroom Lair","floor":10,"turns":5},{"damage":15,"enemies":"3 Sentries","floor":11,"turns":2}],"seed_played":"-3005101538984208253","potions_obtained":[{"floor":3,"key":"LiquidBronze"}],"is_trial":false,"path_per_floor":["M","M","M","?","M","R","E","R","T","?","E"],"character_chosen":"IRONCLAD","items_purchased":[],"campfire_rested":0,"item_purchase_floors":[],"current_hp_per_floor":[77,77,78,78,78,78,39,39,39,9,0],"gold":156,"neow_bonus":"TWENTY_PERCENT_HP_BONUS","is_prod":false,"is_daily":false,"chose_seed":false,"campfire_upgraded":2,"win_rate":0,"timestamp":1553564697,"path_taken":["M","M","M","?","M","R","E","R","T","?","E"],"build_version":"2019-01-23","purchased_purges":0,"victory":false,"max_hp_per_floor":[89,89,89,89,89,89,89,89,89,89,89],"card_choices":[{"not_picked":["Heavy Blade","Entrench"],"picked":"Iron Wave","floor":1},{"not_picked":["Clothesline","Body Slam"],"picked":"True Grit","floor":2},{"not_picked":["Heavy Blade","Perfected Strike"],"picked":"Wild Strike","floor":3},{"not_picked":["Sword Boomerang","Cleave"],"picked":"Flame Barrier","floor":5},{"not_picked":["Metallicize","Heavy Blade"],"picked":"Inflame","floor":7},{"not_picked":["Searing Blow","Clash"],"picked":"Anger","floor":10}],"player_experience":1006137,"relics_obtained":[{"floor":7,"key":"Dodecahedron"},{"floor":9,"key":"Vajra"},{"floor":10,"key":"Odd Mushroom"}],"event_choices":[{"damage_healed":0,"gold_gain":0,"cards_transformed":["Strike_R"],"player_choice":"Change","damage_taken":0,"max_hp_gain":0,"max_hp_loss":0,"event_name":"Living Wall","floor":4,"gold_loss":0,"cards_obtained":["Bloodletting"]},{"damage_healed":0,"gold_gain":0,"player_choice":"Fought Mushrooms","damage_taken":0,"max_hp_gain":0,"max_hp_loss":0,"event_name":"Mushrooms","floor":10,"gold_loss":0}],"is_beta":false,"boss_relics":[],"items_purged_floors":[],"is_endless":false,"potions_floor_spawned":[3],"killed_by":"3 Sentries","ascension_level":14}