{"gold_per_floor":[112,126,142,157,177,177,195,195,275,289,304,336,348,7,7,7],"floor_reached":16,"playtime":637,"items_purged":[],"score":216,"play_id":"8fdfecf0-c17d-49c5-afc4-9ae2e0731d45","local_time":"20190226234218","is_ascension_mode":true,"campfire_choices":[{"data":"Neutralize","floor":6,"key":"SMITH"},{"floor":8,"key":"REST"},{"floor":15,"key":"REST"}],"neow_cost":"NONE","seed_source_timestamp":906015148198716,"circlet_count":0,"master_deck":["AscendersBane","Defend_G","Defend_G","Defend_G","Defend_G","Defend_G","Strike_G","Strike_G","Strike_G","Strike_G","Strike_G","Survivor","Neutralize+1","Acrobatics","Backstab","Flying Knee","Backstab","Cloak And Dagger","Leg Sweep","Caltrops","Caltrops","Deadly Poison","PiercingWail"],"special_seed":0,"relics":["Ring of the Snake","NeowsBlessing","Bottled Lightning","Blood Vial","Incense Burner"],"potions_floor_usage":[12],"damage_taken":[{"damage":0.0,"enemies":"Cultist","floor":1.0,"turns":1.0},{"damage":0.0,"enemies":"Small Slimes","floor":2.0,"turns":1.0},{"damage":0.0,"enemies":"Jaw Worm","floor":3.0,"turns":1.0},{"damage":23.0,"enemies":"Exordium Thugs","floor":4.0,"turns":6.0},{"damage":2,"enemies":"Large Slime","floor":5,"turns":7},{"damage":0,"enemies":"2 Fungi Beasts","floor":7,"turns":2},{"damage":1,"enemies":"3 Louse","floor":10,"turns":3},{"damage":6,"enemies":"Lots of Slimes","floor":11,"turns":4},{"damage":21,"enemies":"3 Sentries","floor":12,"turns":8},{"damage":0,"enemies":"Blue Slaver","floor":13,"turns":2},{"damage":48,"enemies":"Slime Boss","floor":16,"turns":10}],"seed_played":"-5123451307334002350","potions_obtained":[{"floor":1.0,"key":"PowerPotion"},{"floor":3.0,"key":"LiquidBronze"},{"floor":7,"key":"Ancient Potion"},{"floor":13,"key":"SpeedPotion"}],"is_trial":false,"path_per_floor":["M","M","M","M","M","R","M","R","T","M","M","E","M","$","R","B"],"character_chosen":"THE_SILENT","items_purchased":["Incense Burner","PiercingWail"],"campfire_rested":2,"item_purchase_floors":[14,14],"current_hp_per_floor":[59,59,59,36,34,34,34,53,53,52,46,25,27,27,46,0],"gold":7,"neow_bonus":"THREE_ENEMY_KILL","is_prod":false,"is_daily":false,"chose_seed":false,"campfire_upgraded":1,"win_rate":0,"timestamp":1551220938,"path_taken":["M","M","M","M","M","R","M","R","T","M","?","E","M","$","R","BOSS"],"build_version":"2019-01-23","purchased_purges":0,"victory":false,"max_hp_per_floor":[66,66,66,66,66,66,66,66,66,66,66,66,66,66,66,66],"card_choices":[{"not_picked":["Expertise","Underhanded Strike"],"picked":"Acrobatics","floor":1.0},{"not_picked":["Sucker Punch","Deadly Poison"],"picked":"Backstab","floor":2.0},{"not_picked":["Reflex","Expertise"],"picked":"Flying Knee","floor":3.0},{"not_picked":["PiercingWail","Bane"],"picked":"Backstab","floor":4.0},{"not_picked":["Prepared","Acrobatics"],"picked":"Cloak And Dagger","floor":5},{"not_picked":["Masterful Stab","Cloak And Dagger"],"picked":"Leg Sweep","floor":7},{"not_picked":["Masterful Stab","Accuracy"],"picked":"Caltrops","floor":10},{"not_picked":["Phantasmal Killer","Sucker Punch","Quick Slash"],"picked":"SKIP","floor":11},{"not_picked":["Underhanded Strike","Backflip"],"picked":"Caltrops","floor":12},{"not_picked":["Dodge and Roll","Underhanded Strike"],"picked":"Deadly Poison","floor":13}],"player_experience":674456,"relics_obtained":[{"floor":9,"key":"Bottled Lightning"},{"floor":12,"key":"Blood Vial"}],"event_choices":[],"is_beta":false,"boss_relics":[],"items_purged_floors":[],"is_endless":false,"potions_floor_spawned":[1,3,7,10,11,13],"killed_by":"Slime Boss","ascension_level":20}