{"gold_per_floor":[109,109,109,125,125,159,159,197,259,271,318,330,342,375,387,497,509,544,144,13,0],"floor_reached":21,"playtime":584,"items_purged":["Strike_B","Strike_B"],"score":403,"play_id":"2233b06d-3bd1-4bd2-bb67-8dee6e52f073","local_time":"20190730191124","is_ascension_mode":true,"campfire_choices":[{"data":"Sunder","floor":7,"key":"SMITH"},{"data":"Zap","floor":10,"key":"SMITH"},{"data":"Creative AI","floor":13,"key":"SMITH"},{"floor":15,"key":"REST"}],"neow_cost":"NONE","seed_source_timestamp":97491563009900,"circlet_count":0,"master_deck":["AscendersBane","Strike_B","Strike_B","Defend_B","Defend_B","Defend_B","Defend_B","Zap+1","Dualcast","Sunder+1","Melter","Creative AI+1","Beam Cell","Genetic Algorithm","Capacitor","Biased Cognition","Leap","Self Repair","Conserve Battery","Compile Driver","Hologram","Ball Lightning","Panacea","Loop"],"relics":["Cracked Core","NeowsBlessing","Golden Idol","Bronze Scales","MawBank","Smiling Mask","Lantern","Inserter"],"potions_floor_usage":[8,16,16],"damage_taken":[{"damage":0,"enemies":"Small Slimes","floor":1,"turns":1},{"damage":0,"enemies":"2 Louse","floor":4,"turns":1},{"damage":0,"enemies":"Lagavulin","floor":6,"turns":1},{"damage":21,"enemies":"Gremlin Nob","floor":8,"turns":4},{"damage":25,"enemies":"3 Sentries","floor":11,"turns":7},{"damage":0,"enemies":"Cultist","floor":14,"turns":3},{"damage":35,"enemies":"The Guardian","floor":16,"turns":10},{"damage":38,"enemies":"Chosen","floor":18,"turns":4},{"damage":25,"enemies":"2 Thieves","floor":21,"turns":2}],"seed_played":"-6020989254185264512","potions_obtained":[{"floor":1,"key":"SkillPotion"},{"floor":4,"key":"Swift Potion"},{"floor":14,"key":"Energy Potion"},{"floor":18,"key":"FearPotion"}],"is_trial":false,"path_per_floor":["M","$","?","M","?","E","R","E","T","R","E","?","R","M","R","B",null,"M","$","$","M"],"character_chosen":"DEFECT","items_purchased":["Self Repair","Conserve Battery","Compile Driver","Hologram","Ball Lightning","Panacea","Loop"],"campfire_rested":1,"item_purchase_floors":[19,19,19,19,19,19,20],"current_hp_per_floor":[64,64,64,64,69,69,69,48,48,48,23,23,23,23,45,10,60,22,22,22,0],"gold":0,"neow_bonus":"THREE_ENEMY_KILL","is_prod":false,"is_daily":false,"chose_seed":false,"campfire_upgraded":3,"win_rate":0,"timestamp":1564506684,"path_taken":["M","$","?","M","?","E","R","E","T","R","E","?","R","?","R","BOSS","M","?","$","M"],"build_version":"2019-07-17","purchased_purges":2,"victory":false,"max_hp_per_floor":[71,71,71,71,76,76,76,76,76,76,76,76,76,76,76,76,76,76,76,76,76],"card_choices":[{"not_picked":["Chill","Turbo"],"picked":"Sunder","floor":1},{"not_picked":["Gash","Heatsinks"],"picked":"Melter","floor":4},{"not_picked":["Hyperbeam","Hologram"],"picked":"Creative AI","floor":6},{"not_picked":["Machine Learning","Redo"],"picked":"Beam Cell","floor":8},{"not_picked":["Rebound","Electrodynamics"],"picked":"Genetic Algorithm","floor":11},{"not_picked":["Darkness","Go for the Eyes"],"picked":"Capacitor","floor":14},{"not_picked":["Fission","Reboot"],"picked":"Biased Cognition","floor":16},{"not_picked":["Doom and Gloom+1","Tempest"],"picked":"Leap","floor":18}],"player_experience":1767373,"relics_obtained":[{"floor":6,"key":"Bronze Scales"},{"floor":8,"key":"MawBank"},{"floor":9,"key":"Smiling Mask"},{"floor":11,"key":"Lantern"}],"event_choices":[{"damage_healed":0,"gold_gain":0,"player_choice":"Take Wound","damage_taken":0,"relics_obtained":["Golden Idol"],"max_hp_gain":0,"max_hp_loss":0,"event_name":"Golden Idol","floor":3,"gold_loss":0,"cards_obtained":["Injury"]},{"damage_healed":0,"gold_gain":0,"player_choice":"Donut","damage_taken":0,"max_hp_gain":5,"max_hp_loss":0,"event_name":"Big Fish","floor":5,"gold_loss":0},{"cards_removed":["Injury"],"damage_healed":0,"gold_gain":0,"player_choice":"Removed Curses","damage_taken":0,"max_hp_gain":0,"max_hp_loss":0,"event_name":"Fountain of Cleansing","floor":12,"gold_loss":0}],"is_beta":false,"boss_relics":[{"not_picked":["Fusion Hammer","Cursed Key"],"picked":"Inserter"}],"items_purged_floors":[19,20],"is_endless":false,"potions_floor_spawned":[1,4,14,18],"killed_by":"2 Thieves","ascension_level":17}