{"path_per_floor":["M","?","M","$","M","E","M","R","T","M","$","R","M","M","R","B",null,"M","$","?","M"],"character_chosen":"IRONCLAD","items_purchased":["Shuriken"],"gold_per_floor":[112,112,128,53,71,105,117,117,117,136,136,136,155,175,175,275,275,287,34,34,51,51],"floor_reached":22,"campfire_rested":1,"playtime":1091,"current_hp_per_floor":[72,72,72,72,73,51,25,25,25,20,20,59,58,59,59,25,81,49,49,55,44,0],"items_purged":["Normality"],"gold":51,"score":188,"play_id":"7407a8f3-bc66-4251-b641-17c947950460","local_time":"20180521150204","is_prod":false,"is_daily":false,"chose_seed":false,"is_ascension_mode":false,"campfire_upgraded":2,"timestamp":1526911324,"campfire_choices":[{"data":"Uppercut","floor":8,"key":"SMITH"},{"floor":12,"key":"REST"},{"data":"Flame Barrier","floor":15,"key":"SMITH"}],"path_taken":["M","?","M","$","M","E","M","R","T","M","$","R","M","M","R","BOSS","M","$","?","M","M"],"build_version":"2018-05-17","seed_source_timestamp":332928684827725,"purchased_purges":2,"victory":false,"master_deck":["Strike_R","Strike_R","Strike_R","Strike_R","Defend_R","Defend_R","Defend_R","Bash","Thunderclap","Barricade","Clothesline","Feed","Iron Wave","Uppercut+1","Flame Barrier+1","Disarm","True Grit","Dark Embrace","True Grit","Havoc","Pommel Strike","Reaper","Writhe"],"max_hp_per_floor":[72,72,72,72,75,75,78,78,78,81,81,81,81,81,81,81,81,81,81,87,90,90],"relics":["Burning Blood","Regal Pillow","Letter Opener","Orrery","Shuriken","Darkstone Periapt"],"card_choices":[{"not_picked":["Body Slam","Thunderclap"],"picked":"Clothesline","floor":1},{"not_picked":["Body Slam","Power Through","Havoc"],"picked":"SKIP","floor":3},{"not_picked":["Anger","Sever Soul"],"picked":"Iron Wave","floor":5},{"not_picked":["Flame Barrier","Flex"],"picked":"Uppercut","floor":6},{"not_picked":["Cleave","Thunderclap"],"picked":"Flame Barrier","floor":7},{"not_picked":["Sword Boomerang","Iron Wave"],"picked":"Disarm","floor":10},{"not_picked":["Burning Pact","Twin Strike","Perfected Strike"],"picked":"SKIP","floor":13},{"not_picked":["Intimidate","Impervious"],"picked":"True Grit","floor":14},{"not_picked":["Feed","Limit Break"],"picked":"Dark Embrace","floor":16},{"not_picked":["Dropkick","Headbutt"],"picked":"True Grit","floor":17},{"not_picked":["Blood for Blood","Perfected Strike"],"picked":"Havoc","floor":17},{"not_picked":["Thunderclap","Pummel"],"picked":"Pommel Strike","floor":17},{"not_picked":["Hemokinesis+1","Sword Boomerang+1"],"picked":"Reaper","floor":18},{"not_picked":["Body Slam","Iron Wave","Sentinel"],"picked":"SKIP","floor":21}],"player_experience":374664,"potions_floor_usage":[6,16,21,22,22],"damage_taken":[{"damage":6,"enemies":"2 Louse","floor":1,"turns":2},{"damage":4,"enemies":"Cultist","floor":3,"turns":3},{"damage":8,"enemies":"Small Slimes","floor":5,"turns":2},{"damage":28,"enemies":"3 Sentries","floor":6,"turns":9},{"damage":35,"enemies":"Exordium Wildlife","floor":7,"turns":5},{"damage":14,"enemies":"Large Slime","floor":10,"turns":6},{"damage":7,"enemies":"Blue Slaver","floor":13,"turns":3},{"damage":5,"enemies":"Looter","floor":14,"turns":3},{"damage":40,"enemies":"Slime Boss","floor":16,"turns":15},{"damage":38,"enemies":"Chosen","floor":18,"turns":6},{"damage":20,"enemies":"Shell Parasite","floor":21,"turns":10},{"damage":71,"enemies":"Cultist and Chosen","floor":22,"turns":7}],"relics_obtained":[{"floor":6,"key":"Regal Pillow"},{"floor":9,"key":"Letter Opener"}],"event_choices":[{"event_name":"Match and Keep!","player_choice":"2 cards matched","floor":2,"damage_taken":0},{"event_name":"The Mausoleum","player_choice":"Yes","floor":20,"damage_taken":0}],"boss_relics":[{"not_picked":["Tiny House","Calling Bell"],"picked":"Orrery"}],"potions_floor_spawned":[3,5,7,14,16,21],"seed_played":"-4879877047277705408","killed_by":"Cultist and Chosen","ascension_level":0,"potions_obtained":[{"floor":3,"key":"GamblersBrew"},{"floor":5,"key":"FearPotion"},{"floor":7,"key":"SkillPotion"},{"floor":14,"key":"BloodPotion"},{"floor":16,"key":"Explosive Potion"},{"floor":21,"key":"Weak Potion"}],"is_trial":false}