{"path_per_floor":["M","M","?","M","?","R","M","M","T","R","M","M","M","?","R","B",null,"M","?","M"],"character_chosen":"IRONCLAD","items_purchased":[],"gold_per_floor":[111,130,130,143,243,243,260,277,277,277,293,311,329,401,401,502,502,514,514,524],"floor_reached":21,"campfire_rested":0,"playtime":1517,"current_hp_per_floor":[70,76,76,80,80,80,76,69,69,69,67,68,62,62,62,16,80,22,7,13],"items_purged":[],"gold":524,"play_id":"a6f64f8f-c5c3-4290-8e35-d9ee9de5af74","is_prod":false,"is_daily":false,"campfire_rituals":0,"campfire_upgraded":3,"is_hardmode":false,"path_taken":["M","?","?","M","?","R","M","?","T","R","M","M","M","?","R","BOSS","M","?","M","M"],"build_version":"2018-01-11-PROD2","purchased_purges":0,"victory":false,"master_deck":["Strike_R","Strike_R","Strike_R","Strike_R","Strike_R","Defend_R","Defend_R","Defend_R","Defend_R","Bash","Rampage","Warcry","Reckless Charge","Perfected Strike","Twin Strike","Perfected Strike","Rampage","Demon Form","Pommel Strike","Battle Trance"],"max_hp_per_floor":[80,80,80,80,80,80,80,80,80,80,80,80,80,80,80,80,80,80,85,85],"relics":["Burning Blood","War Paint","Philosopher\u0027s Stone"],"campfire_meditates":0,"card_choices":[{"not_picked":["Flex","Pommel Strike"],"picked":"Rampage"},{"not_picked":["Cleave","Thunderclap"],"picked":"Warcry"},{"not_picked":["Twin Strike","Sword Boomerang"],"picked":"Reckless Charge"},{"not_picked":["True Grit","Body Slam"],"picked":"Perfected Strike"},{"not_picked":["Burning Pact","Bludgeon"],"picked":"Twin Strike"},{"not_picked":["Inflame","Shockwave"],"picked":"Perfected Strike"},{"not_picked":["Clothesline","Reckless Charge"],"picked":"Rampage"},{"not_picked":["Barricade","Dark Embrace"],"picked":"Demon Form"},{"not_picked":["Anger","Thunderclap"],"picked":"Pommel Strike"},{"not_picked":["Sword Boomerang","Clothesline"],"picked":"Battle Trance"}],"player_experience":0,"potions_floor_usage":[16,16,20,21],"damage_taken":[{"damage":16,"enemies":"Blue Slaver","floor":1,"turns":5},{"damage":0,"enemies":"Small Slimes","floor":2,"turns":3},{"damage":1,"enemies":"Cultist","floor":4,"turns":3},{"damage":10,"enemies":"Looter","floor":7,"turns":2},{"damage":13,"enemies":"2 Fungi Beasts","floor":8,"turns":3},{"damage":8,"enemies":"Red Slaver","floor":11,"turns":2},{"damage":5,"enemies":"Looter","floor":12,"turns":3},{"damage":12,"enemies":"Exordium Thugs","floor":13,"turns":3},{"damage":52,"enemies":"The Guardian","floor":16,"turns":9},{"damage":64,"enemies":"3 Byrds","floor":18,"turns":6},{"damage":0,"enemies":"Chosen","floor":20,"turns":2},{"damage":21,"enemies":"Snecko","floor":21,"turns":3}],"event_choices":[{"event_name":"The Woman in Blue","player_choice":"Bought 0 Potions","floor":3,"damage_taken":0},{"event_name":"Golden Shrine","player_choice":"Pray","floor":5,"damage_taken":0},{"event_name":"Golden Wing","player_choice":"Gained Gold","floor":14,"damage_taken":0},{"event_name":"Forgotten Altar","player_choice":"Shed Blood","floor":19,"damage_taken":0}],"boss_relics":[{"not_picked":["Runic Cube","Ectoplasm"],"picked":"Philosopher\u0027s Stone"}],"potions_floor_spawned":[1,4,11,18],"seed_played":"7945485560238272878","killed_by":"Snecko","is_trial":false}