{"gold_per_floor":[118,138,150,164,175,175,210,210,210,228,228,246,271,74,74,153,153,142,157,157,157,22,22],"floor_reached":23,"playtime":813,"items_purged":["Strike_B","Strike_B"],"score":335,"play_id":"f577f7e0-dca5-4490-9061-ddb702e23afc","local_time":"20190317203636","is_ascension_mode":true,"campfire_choices":[{"data":"Streamline","floor":6.0,"key":"SMITH"},{"floor":8,"key":"REST"},{"data":"Zap","floor":11,"key":"SMITH"},{"floor":15,"key":"REST"}],"neow_cost":"NONE","seed_source_timestamp":409735938834700,"circlet_count":0,"master_deck":["AscendersBane","Strike_B","Defend_B","Defend_B","Defend_B","Defend_B","Zap+1","Dualcast","Coolheaded","FTL","Glacier","Streamline+1","Capacitor","Leap","Conserve Battery","Stack","Ball Lightning","Defragment","Streamline","Biased Cognition","Capacitor","Hologram+1","Fusion"],"special_seed":0,"relics":["Cracked Core","Potion Belt","Bottled Lightning","Symbiotic Virus","Unceasing Top","Lizard Tail","Kunai"],"potions_floor_usage":[13,16,18],"damage_taken":[{"damage":0.0,"enemies":"Cultist","floor":1.0,"turns":3.0},{"damage":3.0,"enemies":"Small Slimes","floor":2.0,"turns":4.0},{"damage":7.0,"enemies":"Jaw Worm","floor":3.0,"turns":2.0},{"damage":6.0,"enemies":"Red Slaver","floor":4.0,"turns":3.0},{"damage":7.0,"enemies":"2 Fungi Beasts","floor":5.0,"turns":4.0},{"damage":36.0,"enemies":"Gremlin Nob","floor":7.0,"turns":4.0},{"damage":0,"enemies":"Large Slime","floor":10,"turns":4},{"damage":0,"enemies":"3 Louse","floor":12,"turns":3},{"damage":19,"enemies":"Lagavulin","floor":13,"turns":5},{"damage":28,"enemies":"The Guardian","floor":16,"turns":11},{"damage":15,"enemies":"2 Thieves","floor":18,"turns":5},{"damage":7,"enemies":"Chosen","floor":19,"turns":4},{"damage":76,"enemies":"Book of Stabbing","floor":23,"turns":5}],"seed_played":"2682693205745533834","potions_obtained":[{"floor":4.0,"key":"GamblersBrew"},{"floor":5.0,"key":"PowerPotion"},{"floor":10,"key":"SteroidPotion"},{"floor":13,"key":"PowerPotion"},{"floor":16,"key":"Weak Potion"},{"floor":19,"key":"Fire Potion"}],"is_trial":false,"path_per_floor":["M","M","M","M","M","R","E","R","T","M","R","M","E","$","R","B",null,"M","M","?","?","$","E"],"character_chosen":"DEFECT","items_purchased":["Defragment","Streamline","Fusion"],"campfire_rested":2,"item_purchase_floors":[14,14,22],"current_hp_per_floor":[68,65,58,52,45,45,9,31,31,31,31,31,12,12,34,6,58,43,36,36,36,36,0],"gold":22,"neow_bonus":"RANDOM_COMMON_RELIC","is_prod":false,"is_daily":false,"chose_seed":false,"campfire_upgraded":2,"win_rate":0,"timestamp":1552851396,"path_taken":["M","M","?","M","M","R","E","R","T","M","R","M","E","$","R","BOSS","M","M","?","?","$","E"],"build_version":"2019-01-23","purchased_purges":2,"victory":false,"max_hp_per_floor":[75,75,75,75,75,75,75,75,75,75,75,75,75,75,75,75,75,75,75,75,75,75,75],"card_choices":[{"not_picked":["Go for the Eyes","Steam"],"picked":"Coolheaded","floor":1.0},{"not_picked":["Lockon","Skim"],"picked":"FTL","floor":2.0},{"not_picked":["Coolheaded","Aggregate"],"picked":"Glacier","floor":3.0},{"not_picked":["FTL","Sweeping Beam"],"picked":"Streamline","floor":4.0},{"not_picked":["Steam","Sweeping Beam"],"picked":"Capacitor","floor":5.0},{"not_picked":["Streamline","Coolheaded"],"picked":"Leap","floor":7},{"not_picked":["Ball Lightning","Coolheaded"],"picked":"Conserve Battery","floor":10},{"not_picked":["Static Discharge","Thunder Strike"],"picked":"Stack","floor":12},{"not_picked":["Machine Learning","Sweeping Beam"],"picked":"Ball Lightning","floor":13},{"not_picked":["Electrodynamics","All For One"],"picked":"Biased Cognition","floor":16},{"not_picked":["Rebound","Sweeping Beam"],"picked":"Capacitor","floor":18},{"not_picked":["Compile Driver","Sweeping Beam"],"picked":"Hologram+1","floor":19}],"player_experience":989179,"relics_obtained":[{"floor":7,"key":"Bottled Lightning"},{"floor":9,"key":"Symbiotic Virus"},{"floor":13,"key":"Unceasing Top"}],"event_choices":[{"damage_healed":0,"gold_gain":0,"player_choice":"Opened","damage_taken":0,"relics_obtained":["Kunai"],"max_hp_gain":0,"max_hp_loss":0,"event_name":"The Mausoleum","floor":20,"gold_loss":0},{"cards_removed":["Strike_B"],"damage_healed":0,"gold_gain":0,"player_choice":"Purged","damage_taken":0,"max_hp_gain":0,"max_hp_loss":0,"event_name":"Purifier","floor":21,"gold_loss":0}],"is_beta":false,"boss_relics":[{"not_picked":["Philosopher\u0027s Stone","Black Star"],"picked":"Lizard Tail"}],"items_purged_floors":[14,22],"is_endless":false,"potions_floor_spawned":[4,5,10,13,16,19],"killed_by":"Book of Stabbing","ascension_level":13}