{"gold_per_floor":[113,63,79,96,115,115,125,139,139,139,159,170,182,201,201,201],"floor_reached":16,"playtime":310,"items_purged":[],"score":100,"play_id":"fea1bd31-b63e-4806-b62d-ce2466d7fe83","local_time":"20191009193813","is_ascension_mode":false,"campfire_choices":[{"data":"Whirlwind","floor":6,"key":"SMITH"},{"data":"Inflame","floor":10,"key":"SMITH"},{"floor":15,"key":"REST"}],"neow_cost":"NONE","seed_source_timestamp":278578972376057,"circlet_count":0,"master_deck":["Strike_R","Strike_R","Strike_R","Strike_R","Defend_R","Defend_R","Defend_R","Defend_R","Bash","Body Slam","Pommel Strike","Whirlwind+1","Offering","Inflame+1","Battle Trance"],"relics":["Runic Pyramid","Paper Frog"],"potions_floor_usage":[],"damage_taken":[{"damage":11,"enemies":"2 Louse","floor":1,"turns":4},{"damage":11,"enemies":"Jaw Worm","floor":3,"turns":2},{"damage":1,"enemies":"Cultist","floor":4,"turns":3},{"damage":8,"enemies":"3 Louse","floor":5,"turns":4},{"damage":0,"enemies":"Exordium Wildlife","floor":7,"turns":2},{"damage":0,"enemies":"2 Fungi Beasts","floor":8,"turns":2},{"damage":0,"enemies":"Large Slime","floor":11,"turns":2},{"damage":3,"enemies":"Red Slaver","floor":12,"turns":4},{"damage":0,"enemies":"Gremlin Gang","floor":13,"turns":2},{"damage":5,"enemies":"Looter","floor":14,"turns":2},{"damage":0,"enemies":"The Guardian","floor":16,"turns":1}],"seed_played":"-3902514712983377686","potions_obtained":[{"floor":1,"key":"FearPotion"},{"floor":8,"key":"FearPotion"},{"floor":11,"key":"LiquidBronze"}],"is_trial":false,"path_per_floor":["M","?","M","M","M","R","M","M","T","R","M","M","M","M","R","B"],"character_chosen":"IRONCLAD","items_purchased":[],"campfire_rested":1,"item_purchase_floors":[],"current_hp_per_floor":[69,69,58,57,49,49,49,49,49,49,49,46,46,41,65,65],"gold":201,"neow_bonus":"BOSS_RELIC","is_prod":false,"is_daily":false,"chose_seed":false,"campfire_upgraded":2,"win_rate":0,"timestamp":1570675093,"path_taken":["M","?","M","M","M","R","M","M","T","R","M","M","M","M","R","BOSS"],"build_version":"2019-07-17","purchased_purges":0,"victory":false,"max_hp_per_floor":[80,80,80,80,80,80,80,80,80,80,80,80,80,80,80,80],"card_choices":[{"not_picked":["Corruption","Thunderclap"],"picked":"Body Slam","floor":1},{"not_picked":["Havoc","Uppercut"],"picked":"Pommel Strike","floor":3},{"not_picked":["Entrench","Clothesline","Disarm"],"picked":"SKIP","floor":4},{"not_picked":["Havoc","Metallicize"],"picked":"Whirlwind","floor":5},{"not_picked":["Pommel Strike","Dropkick"],"picked":"Offering","floor":7},{"not_picked":["Clothesline","Ghostly Armor"],"picked":"Inflame","floor":8},{"not_picked":["Power Through","Thunderclap"],"picked":"Battle Trance","floor":11},{"not_picked":["Anger","Bludgeon","Armaments"],"picked":"SKIP","floor":12},{"not_picked":["Sever Soul","Iron Wave","Flame Barrier"],"picked":"SKIP","floor":13},{"not_picked":["Corruption","Body Slam","Sword Boomerang"],"picked":"SKIP","floor":14}],"player_experience":376757,"relics_obtained":[{"floor":9,"key":"Paper Frog"}],"event_choices":[{"cards_removed":["Strike_R"],"damage_healed":0,"gold_gain":0,"player_choice":"Card Removal","damage_taken":0,"max_hp_gain":0,"max_hp_loss":0,"event_name":"The Cleric","floor":2,"gold_loss":50}],"is_beta":false,"boss_relics":[],"items_purged_floors":[],"is_endless":false,"potions_floor_spawned":[1,8,11],"killed_by":"The Guardian","ascension_level":0}