{"gold_per_floor":[118,118,135,155,168,196,196,207,207,207,207,207,269,2,2,74,74,58,133,133],"floor_reached":20,"playtime":804,"items_purged":["Strike_R"],"score":284,"play_id":"25f87752-1b64-4c1d-9600-8222418ae2ff","local_time":"20190306200403","is_ascension_mode":true,"campfire_choices":[{"data":"Bash","floor":7,"key":"SMITH"},{"data":"Armaments","floor":10,"key":"SMITH"},{"data":"Clothesline","floor":12,"key":"SMITH"},{"floor":15,"key":"REST"}],"neow_cost":"NONE","seed_source_timestamp":54302972797200,"circlet_count":0,"master_deck":["AscendersBane","Strike_R+1","Strike_R+1","Defend_R+1","Defend_R","Bash+1","Feel No Pain","Rampage+1","Rampage","Reckless Charge","Clothesline+1","Armaments+1","Carnage","Reckless Charge","Demon Form","Battle Trance+1","Reckless Charge+1","Berserk+1","Burning Pact+1"],"relics":["Burning Blood","Regal Pillow","Whetstone","Bag of Marbles","Vajra","Strange Spoon","Astrolabe"],"potions_floor_usage":[6,6,13,20],"damage_taken":[{"damage":0,"enemies":"Small Slimes","floor":1,"turns":3},{"damage":8,"enemies":"2 Louse","floor":3,"turns":3},{"damage":1,"enemies":"Cultist","floor":4,"turns":4},{"damage":12,"enemies":"Exordium Thugs","floor":5,"turns":4},{"damage":23,"enemies":"Lagavulin","floor":6,"turns":5},{"damage":23,"enemies":"Lots of Slimes","floor":8,"turns":4},{"damage":11,"enemies":"3 Sentries","floor":13,"turns":7},{"damage":41,"enemies":"The Guardian","floor":16,"turns":8},{"damage":28,"enemies":"2 Thieves","floor":18,"turns":4},{"damage":37,"enemies":"3 Byrds","floor":20,"turns":4}],"seed_played":"-2203618271322370976","potions_obtained":[{"floor":1,"key":"Dexterity Potion"},{"floor":3,"key":"Fire Potion"},{"floor":8,"key":"EssenceOfSteel"},{"floor":16,"key":"SpeedPotion"}],"is_trial":false,"path_per_floor":["M","?","M","M","M","E","R","M","T","R","?","R","?","$","R","B",null,"M","?","M"],"character_chosen":"IRONCLAD","items_purchased":["Strange Spoon"],"campfire_rested":1,"item_purchase_floors":[14],"current_hp_per_floor":[78,62,60,65,59,42,42,25,25,25,25,25,20,20,59,24,66,44,36,0],"gold":133,"neow_bonus":"RANDOM_COMMON_RELIC","is_prod":false,"is_daily":false,"chose_seed":false,"campfire_upgraded":3,"win_rate":0,"timestamp":1551899043,"path_taken":["M","?","M","M","M","E","R","M","T","R","?","R","?","$","R","BOSS","M","?","?"],"build_version":"2019-01-23","purchased_purges":1,"victory":false,"max_hp_per_floor":[80,80,80,80,80,80,80,80,80,80,80,80,80,80,80,80,80,80,80,80],"card_choices":[{"not_picked":["Sever Soul","Reckless Charge"],"picked":"Feel No Pain","floor":1},{"not_picked":["Carnage","Armaments"],"picked":"Rampage","floor":3},{"not_picked":["Flex","Metallicize"],"picked":"Rampage","floor":4},{"not_picked":["Dual Wield","Evolve"],"picked":"Reckless Charge","floor":5},{"not_picked":["Heavy Blade","Havoc"],"picked":"Clothesline","floor":6},{"not_picked":["Rage","Iron Wave"],"picked":"Armaments","floor":8},{"not_picked":["Headbutt","Burning Pact"],"picked":"Reckless Charge","floor":13},{"not_picked":["Limit Break","Fiend Fire"],"picked":"Demon Form","floor":16},{"not_picked":["Thunderclap","Spot Weakness"],"picked":"Burning Pact+1","floor":18}],"player_experience":948128,"relics_obtained":[{"floor":6,"key":"Whetstone"},{"floor":9,"key":"Bag of Marbles"},{"floor":13,"key":"Vajra"}],"event_choices":[{"damage_healed":0,"gold_gain":0,"player_choice":"Entered Light","damage_taken":16,"max_hp_gain":0,"max_hp_loss":0,"event_name":"Shining Light","floor":2,"gold_loss":0,"cards_upgraded":["Defend_R","Strike_R"]},{"damage_healed":0,"gold_gain":0,"cards_transformed":["Strike_R"],"player_choice":"Change","damage_taken":0,"max_hp_gain":0,"max_hp_loss":0,"event_name":"Living Wall","floor":11,"gold_loss":0,"cards_obtained":["Carnage"]},{"damage_healed":0,"gold_gain":30,"player_choice":"Searched \u00273\u0027 times","damage_taken":0,"max_hp_gain":0,"max_hp_loss":0,"event_name":"Dead Adventurer","floor":13,"gold_loss":0},{"damage_healed":0,"gold_gain":75,"player_choice":"Touch","damage_taken":8,"max_hp_gain":0,"max_hp_loss":0,"event_name":"FaceTrader","floor":19,"gold_loss":0}],"is_beta":false,"boss_relics":[{"not_picked":["Busted Crown","Tiny House"],"picked":"Astrolabe"}],"items_purged_floors":[14],"is_endless":false,"potions_floor_spawned":[1,3,8,16],"killed_by":"3 Byrds","ascension_level":13}