{"gold_per_floor":[13,29,29,46,46,46,61,61,88,108,108,108],"floor_reached":12,"playtime":274,"items_purged":[],"score":130,"play_id":"dbc82b45-f547-4578-b26a-00ede0f68bc9","local_time":"20190808185935","is_ascension_mode":true,"campfire_choices":[{"data":"Conserve Battery","floor":6,"key":"SMITH"},{"floor":11,"key":"REST"}],"neow_cost":"NO_GOLD","seed_source_timestamp":526063437262100,"circlet_count":0,"master_deck":["AscendersBane","Strike_B","Strike_B","Defend_B","Defend_B","Defend_B","Zap+1","Dualcast","Sweeping Beam","Thunder Strike","Steam","BootSequence","Conserve Battery+1","Defragment","Gash"],"relics":["Cracked Core","Smiling Mask"],"potions_floor_usage":[7,10],"damage_taken":[{"damage":9,"enemies":"Jaw Worm","floor":1,"turns":4},{"damage":6,"enemies":"Small Slimes","floor":2,"turns":3},{"damage":1,"enemies":"Cultist","floor":4,"turns":4},{"damage":7,"enemies":"2 Fungi Beasts","floor":7,"turns":3},{"damage":25,"enemies":"Exordium Thugs","floor":10,"turns":4},{"damage":46,"enemies":"Gremlin Nob","floor":12,"turns":4}],"seed_played":"-6893153750499014648","potions_obtained":[{"floor":1,"key":"FocusPotion"},{"floor":2,"key":"Poison Potion"}],"is_trial":false,"path_per_floor":["M","M","?","M","?","R","M","?","T","M","R","E"],"character_chosen":"DEFECT","items_purchased":[],"campfire_rested":1,"item_purchase_floors":[],"current_hp_per_floor":[55,49,49,48,53,53,46,46,46,21,43,0],"gold":108,"neow_bonus":"TRANSFORM_TWO_CARDS","is_prod":false,"is_daily":false,"chose_seed":false,"campfire_upgraded":1,"win_rate":0,"timestamp":1565283575,"path_taken":["M","M","?","M","?","R","M","?","T","M","R","E"],"build_version":"2019-07-17","purchased_purges":0,"victory":false,"max_hp_per_floor":[71,71,71,71,76,76,76,76,76,76,76,76],"card_choices":[{"not_picked":["Scrape","Turbo"],"picked":"Steam","floor":1},{"not_picked":["Ball Lightning","Conserve Battery"],"picked":"BootSequence","floor":2},{"not_picked":["Hologram","Gash"],"picked":"Conserve Battery","floor":4},{"not_picked":["Turbo","Force Field"],"picked":"Defragment","floor":7},{"not_picked":["Stack","Conserve Battery"],"picked":"Gash","floor":10}],"player_experience":1830136,"relics_obtained":[{"floor":9,"key":"Smiling Mask"}],"event_choices":[{"damage_healed":0,"gold_gain":0,"player_choice":"Grow","damage_taken":0,"max_hp_gain":0,"max_hp_loss":0,"event_name":"Living Wall","floor":3,"gold_loss":0,"cards_upgraded":["Zap"]},{"damage_healed":0,"gold_gain":0,"player_choice":"Donut","damage_taken":0,"max_hp_gain":5,"max_hp_loss":0,"event_name":"Big Fish","floor":5,"gold_loss":0},{"cards_removed":["Strike_B"],"damage_healed":0,"gold_gain":0,"player_choice":"Offered Basic","damage_taken":0,"max_hp_gain":0,"max_hp_loss":0,"event_name":"Bonfire Elementals","floor":8,"gold_loss":0}],"is_beta":false,"boss_relics":[],"items_purged_floors":[],"is_endless":false,"potions_floor_spawned":[1,2],"killed_by":"Gremlin Nob","ascension_level":17}