{"gold_per_floor":[11,11,11,21,21,21,38,53,76,76,76,56,71,96,96,194,194,212,133,133,145,161,161,178,193,272,292,292,302,302,302,302,302],"floor_reached":33,"playtime":2593,"items_purged":[],"score":249,"play_id":"b66c7ff7-5376-40e1-9d5e-34797e57ecdf","local_time":"20190530224714","is_ascension_mode":false,"campfire_choices":[{"data":"Dualcast","floor":6,"key":"SMITH"},{"floor":11,"key":"REST"},{"floor":15,"key":"REST"},{"data":"Blizzard","floor":23,"key":"SMITH"},{"data":"Buffer","floor":28,"key":"SMITH"},{"floor":32,"key":"REST"}],"neow_cost":"NO_GOLD","seed_source_timestamp":536354935766193,"circlet_count":0,"master_deck":["Strike_B","Strike_B+1","Strike_B","Defend_B","Defend_B","Defend_B","Defend_B+1","Zap","Dualcast+1","Coolheaded","Cold Snap","Static Discharge","Ball Lightning","Buffer+1","Coolheaded+1","Blizzard+1","Dualcast+1","Coolheaded+1","Cold Snap","Decay"],"relics":["FrozenCore","StoneCalendar","Bronze Scales","Potion Belt","Shuriken"],"potions_floor_usage":[14,25,29,29,33,33],"damage_taken":[{"damage":7,"enemies":"2 Louse","floor":1,"turns":2},{"damage":1,"enemies":"Jaw Worm","floor":4,"turns":3},{"damage":8,"enemies":"Small Slimes","floor":7,"turns":4},{"damage":5,"enemies":"3 Louse","floor":8,"turns":4},{"damage":1,"enemies":"Gremlin Gang","floor":13,"turns":4},{"damage":2,"enemies":"Lagavulin","floor":14,"turns":6},{"damage":20,"enemies":"Slime Boss","floor":16,"turns":7},{"damage":2,"enemies":"Shell Parasite","floor":18,"turns":7},{"damage":3,"enemies":"Spheric Guardian","floor":21,"turns":6},{"damage":16,"enemies":"Shelled Parasite and Fungi","floor":22,"turns":7},{"damage":0,"enemies":"Centurion and Healer","floor":24,"turns":7},{"damage":21,"enemies":"Snake Plant","floor":25,"turns":6},{"damage":11,"enemies":"Snecko","floor":27,"turns":7},{"damage":4,"enemies":"Shelled Parasite and Fungi","floor":29,"turns":5},{"damage":53,"enemies":"Automaton","floor":33,"turns":12}],"seed_played":"1953468123429834212","potions_obtained":[{"floor":1,"key":"Poison Potion"},{"floor":13,"key":"Explosive Potion"},{"floor":16,"key":"Regen Potion"},{"floor":22,"key":"LiquidBronze"},{"floor":24,"key":"SkillPotion"},{"floor":25,"key":"Explosive Potion"},{"floor":27,"key":"GamblersBrew"}],"is_trial":false,"path_per_floor":["M","?","$","M","?","R","M","M","T","?","R","?","M","E","R","B",null,"M","$","?","M","M","R","M","M","T","M","R","M","?","?","R","B"],"character_chosen":"DEFECT","items_purchased":["Blizzard"],"campfire_rested":3,"item_purchase_floors":[19],"current_hp_per_floor":[68,53,53,52,45,45,37,32,32,32,54,54,53,51,73,53,75,73,73,73,70,54,54,54,33,33,22,22,18,18,18,40,0],"gold":302,"neow_bonus":"ONE_RARE_RELIC","is_prod":false,"is_daily":false,"chose_seed":false,"campfire_upgraded":3,"win_rate":0.0,"timestamp":1559270834,"path_taken":["M","?","$","M","?","R","M","M","T","?","R","?","M","E","R","BOSS","M","$","?","M","M","R","?","M","T","M","R","?","?","?","R","BOSS"],"build_version":"2019-01-23","purchased_purges":0,"victory":false,"max_hp_per_floor":[75,75,75,75,75,75,75,75,75,75,75,75,75,75,75,75,75,75,75,75,75,75,75,75,75,75,75,75,75,75,75,75,75],"card_choices":[{"not_picked":["Steam","Streamline","Redo"],"picked":"SKIP","floor":1},{"not_picked":["Sweeping Beam","White Noise"],"picked":"Coolheaded","floor":4},{"not_picked":["Heatsinks","Steam"],"picked":"Cold Snap","floor":7},{"not_picked":["Rebound","Steam Power","Steam"],"picked":"SKIP","floor":8},{"not_picked":["FTL","Chaos"],"picked":"Static Discharge","floor":13},{"not_picked":["Melter","Compile Driver"],"picked":"Ball Lightning","floor":14},{"not_picked":["All For One","Biased Cognition"],"picked":"Buffer","floor":16},{"not_picked":["Defragment","Sweeping Beam"],"picked":"Coolheaded+1","floor":18},{"not_picked":["Sweeping Beam","Gash"],"picked":"Coolheaded+1","floor":21},{"not_picked":["Streamline","Undo","Beam Cell"],"picked":"SKIP","floor":22},{"not_picked":["Aggregate","Gash","Capacitor"],"picked":"SKIP","floor":24},{"not_picked":["Chaos","Rip and Tear","Beam Cell"],"picked":"SKIP","floor":25},{"not_picked":["Ball Lightning+1","Reinforced Body"],"picked":"Cold Snap","floor":27},{"not_picked":["Cold Snap","Undo","Auto Shields+1"],"picked":"SKIP","floor":29}],"player_experience":65514,"relics_obtained":[{"floor":9,"key":"Bronze Scales"},{"floor":14,"key":"Potion Belt"},{"floor":26,"key":"Shuriken"}],"event_choices":[{"damage_healed":0,"gold_gain":0,"player_choice":"Entered Light","damage_taken":15,"max_hp_gain":0,"max_hp_loss":0,"event_name":"Shining Light","floor":2,"gold_loss":0,"cards_upgraded":["Strike_B","Defend_B"]},{"cards_removed":["Strike_B"],"damage_healed":0,"gold_gain":0,"player_choice":"Card Removal","damage_taken":7,"max_hp_gain":0,"max_hp_loss":0,"event_name":"Golden Wing","floor":5,"gold_loss":0},{"damage_healed":0,"gold_gain":0,"player_choice":"Searched \u00270\u0027 times","damage_taken":0,"max_hp_gain":0,"max_hp_loss":0,"event_name":"Dead Adventurer","floor":10,"gold_loss":0},{"damage_healed":0,"gold_gain":0,"player_choice":"Left Gold","damage_taken":0,"max_hp_gain":0,"max_hp_loss":0,"event_name":"World of Goop","floor":12,"gold_loss":20},{"damage_healed":0,"gold_gain":0,"player_choice":"Copied","damage_taken":0,"max_hp_gain":0,"max_hp_loss":0,"event_name":"Duplicator","floor":20,"gold_loss":0,"cards_obtained":["Dualcast"]},{"damage_healed":0,"gold_gain":0,"player_choice":"Ignored","damage_taken":0,"max_hp_gain":0,"max_hp_loss":0,"event_name":"Vampires","floor":30,"gold_loss":0},{"damage_healed":0,"gold_gain":0,"player_choice":"Smashed Altar","damage_taken":0,"max_hp_gain":0,"max_hp_loss":0,"event_name":"Forgotten Altar","floor":31,"gold_loss":0,"cards_obtained":["Decay"]}],"is_beta":false,"boss_relics":[{"not_picked":["Calling Bell","Runic Pyramid"],"picked":"FrozenCore"}],"items_purged_floors":[],"is_endless":false,"potions_floor_spawned":[1,13,16,22,24,25,27],"killed_by":"Automaton","ascension_level":0}