{"gold_per_floor":[14,14,14,33,48,80,90,90],"floor_reached":8,"playtime":325,"items_purged":[],"score":104,"play_id":"d2b4ba46-5702-4053-bfea-55c707f8a89d","local_time":"20190610024739","is_ascension_mode":true,"campfire_choices":[],"neow_cost":"NO_GOLD","seed_source_timestamp":252820144167800,"circlet_count":0,"master_deck":["AscendersBane","Defend_G","Defend_G","Defend_G","Defend_G","Defend_G","Strike_G","Strike_G","Strike_G","Strike_G","Survivor","Neutralize","Dagger Spray","Quick Slash","Dodge and Roll","Catalyst","Blur"],"relics":["Ring of the Snake","Art of War","Potion Belt"],"potions_floor_usage":[7,8],"damage_taken":[{"damage":1,"enemies":"Small Slimes","floor":1,"turns":6},{"damage":0,"enemies":"Cultist","floor":4,"turns":5},{"damage":2,"enemies":"Jaw Worm","floor":5,"turns":4},{"damage":46,"enemies":"Gremlin Nob","floor":6,"turns":6},{"damage":0,"enemies":"3 Louse","floor":7,"turns":1},{"damage":22,"enemies":"3 Sentries","floor":8,"turns":6}],"seed_played":"-7032578928206529287","potions_obtained":[{"floor":6,"key":"Explosive Potion"},{"floor":7,"key":"SteroidPotion"}],"is_trial":false,"path_per_floor":["M","?","?","M","M","E","M","E"],"character_chosen":"THE_SILENT","items_purchased":[],"campfire_rested":0,"item_purchase_floors":[],"current_hp_per_floor":[70,65,65,65,63,17,17,0],"gold":90,"neow_bonus":"TWENTY_PERCENT_HP_BONUS","is_prod":false,"is_daily":false,"chose_seed":false,"campfire_upgraded":0,"win_rate":0,"timestamp":1560127659,"path_taken":["M","?","?","M","M","E","?","E"],"build_version":"2019-01-23","purchased_purges":0,"victory":false,"max_hp_per_floor":[78,78,78,78,78,78,78,78],"card_choices":[{"not_picked":["Blade Dance","Cloak And Dagger"],"picked":"Dagger Spray","floor":1},{"not_picked":["Dagger Throw","Dodge and Roll"],"picked":"Quick Slash","floor":4},{"not_picked":["Outmaneuver","Deflect"],"picked":"Dodge and Roll","floor":5},{"not_picked":["Reflex","Accuracy"],"picked":"Catalyst","floor":6},{"not_picked":["Dodge and Roll","Unload"],"picked":"Blur","floor":7}],"player_experience":1263792,"relics_obtained":[{"floor":6,"key":"Potion Belt"}],"event_choices":[{"damage_healed":0,"gold_gain":0,"player_choice":"Success","damage_taken":5,"relics_obtained":["Art of War"],"max_hp_gain":0,"max_hp_loss":0,"event_name":"Scrap Ooze","floor":2,"gold_loss":0},{"cards_removed":["Strike_G"],"damage_healed":0,"gold_gain":0,"player_choice":"Offered Basic","damage_taken":0,"max_hp_gain":0,"max_hp_loss":0,"event_name":"Bonfire Elementals","floor":3,"gold_loss":0}],"is_beta":false,"boss_relics":[],"items_purged_floors":[],"is_endless":false,"potions_floor_spawned":[6,7],"killed_by":"3 Sentries","ascension_level":16}