{"gold_per_floor":[113,113,4,17,17,47,47,74,74,105,25,25,40,75,75,75],"floor_reached":16,"playtime":437,"items_purged":[],"score":302,"play_id":"995261d5-d2e4-4ea2-8324-933fa31cf34b","local_time":"20190717160157","is_ascension_mode":true,"campfire_choices":[{"data":"Immolate","floor":7,"key":"SMITH"},{"data":"Bash","floor":12,"key":"SMITH"},{"data":"Perfected Strike","floor":15,"key":"SMITH"}],"neow_cost":"NONE","seed_source_timestamp":585095484602054,"circlet_count":0,"master_deck":["AscendersBane","Strike_R","Strike_R","Strike_R","Strike_R","Strike_R","Defend_R","Defend_R","Defend_R","Defend_R","Bash+1","Perfected Strike+1","Pommel Strike","Immolate+1","Twin Strike","Infernal Blade","Pummel","Rage"],"relics":["Burning Blood","NeowsBlessing","Dodecahedron","Du-Vu Doll","Kunai","Unceasing Top","Ornamental Fan"],"potions_floor_usage":[8,14,16],"damage_taken":[{"damage":0,"enemies":"Jaw Worm","floor":1,"turns":1},{"damage":0,"enemies":"Small Slimes","floor":4,"turns":1},{"damage":0,"enemies":"Lagavulin","floor":6,"turns":1},{"damage":8,"enemies":"Gremlin Nob","floor":8,"turns":3},{"damage":40,"enemies":"Lagavulin","floor":10,"turns":4},{"damage":0,"enemies":"2 Louse","floor":13,"turns":1},{"damage":20,"enemies":"3 Sentries","floor":14,"turns":4},{"damage":31,"enemies":"The Guardian","floor":16,"turns":7}],"seed_played":"1387683159997817340","potions_obtained":[{"floor":1,"key":"SpeedPotion"},{"floor":10,"key":"Dexterity Potion"},{"floor":13,"key":"Energy Potion"},{"floor":14,"key":"Energy Potion"}],"is_trial":false,"path_per_floor":["M","?","$","M","$","E","R","E","T","E","$","R","M","E","R","B"],"character_chosen":"IRONCLAD","items_purchased":["Pommel Strike","SteroidPotion","Pummel"],"campfire_rested":0,"item_purchase_floors":[3,3,11],"current_hp_per_floor":[74,74,74,75,75,75,75,73,73,39,39,39,45,31,31,0],"gold":75,"neow_bonus":"THREE_ENEMY_KILL","is_prod":false,"is_daily":false,"chose_seed":false,"campfire_upgraded":3,"win_rate":0,"timestamp":1563375717,"path_taken":["M","?","$","M","$","E","R","E","T","E","$","R","M","E","R","BOSS"],"build_version":"2019-07-05","purchased_purges":0,"victory":false,"max_hp_per_floor":[75,75,75,75,75,75,75,75,75,75,75,75,75,75,75,75],"card_choices":[{"not_picked":["Flame Barrier","Twin Strike"],"picked":"Perfected Strike","floor":1},{"not_picked":["Cleave","Flex","Burning Pact"],"picked":"SKIP","floor":4},{"not_picked":["Rampage","Wild Strike"],"picked":"Immolate","floor":6},{"not_picked":["Dual Wield","Exhume"],"picked":"Twin Strike","floor":8},{"not_picked":["Flex","Bludgeon"],"picked":"Infernal Blade","floor":10},{"not_picked":["Armaments","Evolve","Havoc"],"picked":"SKIP","floor":13},{"not_picked":["Iron Wave","Corruption"],"picked":"Rage","floor":14}],"player_experience":1187583,"relics_obtained":[{"floor":6,"key":"Dodecahedron"},{"floor":8,"key":"Du-Vu Doll"},{"floor":9,"key":"Kunai"},{"floor":10,"key":"Unceasing Top"},{"floor":14,"key":"Ornamental Fan"}],"event_choices":[{"damage_healed":0,"gold_gain":0,"player_choice":"Leave","damage_taken":0,"max_hp_gain":0,"max_hp_loss":0,"event_name":"The Cleric","floor":2,"gold_loss":0}],"is_beta":false,"boss_relics":[],"items_purged_floors":[],"is_endless":false,"potions_floor_spawned":[1,10,13,14],"killed_by":"The Guardian","ascension_level":20}