{"gold_per_floor":[116,127,147,158,171,171,171,171,171,171,182,211,176,196,196,270,270,288,259,259,271,31,31,47,47],"floor_reached":25,"playtime":988,"items_purged":["Strike_R"],"score":383,"play_id":"0c76a6c9-03fb-4b6e-a425-830443ae8d67","local_time":"20190721231859","is_ascension_mode":true,"campfire_choices":[{"data":"Metallicize","floor":6,"key":"SMITH"},{"floor":8,"key":"REST"},{"floor":10,"key":"REST"},{"data":"Spot Weakness","floor":15,"key":"SMITH"},{"floor":23,"key":"REST"}],"neow_cost":"PERCENT_DAMAGE","seed_source_timestamp":0,"circlet_count":0,"master_deck":["AscendersBane","Strike_R","Strike_R","Strike_R","Strike_R","Defend_R","Defend_R","Defend_R","Defend_R+1","Bash","PanicButton","Impatience+1","Fire Breathing","Shrug It Off","Metallicize+1","Inflame","Headbutt+1","Flex+1","Spot Weakness+1","Fire Breathing","Immolate","Armaments","Ghostly Armor","Heavy Blade","Flame Barrier","Metallicize","Flex+1"],"special_seed":0,"relics":["Burning Blood","Mummified Hand","War Paint","Lizard Tail"],"potions_floor_usage":[11,12,16],"damage_taken":[{"damage":15.0,"enemies":"2 Louse","floor":1.0,"turns":3.0},{"damage":4.0,"enemies":"Small Slimes","floor":2.0,"turns":4.0},{"damage":12.0,"enemies":"Jaw Worm","floor":3.0,"turns":5.0},{"damage":10.0,"enemies":"Blue Slaver","floor":4.0,"turns":5.0},{"damage":12.0,"enemies":"2 Fungi Beasts","floor":5.0,"turns":4.0},{"damage":12,"enemies":"Red Slaver","floor":11,"turns":4},{"damage":16,"enemies":"Lagavulin","floor":12,"turns":6},{"damage":15,"enemies":"Large Slime","floor":14,"turns":5},{"damage":35,"enemies":"Slime Boss","floor":16,"turns":8},{"damage":30,"enemies":"3 Byrds","floor":18,"turns":6},{"damage":10,"enemies":"2 Thieves","floor":19,"turns":4},{"damage":34,"enemies":"Shelled Parasite and Fungi","floor":21,"turns":10},{"damage":41,"enemies":"Snecko","floor":24,"turns":8},{"damage":63,"enemies":"Slavers","floor":25,"turns":4}],"seed_played":"6571873395466069120","potions_obtained":[{"floor":3.0,"key":"Energy Potion"},{"floor":4.0,"key":"GamblersBrew"},{"floor":5.0,"key":"LiquidBronze"},{"floor":14,"key":"GamblersBrew"}],"is_trial":false,"path_per_floor":["M","M","M","M","M","R","?","R","T","R","M","E","?","M","R","B",null,"M","M","?","M","$","R","M","E"],"character_chosen":"IRONCLAD","items_purchased":["Flame Barrier","Metallicize"],"campfire_rested":3,"item_purchase_floors":[22,22],"current_hp_per_floor":[41,43,37,33,27,27,4,26,26,48,42,32,50,41,41,12,59,35,31,46,18,18,40,43,0],"gold":47,"neow_bonus":"RANDOM_COLORLESS_2","is_prod":false,"is_daily":false,"chose_seed":false,"campfire_upgraded":2,"win_rate":0,"timestamp":1563743939,"path_taken":["M","M","M","M","M","R","?","R","T","R","M","E","?","M","R","BOSS","M","M","?","M","$","R","M","E"],"build_version":"2019-07-17","purchased_purges":1,"victory":false,"max_hp_per_floor":[75,75,75,75,75,75,75,75,75,75,75,75,75,75,75,75,75,75,75,75,75,75,75,75,75],"card_choices":[{"not_picked":["Cleave","Sword Boomerang"],"picked":"Fire Breathing","floor":1.0},{"not_picked":["Seeing Red","Cleave"],"picked":"Shrug It Off","floor":2.0},{"not_picked":["Warcry","Perfected Strike"],"picked":"Metallicize","floor":3.0},{"not_picked":["Iron Wave","Wild Strike"],"picked":"Inflame","floor":4.0},{"not_picked":["Evolve","Blood for Blood"],"picked":"Headbutt","floor":5.0},{"not_picked":["Berserk","Dropkick"],"picked":"Flex","floor":11},{"not_picked":["Twin Strike","Body Slam"],"picked":"Spot Weakness","floor":12},{"not_picked":["Cleave","Infernal Blade"],"picked":"Fire Breathing","floor":14},{"not_picked":["Exhume","Dark Embrace"],"picked":"Immolate","floor":16},{"not_picked":["True Grit","Carnage"],"picked":"Armaments","floor":18},{"not_picked":["Inflame","Entrench"],"picked":"Ghostly Armor","floor":19},{"not_picked":["Iron Wave","Perfected Strike"],"picked":"Heavy Blade","floor":21},{"not_picked":["Intimidate","Infernal Blade"],"picked":"Flex+1","floor":24}],"player_experience":1714854,"relics_obtained":[{"floor":9,"key":"Mummified Hand"},{"floor":12,"key":"War Paint"}],"event_choices":[{"damage_healed":0,"gold_gain":0,"player_choice":"Entered Light","damage_taken":23,"max_hp_gain":0,"max_hp_loss":0,"event_name":"Shining Light","floor":7,"gold_loss":0,"cards_upgraded":["Headbutt","Impatience"]},{"damage_healed":18,"gold_gain":0,"player_choice":"Healed","damage_taken":0,"max_hp_gain":0,"max_hp_loss":0,"event_name":"The Cleric","floor":13,"gold_loss":35},{"damage_healed":15,"gold_gain":0,"player_choice":"Heal","damage_taken":0,"max_hp_gain":0,"max_hp_loss":0,"event_name":"The Library","floor":20,"gold_loss":0}],"is_beta":false,"boss_relics":[{"not_picked":["Runic Dome","Philosopher\u0027s Stone"],"picked":"Lizard Tail"}],"items_purged_floors":[22],"is_endless":false,"potions_floor_spawned":[3,4,5,14],"killed_by":"Slavers","ascension_level":17}