{"gold_per_floor":[12,12,26,26,37,37,37,72,118,118,43,43,71,82,82,182,182,192,36,36,36,47,47,82,92,117,117,129,148,174,189,189,189],"floor_reached":33,"playtime":1028,"items_purged":["Regret"],"score":384,"play_id":"f89cbb59-d594-456c-9511-c5702dbfa901","local_time":"20190728162626","is_ascension_mode":true,"campfire_choices":[{"data":"Battle Trance","floor":6,"key":"SMITH"},{"data":"Spot Weakness","floor":15,"key":"SMITH"},{"data":"Juggernaut","floor":23,"key":"SMITH"},{"data":"Offering","floor":27,"key":"SMITH"},{"data":"Whirlwind","floor":32,"key":"SMITH"}],"neow_cost":"NO_GOLD","seed_source_timestamp":1616166047644889,"circlet_count":0,"master_deck":["Strike_R","Strike_R","Defend_R+1","Defend_R","Defend_R","Defend_R","Bash+1","Immolate","Shrug It Off","Spot Weakness+1","Battle Trance+1","Shrug It Off","Headbutt","Juggernaut+1","True Grit+1","Shockwave+1","Offering+1","Heavy Blade","Whirlwind+1","Double Tap"],"relics":["Burning Blood","Red Skull","Bag of Marbles","PreservedInsect","Magic Flower","Juzu Bracelet","Mark of Pain","Happy Flower","Regal Pillow","Strawberry","Orichalcum"],"potions_floor_usage":[8,13,24],"damage_taken":[{"damage":0,"enemies":"2 Louse","floor":1,"turns":1},{"damage":12,"enemies":"Jaw Worm","floor":3,"turns":2},{"damage":7,"enemies":"Small Slimes","floor":5,"turns":3},{"damage":10,"enemies":"Gremlin Nob","floor":8,"turns":3},{"damage":0,"enemies":"3 Sentries","floor":13,"turns":2},{"damage":14,"enemies":"Exordium Thugs","floor":14,"turns":2},{"damage":2,"enemies":"Slime Boss","floor":16,"turns":5},{"damage":7,"enemies":"Chosen","floor":18,"turns":4},{"damage":11,"enemies":"2 Thieves","floor":22,"turns":2},{"damage":7,"enemies":"Slavers","floor":24,"turns":3},{"damage":6,"enemies":"Centurion and Healer","floor":25,"turns":2},{"damage":17,"enemies":"Shelled Parasite and Fungi","floor":28,"turns":3},{"damage":19,"enemies":"Sentry and Sphere","floor":29,"turns":4},{"damage":24,"enemies":"Book of Stabbing","floor":30,"turns":4},{"damage":18,"enemies":"Snake Plant","floor":31,"turns":2},{"damage":56,"enemies":"Champ","floor":33,"turns":6}],"seed_played":"-2415182871270655526","potions_obtained":[{"floor":3,"key":"FearPotion"},{"floor":8,"key":"Strength Potion"},{"floor":13,"key":"Ancient Potion"},{"floor":18,"key":"SkillPotion"},{"floor":22,"key":"SkillPotion"},{"floor":29,"key":"LiquidBronze"},{"floor":31,"key":"GamblersBrew"}],"is_trial":false,"path_per_floor":["M","?","M","?","M","R","?","E","T","?","$","?","E","M","R","B",null,"M","$","?","$","M","R","E","M","T","R","M","M","E","M","R","B"],"character_chosen":"IRONCLAD","items_purchased":["Happy Flower"],"campfire_rested":0,"item_purchase_floors":[19],"current_hp_per_floor":[80,80,74,58,57,57,45,41,41,41,41,41,50,45,45,52,80,80,80,80,80,78,78,80,80,87,87,79,69,54,45,45,0],"gold":189,"neow_bonus":"THREE_RARE_CARDS","is_prod":false,"is_daily":false,"chose_seed":false,"campfire_upgraded":5,"win_rate":0,"timestamp":1564345586,"path_taken":["M","?","M","?","?","R","?","E","T","?","$","?","E","M","R","BOSS","M","?","?","$","M","R","E","M","T","R","M","M","E","M","R","BOSS"],"build_version":"2019-07-17","purchased_purges":1,"victory":false,"max_hp_per_floor":[80,80,80,80,80,80,80,80,80,80,80,80,80,80,80,80,80,80,80,80,80,80,80,80,80,87,87,87,87,87,87,87,87],"card_choices":[{"not_picked":["Dark Embrace","Impervious"],"picked":"Immolate","floor":0},{"not_picked":["True Grit","Iron Wave"],"picked":"Shrug It Off","floor":1},{"not_picked":["Rage","Rampage"],"picked":"Spot Weakness","floor":3},{"not_picked":["Sword Boomerang","Body Slam"],"picked":"Battle Trance","floor":5},{"not_picked":["Ghostly Armor","Pommel Strike"],"picked":"Shrug It Off","floor":8},{"not_picked":["Combust","Hemokinesis"],"picked":"Headbutt","floor":13},{"not_picked":["Combust","Armaments","Searing Blow"],"picked":"SKIP","floor":14},{"not_picked":["Berserk","Barricade"],"picked":"Juggernaut","floor":16},{"not_picked":["Twin Strike","Perfected Strike"],"picked":"True Grit+1","floor":18},{"not_picked":["Body Slam","Anger+1"],"picked":"Shockwave+1","floor":22},{"not_picked":["Flame Barrier","Body Slam"],"picked":"Offering","floor":24},{"not_picked":["Sentinel","Clash","Sword Boomerang"],"picked":"SKIP","floor":25},{"not_picked":["Entrench","Headbutt"],"picked":"Heavy Blade","floor":28},{"not_picked":["Warcry","Intimidate"],"picked":"Whirlwind","floor":29},{"not_picked":["Burning Pact","Intimidate"],"picked":"Double Tap","floor":30},{"not_picked":["Sword Boomerang","Twin Strike","Fire Breathing"],"picked":"SKIP","floor":31}],"player_experience":316817,"relics_obtained":[{"floor":8,"key":"Bag of Marbles"},{"floor":9,"key":"PreservedInsect"},{"floor":13,"key":"Juzu Bracelet"},{"floor":24,"key":"Regal Pillow"},{"floor":26,"key":"Strawberry"},{"floor":30,"key":"Orichalcum"}],"event_choices":[{"cards_removed":["Strike_R"],"damage_healed":0,"gold_gain":0,"player_choice":"Forget","damage_taken":0,"max_hp_gain":0,"max_hp_loss":0,"event_name":"Living Wall","floor":2,"gold_loss":0},{"damage_healed":0,"gold_gain":0,"player_choice":"Entered Light","damage_taken":16,"max_hp_gain":0,"max_hp_loss":0,"event_name":"Shining Light","floor":4,"gold_loss":0,"cards_upgraded":["Bash","Defend_R"]},{"damage_healed":0,"gold_gain":0,"player_choice":"Success","damage_taken":12,"relics_obtained":["Red Skull"],"max_hp_gain":0,"max_hp_loss":0,"event_name":"Scrap Ooze","floor":7,"gold_loss":0},{"damage_healed":0,"gold_gain":0,"player_choice":"Box","damage_taken":0,"relics_obtained":["Magic Flower"],"max_hp_gain":0,"max_hp_loss":0,"event_name":"Big Fish","floor":10,"gold_loss":0,"cards_obtained":["Regret"]},{"cards_removed":["Strike_R"],"damage_healed":0,"gold_gain":0,"player_choice":"Purged","damage_taken":0,"max_hp_gain":0,"max_hp_loss":0,"event_name":"Purifier","floor":12,"gold_loss":0},{"cards_removed":["Strike_R"],"damage_healed":0,"gold_gain":0,"player_choice":"Offered Basic","damage_taken":0,"max_hp_gain":0,"max_hp_loss":0,"event_name":"Bonfire Elementals","floor":20,"gold_loss":0}],"is_beta":false,"boss_relics":[{"not_picked":["Runic Cube","Ectoplasm"],"picked":"Mark of Pain"}],"items_purged_floors":[11],"is_endless":false,"potions_floor_spawned":[3,8,13,18,22,29,31],"killed_by":"Champ","ascension_level":4}