{"gold_per_floor":[368,34,46,46,70,101,101,132,156,167,182,257,257,284,284,388,388,399,399,314,342,378,390,427,439,451,491,503,548,28,39,39,135,135,154,169,169,189,200,200,225,225,250,26,26,26,126,226,226,226],"floor_reached":51,"playtime":2399,"items_purged":["Writhe","Strike_G","Strike_G"],"score":1255,"play_id":"657165f9-18a6-4eda-859e-b27638572716","local_time":"20190211215200","is_ascension_mode":true,"campfire_choices":[{"data":"Adrenaline","floor":7,"key":"SMITH"},{"floor":13,"key":"REST"},{"floor":15,"key":"REST"},{"floor":23,"key":"REST"},{"data":"Envenom","floor":25,"key":"SMITH"},{"data":"Flechettes","floor":28,"key":"SMITH"},{"floor":32,"key":"REST"},{"floor":40,"key":"REST"},{"data":"Neutralize","floor":42,"key":"SMITH"},{"data":"Skewer","floor":45,"key":"SMITH"},{"data":"Choke","floor":49,"key":"SMITH"}],"neow_cost":"CURSE","seed_source_timestamp":3491086578300,"circlet_count":0,"master_deck":["AscendersBane","Defend_G+1","Defend_G+1","Defend_G","Defend_G","Defend_G","Strike_G","Strike_G","Survivor","Neutralize+1","Poisoned Stab","Apotheosis+1","Predator","Deflect","Adrenaline+1","Choke+1","Dagger Throw","Leg Sweep","Envenom+1","Acrobatics+1","All Out Attack","Flechettes+1","Skewer+1","Cloak And Dagger+1","Slice","Swift Strike","Infinite Blades+1","Backflip+1","Dodge and Roll+1","Night Terror+1","Outmaneuver+1","Deadly Poison+1"],"relics":["Ring of the Snake","Anchor","Unceasing Top","War Paint","Bag of Marbles","Vajra","Busted Crown","MawBank","Happy Flower","Toxic Egg 2","Mercury Hourglass","Centennial Puzzle","Darkstone Periapt","Kunai","Eternal Feather","PreservedInsect","Blood Vial","Tingsha"],"potions_floor_usage":[6,6,10,21,27,33,50,50],"damage_taken":[{"damage":8,"enemies":"Small Slimes","floor":1,"turns":5},{"damage":4,"enemies":"Jaw Worm","floor":3,"turns":3},{"damage":9,"enemies":"Lagavulin","floor":6,"turns":6},{"damage":6,"enemies":"Gremlin Nob","floor":8,"turns":3},{"damage":0,"enemies":"Cultist","floor":10,"turns":2},{"damage":6,"enemies":"Blue Slaver","floor":11,"turns":3},{"damage":12,"enemies":"3 Sentries","floor":14,"turns":6},{"damage":36,"enemies":"Slime Boss","floor":16,"turns":12},{"damage":0,"enemies":"Chosen","floor":18,"turns":3},{"damage":0,"enemies":"3 Byrds","floor":21,"turns":5},{"damage":11,"enemies":"Slavers","floor":24,"turns":6},{"damage":1,"enemies":"Book of Stabbing","floor":27,"turns":3},{"damage":7,"enemies":"Gremlin Leader","floor":29,"turns":5},{"damage":0,"enemies":"Centurion and Healer","floor":31,"turns":4},{"damage":42,"enemies":"Champ","floor":33,"turns":8},{"damage":0,"enemies":"Orb Walker","floor":35,"turns":3},{"damage":0,"enemies":"3 Shapes","floor":36,"turns":4},{"damage":0,"enemies":"Jaw Worm Horde","floor":38,"turns":3},{"damage":23,"enemies":"3 Darklings","floor":39,"turns":3},{"damage":8,"enemies":"Giant Head","floor":41,"turns":8},{"damage":3,"enemies":"Mind Bloom Boss Battle","floor":47,"turns":7},{"damage":51,"enemies":"Awakened One","floor":50,"turns":11}],"seed_played":"-3683399015593599984","potions_obtained":[{"floor":1,"key":"Dexterity Potion"},{"floor":3,"key":"GamblersBrew"},{"floor":6,"key":"Energy Potion"},{"floor":16,"key":"SteroidPotion"},{"floor":18,"key":"Explosive Potion"},{"floor":27,"key":"Strength Potion"},{"floor":33,"key":"Strength Potion"},{"floor":41,"key":"GamblersBrew"}],"is_trial":false,"path_per_floor":["M","$","M","?","T","E","R","E","T","M","M","?","R","E","R","B",null,"M","?","?","M","T","R","E","R","T","E","R","E","$","M","R","B",null,"M","M","?","M","M","R","E","R","T","$","R","$","?","?","R","B",null],"character_chosen":"THE_SILENT","items_purchased":["Apotheosis","Predator","Kunai","Cloak And Dagger+1","Slice","Swift Strike","Strength Potion","Outmaneuver+1"],"campfire_rested":5,"item_purchase_floors":[2,2,30,30,30,30,44,44],"current_hp_per_floor":[55,55,51,51,51,42,42,36,36,36,30,19,40,28,49,13,56,56,56,56,56,56,70,59,59,59,58,58,51,51,51,70,28,60,60,60,60,60,37,70,62,70,70,70,70,70,67,67,70,19],"gold":226,"neow_bonus":"TWO_FIFTY_GOLD","is_prod":false,"is_daily":false,"chose_seed":false,"campfire_upgraded":6,"win_rate":0,"timestamp":1549918320,"path_taken":["M","$","M","?","?","E","R","E","T","?","M","?","R","E","R","BOSS","M","?","?","M","?","R","E","R","T","E","R","E","$","M","R","BOSS","M","M","?","M","M","R","E","R","T","$","R","?","?","?","R","BOSS"],"build_version":"2019-01-23","purchased_purges":3,"victory":true,"max_hp_per_floor":[70,70,70,70,70,70,70,70,70,70,70,70,70,70,70,70,70,70,70,70,70,70,70,70,70,70,70,70,70,70,70,70,70,70,70,70,70,70,70,70,70,70,70,70,70,70,70,70,70,70],"card_choices":[{"not_picked":["Dagger Throw","Escape Plan"],"picked":"Poisoned Stab","floor":1},{"not_picked":["Bane","Sucker Punch"],"picked":"Deflect","floor":3},{"not_picked":["Wraith Form v2","Backflip"],"picked":"Adrenaline","floor":6},{"not_picked":["Prepared","Dagger Spray"],"picked":"Choke","floor":8},{"not_picked":["Riddle With Holes","Masterful Stab","Reflex"],"picked":"SKIP","floor":10},{"not_picked":["Bane","Prepared"],"picked":"Dagger Throw","floor":11},{"not_picked":["Distraction","Flying Knee"],"picked":"Leg Sweep","floor":14},{"not_picked":["Doppelganger","Glass Knife"],"picked":"Envenom","floor":16},{"not_picked":[],"picked":"Acrobatics","floor":18},{"not_picked":["Underhanded Strike"],"picked":"SKIP","floor":21},{"not_picked":[],"picked":"All Out Attack","floor":24},{"not_picked":[],"picked":"Flechettes","floor":27},{"not_picked":[],"picked":"Skewer","floor":29},{"not_picked":[],"picked":"Infinite Blades+1","floor":31},{"not_picked":["Underhanded Strike"],"picked":"SKIP","floor":35},{"not_picked":[],"picked":"Backflip+1","floor":36},{"not_picked":[],"picked":"Dodge and Roll+1","floor":38},{"not_picked":["Bouncing Flask+1"],"picked":"SKIP","floor":39},{"not_picked":[],"picked":"Night Terror+1","floor":41},{"not_picked":[],"picked":"Deadly Poison+1","floor":47}],"player_experience":754331,"relics_obtained":[{"floor":5,"key":"Anchor"},{"floor":6,"key":"Unceasing Top"},{"floor":8,"key":"War Paint"},{"floor":9,"key":"Bag of Marbles"},{"floor":14,"key":"Vajra"},{"floor":22,"key":"Happy Flower"},{"floor":24,"key":"Toxic Egg 2"},{"floor":26,"key":"Mercury Hourglass"},{"floor":27,"key":"Centennial Puzzle"},{"floor":29,"key":"Darkstone Periapt"},{"floor":41,"key":"PreservedInsect"},{"floor":43,"key":"Blood Vial"},{"floor":47,"key":"Tingsha"}],"event_choices":[{"damage_healed":0,"gold_gain":0,"player_choice":"Grow","damage_taken":0,"max_hp_gain":0,"max_hp_loss":0,"event_name":"Living Wall","floor":4,"gold_loss":0,"cards_upgraded":["Apotheosis"]},{"damage_healed":0,"gold_gain":75,"player_choice":"Gather Gold","damage_taken":11,"max_hp_gain":0,"max_hp_loss":0,"event_name":"World of Goop","floor":12,"gold_loss":0},{"cards_removed":["Strike_G"],"damage_healed":0,"gold_gain":0,"player_choice":"Elegance","damage_taken":0,"max_hp_gain":0,"max_hp_loss":0,"event_name":"Back to Basics","floor":19,"gold_loss":0},{"damage_healed":0,"gold_gain":0,"player_choice":"Obtained Relic","damage_taken":0,"relics_obtained":["MawBank"],"max_hp_gain":0,"max_hp_loss":0,"event_name":"Addict","floor":20,"gold_loss":85},{"damage_healed":0,"gold_gain":0,"player_choice":"Forge","damage_taken":0,"max_hp_gain":0,"max_hp_loss":0,"event_name":"Accursed Blacksmith","floor":37,"gold_loss":0,"cards_upgraded":["Acrobatics"]},{"damage_healed":0,"gold_gain":0,"player_choice":"Fight","damage_taken":0,"max_hp_gain":0,"max_hp_loss":0,"event_name":"MindBloom","floor":47,"gold_loss":0},{"damage_healed":0,"gold_gain":100,"player_choice":"Pray","damage_taken":0,"max_hp_gain":0,"max_hp_loss":0,"event_name":"Golden Shrine","floor":48,"gold_loss":0}],"is_beta":false,"boss_relics":[{"not_picked":["Snecko Eye","Runic Dome"],"picked":"Busted Crown"},{"not_picked":["Empty Cage","Orrery"],"picked":"Eternal Feather"}],"items_purged_floors":[2,30,44],"is_endless":false,"potions_floor_spawned":[1,3,6,16,18,27,33,41],"ascension_level":11}