{"gold_per_floor":[117,117,131,142,54,54,54,68,68,68,23,43,43,62,62,157,157,173,186,186,206,46,46,46],"floor_reached":24,"playtime":1821,"items_purged":["Strike_B"],"score":273,"play_id":"e2aa8b01-9889-4285-84ad-65f282ea4ea0","local_time":"20190420113315","is_ascension_mode":true,"campfire_choices":[{"data":"Zap","floor":6.0,"key":"SMITH"},{"data":"Dualcast","floor":10,"key":"SMITH"},{"data":"Scrape","floor":13,"key":"SMITH"},{"data":"Skim","floor":15,"key":"SMITH"},{"floor":23,"key":"REST"}],"neow_cost":"NONE","seed_source_timestamp":924595414413107,"circlet_count":0,"master_deck":["Strike_B","Defend_B","Defend_B","Defend_B","Defend_B","Zap+1","Dualcast+1","Gash","Skim+1","Scrape+1","Steam","Gash+1","Stack","BootSequence"],"special_seed":0,"relics":["Busted Crown","Shuriken","Calling Bell","Potion Belt","Dodecahedron","Ice Cream"],"potions_floor_usage":[16,16,24],"damage_taken":[{"damage":0.0,"enemies":"Cultist","floor":1.0,"turns":4.0},{"damage":0.0,"enemies":"Small Slimes","floor":3.0,"turns":4.0},{"damage":3.0,"enemies":"Jaw Worm","floor":4.0,"turns":4.0},{"damage":13,"enemies":"Large Slime","floor":8,"turns":6},{"damage":20,"enemies":"Exordium Wildlife","floor":12,"turns":4},{"damage":2,"enemies":"Blue Slaver","floor":14,"turns":3},{"damage":25,"enemies":"The Guardian","floor":16,"turns":9},{"damage":2,"enemies":"Chosen","floor":18,"turns":4},{"damage":5,"enemies":"Shell Parasite","floor":19,"turns":5},{"damage":18,"enemies":"Shelled Parasite and Fungi","floor":21,"turns":4},{"damage":68,"enemies":"Slavers","floor":24,"turns":4}],"seed_played":"6333534342417576555","potions_obtained":[{"floor":1.0,"key":"Dexterity Potion"},{"floor":3.0,"key":"AttackPotion"},{"floor":4.0,"key":"FearPotion"},{"floor":18,"key":"Dexterity Potion"}],"is_trial":false,"path_per_floor":["M","?","M","M","$","R","?","M","T","R","$","M","R","M","R","B",null,"M","M","?","M","$","R","E"],"character_chosen":"DEFECT","items_purchased":["Gash","Skim","Steam","Stack","BootSequence"],"campfire_rested":1,"item_purchase_floors":[5,5,11,22,22],"current_hp_per_floor":[68,68,68,65,65,65,65,52,52,52,52,32,32,30,30,5,58,56,51,51,33,33,55,0],"gold":46,"neow_bonus":"BOSS_RELIC","is_prod":false,"is_daily":false,"chose_seed":false,"campfire_upgraded":4,"win_rate":0,"timestamp":1555785195,"path_taken":["M","?","M","M","$","R","?","M","T","R","$","?","R","M","R","BOSS","M","M","?","M","$","R","E"],"build_version":"2019-01-23","purchased_purges":1,"victory":false,"max_hp_per_floor":[75,75,75,75,75,75,75,75,75,75,75,75,75,75,75,75,75,75,75,75,75,75,75,75],"card_choices":[{"not_picked":["Static Discharge"],"picked":"SKIP","floor":1.0},{"not_picked":["Chaos"],"picked":"SKIP","floor":3.0},{"not_picked":["Heatsinks"],"picked":"SKIP","floor":4.0},{"not_picked":["Hello World"],"picked":"SKIP","floor":8},{"not_picked":["Ball Lightning"],"picked":"SKIP","floor":12},{"not_picked":["Capacitor"],"picked":"SKIP","floor":14},{"not_picked":["Compile Driver+1"],"picked":"SKIP","floor":18},{"not_picked":["White Noise"],"picked":"SKIP","floor":19},{"not_picked":[],"picked":"Gash+1","floor":21}],"player_experience":106431,"relics_obtained":[{"floor":9,"key":"Shuriken"},{"floor":17,"key":"Potion Belt"},{"floor":17,"key":"Dodecahedron"},{"floor":17,"key":"Ice Cream"}],"event_choices":[{"cards_removed":["Strike_B"],"damage_healed":0.0,"max_hp_gain":0.0,"max_hp_loss":0.0,"gold_gain":0.0,"event_name":"Living Wall","player_choice":"Forget","floor":2.0,"gold_loss":0.0,"damage_taken":0.0},{"damage_healed":0,"gold_gain":0,"cards_transformed":["Strike_B"],"player_choice":"Transformed","damage_taken":0,"max_hp_gain":0,"max_hp_loss":0,"event_name":"Transmorgrifier","floor":7,"gold_loss":0,"cards_obtained":["Scrape"]},{"damage_healed":0,"gold_gain":0,"player_choice":"Ignored","damage_taken":0,"max_hp_gain":0,"max_hp_loss":0,"event_name":"Vampires","floor":20,"gold_loss":0}],"is_beta":false,"boss_relics":[{"not_picked":["Lizard Tail","Coffee Dripper"],"picked":"Calling Bell"}],"items_purged_floors":[22],"is_endless":false,"potions_floor_spawned":[1,3,4,14,18],"killed_by":"Slavers","ascension_level":9}