{"path_per_floor":["M","?","?","?","?","E","R","M","T","M","M","M","M","M","R","B",null,"M","$","M","?","?","R","E","$","T","?","R","M","E","?","R","B",null,"M","$","M","?","M","E","R","$","T","R","E","M","M","T","R","B"],"character_chosen":"IRONCLAD","items_purchased":["Bag of Marbles","Rupture","Vajra","Hemokinesis","Bronze Scales"],"gold_per_floor":[114,114,64,140,140,175,175,194,194,211,221,231,244,256,256,357,357,373,177,193,193,193,193,222,73,73,73,73,92,120,35,35,136,136,147,107,117,171,183,210,210,53,53,53,79,99,110,110,110,110],"floor_reached":51,"campfire_rested":2,"playtime":3604,"current_hp_per_floor":[80,80,80,80,68,57,80,80,80,80,80,62,62,56,56,48,80,80,80,61,61,61,61,47,47,61,61,61,70,72,72,72,56,94,91,91,94,97,97,94,100,100,100,100,65,68,55,62,104,11],"items_purged":[],"gold":110,"play_id":"0713f855-e78f-4d61-a391-77033063d4e7","is_prod":false,"is_daily":false,"campfire_rituals":0,"campfire_upgraded":3,"is_hardmode":false,"path_taken":["M","?","?","?","?","E","R","M","T","M","M","M","?","M","R","BOSS","M","$","M","?","?","R","E","$","T","?","R","?","E","?","R","BOSS","M","$","M","?","M","E","R","?","T","R","E","?","?","?","R","BOSS"],"build_version":"2018-01-11-PROD2","purchased_purges":2,"victory":true,"master_deck":["Strike_R","Strike_R","Strike_R","Strike_R","Defend_R","Defend_R","Defend_R","Bash","Fiend Fire","Shrug It Off","Shockwave","Whirlwind","Pommel Strike","Spot Weakness","Pommel Strike","Seeing Red","Offering","Cleave","Rupture","Clash","Heavy Blade","Searing Blow","Feed","Hemokinesis","Perfected Strike","Shrug It Off","Dual Wield"],"max_hp_per_floor":[80,80,80,80,80,80,80,80,80,80,80,80,80,80,80,80,80,80,80,80,80,80,80,80,80,94,94,94,94,94,94,94,94,94,94,94,94,97,97,100,100,100,100,100,100,100,100,107,107,107],"relics":["Burning Blood","Magic Flower","Peace Pipe","Girya","Black Star","Bag of Marbles","Lantern","Oddly Smooth Stone","Vajra","Mango","Ice Cream","Frozen Eye","Anchor","Eternal Feather","Charon\u0027s Ashes","Gremlin Horn","Bottled Flame","Bronze Scales","Whetstone","War Paint","Orichalcum","Strawberry"],"campfire_meditates":0,"card_choices":[{"not_picked":["Metallicize","Body Slam"],"picked":"Shrug It Off"},{"not_picked":["Twin Strike","Headbutt"],"picked":"Shockwave"},{"not_picked":["Warcry","Twin Strike"],"picked":"Whirlwind"},{"not_picked":["Sword Boomerang","Thunderclap"],"picked":"Pommel Strike"},{"not_picked":["Clothesline","Dual Wield"],"picked":"Spot Weakness"},{"not_picked":["Anger","Headbutt"],"picked":"Pommel Strike"},{"not_picked":["Body Slam","Thunderclap"],"picked":"Seeing Red"},{"not_picked":["Juggernaut","Impervious"],"picked":"Offering"},{"not_picked":["Twin Strike","Flex"],"picked":"Cleave"},{"not_picked":["Twin Strike","Shockwave"],"picked":"Clash"},{"not_picked":["Blood for Blood","Twin Strike"],"picked":"Heavy Blade"},{"not_picked":["Rage","Shockwave"],"picked":"Searing Blow"},{"not_picked":["Berserk","Reaper"],"picked":"Feed"},{"not_picked":["Sword Boomerang","Headbutt"],"picked":"Perfected Strike"},{"not_picked":["Whirlwind","Warcry"],"picked":"Shrug It Off"},{"not_picked":["Thunderclap","Sword Boomerang"],"picked":"Dual Wield"}],"player_experience":7432,"potions_floor_usage":[33,33,37,40,47,50,50],"damage_taken":[{"damage":5,"enemies":"Small Slimes","floor":1,"turns":4},{"damage":20,"enemies":"Lagavulin","floor":6,"turns":6},{"damage":7,"enemies":"2 Louse","floor":8,"turns":4},{"damage":0,"enemies":"Cultist","floor":10,"turns":2},{"damage":0,"enemies":"Looter","floor":11,"turns":2},{"damage":27,"enemies":"Exordium Thugs","floor":12,"turns":4},{"damage":9,"enemies":"2 Fungi Beasts","floor":13,"turns":3},{"damage":15,"enemies":"Red Slaver","floor":14,"turns":4},{"damage":17,"enemies":"Slime Boss","floor":16,"turns":7},{"damage":4,"enemies":"Chosen","floor":18,"turns":3},{"damage":28,"enemies":"Spheric Guardian","floor":20,"turns":5},{"damage":23,"enemies":"Gremlin Leader","floor":24,"turns":5},{"damage":0,"enemies":"3 Cultists","floor":29,"turns":2},{"damage":7,"enemies":"Slavers","floor":30,"turns":2},{"damage":25,"enemies":"Automaton","floor":33,"turns":6},{"damage":12,"enemies":"3 Shapes","floor":35,"turns":2},{"damage":4,"enemies":"Orb Walker","floor":37,"turns":2},{"damage":11,"enemies":"Mysterious Sphere","floor":38,"turns":2},{"damage":0,"enemies":"3 Darklings","floor":39,"turns":1},{"damage":17,"enemies":"2 Orb Walkers","floor":40,"turns":4},{"damage":44,"enemies":"Nemesis","floor":45,"turns":4},{"damage":6,"enemies":"4 Shapes","floor":46,"turns":1},{"damage":22,"enemies":"Maw","floor":47,"turns":6},{"damage":102,"enemies":"Donu and Deca","floor":50,"turns":6}],"event_choices":[{"event_name":"Living Wall","player_choice":"Grow","floor":2,"damage_taken":0},{"event_name":"The Cleric","player_choice":"Card Removal","floor":3,"damage_taken":0},{"event_name":"Golden Wing","player_choice":"Gained Gold","floor":4,"damage_taken":0},{"event_name":"Scrap Ooze","player_choice":"success","floor":5,"damage_taken":12},{"event_name":"The Lab","player_choice":"Got Potions","floor":21,"damage_taken":0},{"event_name":"Purifier","player_choice":"One Purge","floor":22,"damage_taken":0},{"event_name":"Cursed Tome","player_choice":"Ignored","floor":27,"damage_taken":0},{"event_name":"Addict","player_choice":"Obtained Relic","floor":31,"damage_taken":0},{"event_name":"Mysterious Sphere","player_choice":"Fight","floor":38,"damage_taken":0}],"boss_relics":[{"not_picked":["Runic Cube","Runic Dome"],"picked":"Black Star"},{"not_picked":["White Beast Statue","Runic Pyramid"],"picked":"Eternal Feather"}],"potions_floor_spawned":[8,10,11,14,20,24,30,33,35,37,46,47],"seed_played":"4396689328568113409","is_trial":false}