{"gold_per_floor":[18,31,47,65,65,99,119,153,153,163,163,173,173,185,185,288,288,305,305,305,305,321,321,331,331,331,331,361,361,376,392,392,495,495,511,1510,868,880,880,880,242,259,334,334,351,351,363,376,376,376],"floor_reached":51,"playtime":2940,"items_purged":["Normality","Writhe"],"score":915,"play_id":"89c6d061-6c2d-47df-a821-82fbfaeb313c","local_time":"20190912161140","is_ascension_mode":true,"campfire_choices":[{"floor":15,"key":"REST"},{"data":"Uppercut","floor":23,"key":"SMITH"},{"data":"Havoc","floor":25,"key":"SMITH"},{"data":"Havoc","floor":27,"key":"SMITH"},{"data":"True Grit","floor":29,"key":"SMITH"},{"data":"Shockwave","floor":32,"key":"SMITH"},{"data":"Armaments","floor":44,"key":"SMITH"},{"data":"Havoc","floor":46,"key":"SMITH"},{"data":"Exhume","floor":49,"key":"SMITH"}],"neow_cost":"NO_GOLD","seed_source_timestamp":109413945468913,"circlet_count":0,"master_deck":["Defend_R","Defend_R","Defend_R","Bash","Offering","True Grit+1","Inflame","Anger","Havoc+1","Metallicize","Havoc+1","Carnage","Shockwave+1","Reaper","Sword Boomerang","Necronomicurse","Bite","Bite","Bite","Bite","Bite","Uppercut+1","Flame Barrier","Exhume+1","Pommel Strike+1","Shrug It Off","Shrug It Off+1","Demon Form","Heavy Blade","Impervious","Impervious","Headbutt","Dark Embrace","Bludgeon","Armaments+1","Feel No Pain+1","Carnage+1","Havoc+1","Armaments+1","Bludgeon","Immolate","Inflame+1","Havoc+1"],"relics":["Burning Blood","Smiling Mask","Bag of Marbles","Pear","PreservedInsect","Sozu","Necronomicon","Prayer Wheel","Centennial Puzzle","Blood Vial","SlaversCollar","Champion Belt","Orrery","Spirit Poop","Bag of Preparation","Pantograph","Sling","Frozen Egg 2"],"potions_floor_usage":[8,10,14,33,33],"damage_taken":[{"damage":6,"enemies":"Small Slimes","floor":1,"turns":3},{"damage":7,"enemies":"Jaw Worm","floor":2,"turns":3},{"damage":6,"enemies":"2 Louse","floor":3,"turns":3},{"damage":7,"enemies":"Looter","floor":4,"turns":4},{"damage":24,"enemies":"Gremlin Nob","floor":6,"turns":4},{"damage":10,"enemies":"3 Louse","floor":7,"turns":4},{"damage":33,"enemies":"Lagavulin","floor":8,"turns":5},{"damage":6,"enemies":"Gremlin Gang","floor":10,"turns":4},{"damage":24,"enemies":"Exordium Thugs","floor":12,"turns":4},{"damage":0,"enemies":"Lots of Slimes","floor":14,"turns":4},{"damage":40,"enemies":"Slime Boss","floor":16,"turns":9},{"damage":29,"enemies":"3 Byrds","floor":18,"turns":5},{"damage":7,"enemies":"Chosen","floor":22,"turns":3},{"damage":30,"enemies":"Snake Plant","floor":24,"turns":4},{"damage":14,"enemies":"Slavers","floor":28,"turns":3},{"damage":12,"enemies":"Centurion and Healer","floor":30,"turns":3},{"damage":7,"enemies":"Sentry and Sphere","floor":31,"turns":5},{"damage":71,"enemies":"Champ","floor":33,"turns":11},{"damage":5,"enemies":"Orb Walker","floor":35,"turns":3},{"damage":0,"enemies":"3 Shapes","floor":38,"turns":3},{"damage":0,"enemies":"Spire Growth","floor":42,"turns":4},{"damage":35,"enemies":"4 Shapes","floor":45,"turns":3},{"damage":6,"enemies":"Transient","floor":47,"turns":5},{"damage":25,"enemies":"Spire Growth","floor":48,"turns":4},{"damage":55,"enemies":"Donu and Deca","floor":50,"turns":5}],"seed_played":"6133851948421410585","potions_obtained":[{"floor":3,"key":"SneckoOil"},{"floor":6,"key":"Strength Potion"},{"floor":8,"key":"Fruit Juice"},{"floor":14,"key":"Weak Potion"},{"floor":16,"key":"Dexterity Potion"}],"is_trial":false,"path_per_floor":["M","M","M","M","?","E","M","E","T","M","?","M","?","M","R","B",null,"M","?","?","?","M","R","M","R","T","R","E","R","M","M","R","B",null,"M","?","$","M","?","?","$","M","T","R","M","R","M","M","R","B",null],"character_chosen":"IRONCLAD","items_purchased":["Impervious","Champion Belt","Orrery","Bag of Preparation","Pantograph","Sling","Armaments"],"campfire_rested":1,"item_purchase_floors":[37,37,37,41,41,41,41],"current_hp_per_floor":[80,79,79,78,83,65,61,39,49,49,49,31,13,19,49,15,79,68,52,52,52,67,67,56,56,56,56,68,68,69,69,69,26,58,65,65,65,69,69,69,69,69,69,69,69,69,69,50,50,36],"gold":376,"neow_bonus":"THREE_RARE_CARDS","is_prod":false,"is_daily":false,"chose_seed":false,"campfire_upgraded":8,"win_rate":0,"timestamp":1568319100,"path_taken":["M","M","M","M","?","E","M","E","T","M","?","M","?","M","R","BOSS","M","?","?","?","M","R","M","R","T","R","E","R","M","M","R","BOSS","M","?","$","M","?","?","$","?","T","R","M","R","M","M","R","BOSS"],"build_version":"2019-09-11v2","purchased_purges":2,"victory":true,"max_hp_per_floor":[80,80,80,80,85,85,85,90,100,100,100,100,100,100,100,100,100,100,100,100,69,69,69,69,69,69,69,69,69,69,69,69,69,69,69,69,69,69,69,69,69,69,69,69,69,69,69,69,69,69],"card_choices":[{"not_picked":["Double Tap","Berserk"],"picked":"Offering","floor":0},{"not_picked":["Fire Breathing","Headbutt"],"picked":"True Grit","floor":1},{"not_picked":["Burning Pact","True Grit","Flex"],"picked":"SKIP","floor":2},{"not_picked":["Infernal Blade","Armaments"],"picked":"Inflame","floor":3},{"not_picked":["Disarm","Burning Pact"],"picked":"Anger","floor":4},{"not_picked":["Headbutt","Power Through"],"picked":"Havoc","floor":6},{"not_picked":["Berserk","Reckless Charge"],"picked":"Metallicize","floor":7},{"not_picked":["Evolve","Wild Strike"],"picked":"Havoc","floor":8},{"not_picked":["Iron Wave","Entrench"],"picked":"Carnage","floor":10},{"not_picked":["Rampage","Burning Pact","Twin Strike"],"picked":"SKIP","floor":12},{"not_picked":["Flex","Dropkick"],"picked":"Shockwave","floor":14},{"not_picked":["Fiend Fire","Feed"],"picked":"Reaper","floor":16},{"not_picked":["Headbutt","Pommel Strike+1"],"picked":"Sword Boomerang","floor":18},{"not_picked":["Perfected Strike+1","Body Slam+1"],"picked":"Uppercut","floor":22},{"not_picked":["Blood for Blood","Power Through","Twin Strike"],"picked":"SKIP","floor":22},{"not_picked":["Pommel Strike+1","Evolve"],"picked":"Flame Barrier","floor":24},{"not_picked":["Metallicize","True Grit","Thunderclap"],"picked":"SKIP","floor":24},{"not_picked":["Heavy Blade+1","Cleave"],"picked":"Exhume","floor":28},{"not_picked":["Warcry+1","Dual Wield"],"picked":"Pommel Strike+1","floor":30},{"not_picked":["Flex","Heavy Blade+1","Intimidate+1"],"picked":"SKIP","floor":30},{"not_picked":["Metallicize","Fire Breathing"],"picked":"Shrug It Off","floor":31},{"not_picked":["True Grit","Pommel Strike"],"picked":"Shrug It Off+1","floor":31},{"not_picked":["Impervious","Brutality"],"picked":"Demon Form","floor":33},{"not_picked":["Power Through","Anger"],"picked":"Heavy Blade","floor":35},{"not_picked":["Bloodletting","Flex","Sword Boomerang+1"],"picked":"SKIP","floor":35},{"not_picked":["Searing Blow","Headbutt+1"],"picked":"Impervious","floor":37},{"not_picked":["Metallicize+1","Blood for Blood+1"],"picked":"Headbutt","floor":37},{"not_picked":["Armaments","Second Wind+1"],"picked":"Dark Embrace","floor":37},{"not_picked":["Anger","Cleave"],"picked":"Bludgeon","floor":38},{"not_picked":["Twin Strike+1","Headbutt","Rampage"],"picked":"SKIP","floor":38},{"not_picked":["Reckless Charge","Pummel"],"picked":"Feel No Pain+1","floor":42},{"not_picked":["Heavy Blade","Sword Boomerang+1"],"picked":"Carnage+1","floor":42},{"not_picked":["Shrug It Off","Infernal Blade"],"picked":"Havoc","floor":45},{"not_picked":["Whirlwind","Cleave"],"picked":"Armaments+1","floor":45},{"not_picked":["Burning Pact+1","Cleave"],"picked":"Bludgeon","floor":47},{"not_picked":["Body Slam","Sword Boomerang+1"],"picked":"Immolate","floor":47},{"not_picked":["Pommel Strike","Second Wind"],"picked":"Inflame+1","floor":48},{"not_picked":["Sever Soul+1","Rage"],"picked":"Havoc+1","floor":48}],"player_experience":374154,"relics_obtained":[{"floor":6,"key":"Smiling Mask"},{"floor":8,"key":"Bag of Marbles"},{"floor":9,"key":"Pear"},{"floor":19,"key":"Necronomicon"},{"floor":26,"key":"Centennial Puzzle"},{"floor":28,"key":"Blood Vial"},{"floor":43,"key":"Frozen Egg 2"}],"event_choices":[{"damage_healed":0,"gold_gain":0,"player_choice":"Donut","damage_taken":0,"max_hp_gain":5,"max_hp_loss":0,"event_name":"Big Fish","floor":5,"gold_loss":0},{"cards_removed":["Strike_R"],"damage_healed":0,"gold_gain":0,"player_choice":"Forget","damage_taken":0,"max_hp_gain":0,"max_hp_loss":0,"event_name":"Living Wall","floor":11,"gold_loss":0},{"damage_healed":0,"gold_gain":0,"player_choice":"Success","damage_taken":18,"relics_obtained":["PreservedInsect"],"max_hp_gain":0,"max_hp_loss":0,"event_name":"Scrap Ooze","floor":13,"gold_loss":0},{"damage_healed":0,"gold_gain":0,"player_choice":"Obtained Book","damage_taken":16,"max_hp_gain":0,"max_hp_loss":0,"event_name":"Cursed Tome","floor":19,"gold_loss":0},{"damage_healed":0,"gold_gain":0,"player_choice":"Opened","damage_taken":0,"relics_obtained":["Prayer Wheel"],"max_hp_gain":0,"max_hp_loss":0,"event_name":"The Mausoleum","floor":20,"gold_loss":0,"cards_obtained":["Writhe"]},{"damage_healed":0,"gold_gain":0,"player_choice":"Became a vampire","damage_taken":0,"max_hp_gain":0,"max_hp_loss":31,"event_name":"Vampires","floor":21,"gold_loss":0,"cards_obtained":["Bite","Bite","Bite","Bite","Bite"]},{"damage_healed":0,"gold_gain":999,"player_choice":"Gold","damage_taken":0,"max_hp_gain":0,"max_hp_loss":0,"event_name":"MindBloom","floor":36,"gold_loss":0,"cards_obtained":["Normality","Normality"]},{"cards_removed":["Defend_R"],"damage_healed":0,"gold_gain":0,"player_choice":"Removed Skill","damage_taken":0,"max_hp_gain":0,"max_hp_loss":0,"event_name":"Falling","floor":39,"gold_loss":0},{"cards_removed":["Normality"],"damage_healed":0,"gold_gain":0,"player_choice":"Offered Curse","damage_taken":0,"relics_obtained":["Spirit Poop"],"max_hp_gain":0,"max_hp_loss":0,"event_name":"Bonfire Elementals","floor":40,"gold_loss":0}],"is_beta":true,"boss_relics":[{"not_picked":["SacredBark","Astrolabe"],"picked":"Sozu"},{"not_picked":["Pandora\u0027s Box","Velvet Choker"],"picked":"SlaversCollar"}],"items_purged_floors":[37,41],"is_endless":false,"potions_floor_spawned":[3,6,8,14,16,18,28,30,31,35,47,48],"ascension_level":5}