{"gold_per_floor":[118,118,132,151,170,203,203,234,234,234,249,279,279,290,290,290],"floor_reached":16,"playtime":655,"items_purged":[],"score":272,"play_id":"9dbdc0ea-2031-4683-ba92-091d92a73a54","local_time":"20190718040617","is_ascension_mode":true,"campfire_choices":[{"floor":7,"key":"REST"},{"data":"Shockwave","floor":10,"key":"SMITH"},{"data":"Inflame","floor":15,"key":"SMITH"}],"neow_cost":"NONE","seed_source_timestamp":458553678128200,"circlet_count":0,"master_deck":["AscendersBane","Strike_R","Strike_R","Strike_R","Strike_R","Defend_R","Defend_R","Defend_R","Defend_R","Bash","Headbutt","Seeing Red","Shockwave+1","Pommel Strike","Fiend Fire+1","Inflame+1","Shrug It Off","Body Slam+1"],"relics":["Burning Blood","Pantograph","Molten Egg 2","Bottled Lightning","Frozen Egg 2","Lantern"],"potions_floor_usage":[5,6,16,16],"damage_taken":[{"damage":7,"enemies":"Cultist","floor":1,"turns":4},{"damage":1,"enemies":"2 Louse","floor":3,"turns":2},{"damage":12,"enemies":"Jaw Worm","floor":4,"turns":3},{"damage":16,"enemies":"3 Louse","floor":5,"turns":4},{"damage":18,"enemies":"Gremlin Nob","floor":6,"turns":4},{"damage":30,"enemies":"3 Sentries","floor":8,"turns":9},{"damage":10,"enemies":"Red Slaver","floor":11,"turns":4},{"damage":0,"enemies":"Lagavulin","floor":12,"turns":4},{"damage":0,"enemies":"Exordium Wildlife","floor":14,"turns":3},{"damage":81,"enemies":"Slime Boss","floor":16,"turns":7}],"seed_played":"1167286177114740048","potions_obtained":[{"floor":1,"key":"SteroidPotion"},{"floor":5,"key":"PowerPotion"},{"floor":12,"key":"EssenceOfSteel"},{"floor":14,"key":"SkillPotion"}],"is_trial":false,"path_per_floor":["M","$","M","M","M","E","R","E","T","R","M","E","?","M","R","B"],"character_chosen":"IRONCLAD","items_purchased":[],"campfire_rested":1,"item_purchase_floors":[],"current_hp_per_floor":[67,67,72,66,56,44,66,42,42,42,38,44,39,45,45,0],"gold":290,"neow_bonus":"REMOVE_CARD","is_prod":false,"is_daily":false,"chose_seed":false,"campfire_upgraded":2,"win_rate":0,"timestamp":1563415577,"path_taken":["M","?","M","M","M","E","R","E","T","R","M","E","?","M","R","BOSS"],"build_version":"2019-07-17","purchased_purges":0,"victory":false,"max_hp_per_floor":[75,75,75,75,75,75,75,75,75,75,75,75,75,75,75,75],"card_choices":[{"not_picked":["Ghostly Armor","Havoc"],"picked":"Headbutt","floor":1},{"not_picked":["Cleave","Perfected Strike"],"picked":"Seeing Red","floor":3},{"not_picked":["Sever Soul","Clash","Cleave"],"picked":"SKIP","floor":4},{"not_picked":["Reckless Charge","Flex"],"picked":"Shockwave","floor":5},{"not_picked":["Hemokinesis","Havoc"],"picked":"Pommel Strike","floor":6},{"not_picked":["Twin Strike","Burning Pact"],"picked":"Fiend Fire","floor":8},{"not_picked":["Iron Wave+1","Flex"],"picked":"Inflame","floor":11},{"not_picked":["Infernal Blade","Clothesline+1"],"picked":"Shrug It Off","floor":12},{"not_picked":["Sentinel","Twin Strike+1"],"picked":"Body Slam+1","floor":14}],"player_experience":1670577,"relics_obtained":[{"floor":6,"key":"Pantograph"},{"floor":8,"key":"Molten Egg 2"},{"floor":9,"key":"Bottled Lightning"},{"floor":12,"key":"Frozen Egg 2"}],"event_choices":[{"damage_healed":0,"gold_gain":0,"player_choice":"Success","damage_taken":5,"relics_obtained":["Lantern"],"max_hp_gain":0,"max_hp_loss":0,"event_name":"Scrap Ooze","floor":13,"gold_loss":0}],"is_beta":false,"boss_relics":[],"items_purged_floors":[],"is_endless":false,"potions_floor_spawned":[1,5,12,14],"killed_by":"Slime Boss","ascension_level":17}