{"gold_per_floor":[110,73,92,108,128,153,172,172,202,36,56,56,70,70,70,147,147,162,87,0,14,14,14,14],"floor_reached":24,"playtime":956,"items_purged":["Strike_R"],"score":396,"play_id":"70195042-7f19-43d8-bd95-fbf9c82aeeea","local_time":"20190618232802","is_ascension_mode":true,"campfire_choices":[{"data":"Spot Weakness","floor":12,"key":"SMITH"},{"floor":15,"key":"REST"},{"data":"Disarm","floor":23,"key":"SMITH"}],"neow_cost":"NONE","seed_source_timestamp":155726799524613,"circlet_count":0,"master_deck":["AscendersBane","Strike_R","Strike_R","Strike_R","Strike_R","Defend_R","Defend_R","Defend_R","Defend_R","Bash","Ghostly Armor","Rampage","Clothesline","Spot Weakness+1","Cleave","Disarm+1","Pummel","Limit Break"],"relics":["Burning Blood","Ancient Tea Set","Tiny Chest","Blood Vial","Coffee Dripper"],"potions_floor_usage":[11,16,22],"damage_taken":[{"damage":6,"enemies":"Cultist","floor":1,"turns":3},{"damage":0,"enemies":"2 Louse","floor":3,"turns":4},{"damage":9,"enemies":"Small Slimes","floor":4,"turns":4},{"damage":5,"enemies":"Blue Slaver","floor":5,"turns":5},{"damage":45,"enemies":"3 Sentries","floor":6,"turns":8},{"damage":16,"enemies":"Exordium Thugs","floor":7,"turns":3},{"damage":8,"enemies":"3 Louse","floor":11,"turns":2},{"damage":16,"enemies":"Large Slime","floor":13,"turns":5},{"damage":26,"enemies":"Slime Boss","floor":16,"turns":9},{"damage":17,"enemies":"Chosen","floor":18,"turns":6},{"damage":46,"enemies":"Spheric Guardian","floor":21,"turns":6},{"damage":17,"enemies":"Colosseum Slavers","floor":22,"turns":4},{"damage":26,"enemies":"Gremlin Leader","floor":24,"turns":2}],"seed_played":"5349209771430620752","potions_obtained":[{"floor":3,"key":"Ancient Potion"},{"floor":7,"key":"Poison Potion"},{"floor":11,"key":"Swift Potion"},{"floor":16,"key":"EssenceOfSteel"}],"is_trial":false,"path_per_floor":["M","$","M","M","M","E","M","?","T","$","M","R","M","?","R","B",null,"M","$","?","M","?","R","E"],"character_chosen":"IRONCLAD","items_purchased":["Rampage","Blood Vial"],"campfire_rested":1,"item_purchase_floors":[2,10],"current_hp_per_floor":[75,75,81,78,79,40,30,30,30,30,30,30,22,27,53,35,74,65,65,65,27,18,18,0],"gold":14,"neow_bonus":"TEN_PERCENT_HP_BONUS","is_prod":false,"is_daily":false,"chose_seed":false,"campfire_upgraded":2,"win_rate":0,"timestamp":1560896882,"path_taken":["M","$","M","?","M","E","M","?","T","$","M","R","M","?","R","BOSS","M","$","?","M","?","R","E"],"build_version":"2019-01-23","purchased_purges":1,"victory":false,"max_hp_per_floor":[82,82,82,82,82,82,82,82,82,82,82,82,82,87,87,87,87,87,87,87,87,87,87,87],"card_choices":[{"not_picked":["Warcry","Clash"],"picked":"Ghostly Armor","floor":1},{"not_picked":["Dropkick","Bloodletting"],"picked":"Clothesline","floor":3},{"not_picked":["Twin Strike","Iron Wave"],"picked":"Spot Weakness","floor":4},{"not_picked":["Body Slam","Clash","Inflame"],"picked":"SKIP","floor":5},{"not_picked":["Flame Barrier","Pommel Strike"],"picked":"Cleave","floor":6},{"not_picked":["Corruption","Clothesline","Pommel Strike"],"picked":"SKIP","floor":7},{"not_picked":["Burning Pact","Pommel Strike"],"picked":"Disarm","floor":11},{"not_picked":["Warcry","Searing Blow"],"picked":"Pummel","floor":13},{"not_picked":["Berserk","Double Tap"],"picked":"Limit Break","floor":16},{"not_picked":["Warcry","Wild Strike","Clash"],"picked":"SKIP","floor":18},{"not_picked":["Blood for Blood","Clothesline","Cleave"],"picked":"SKIP","floor":21}],"player_experience":1092095,"relics_obtained":[{"floor":6,"key":"Ancient Tea Set"},{"floor":9,"key":"Tiny Chest"}],"event_choices":[{"damage_healed":0,"gold_gain":0,"player_choice":"Ignored","damage_taken":0,"max_hp_gain":0,"max_hp_loss":0,"event_name":"Shining Light","floor":8,"gold_loss":0},{"damage_healed":0,"gold_gain":0,"player_choice":"Donut","damage_taken":0,"max_hp_gain":5,"max_hp_loss":0,"event_name":"Big Fish","floor":14,"gold_loss":0},{"damage_healed":0,"gold_gain":0,"player_choice":"Paid Fearfully","damage_taken":0,"max_hp_gain":0,"max_hp_loss":0,"event_name":"Masked Bandits","floor":20,"gold_loss":87},{"damage_healed":0,"gold_gain":0,"player_choice":"Fight","damage_taken":0,"max_hp_gain":0,"max_hp_loss":0,"event_name":"Colosseum","floor":22,"gold_loss":0},{"damage_healed":0,"gold_gain":0,"player_choice":"Fled From Nobs","damage_taken":0,"max_hp_gain":0,"max_hp_loss":0,"event_name":"Colosseum","floor":22,"gold_loss":0}],"is_beta":false,"boss_relics":[{"not_picked":["Black Blood","Cursed Key"],"picked":"Coffee Dripper"}],"items_purged_floors":[19],"is_endless":false,"potions_floor_spawned":[3,7,11,16],"killed_by":"Gremlin Leader","ascension_level":20}