{"gold_per_floor":[113,133,133,145,145,145,165,165,218,218,237,268,268,268],"floor_reached":14,"playtime":604,"items_purged":[],"score":171,"play_id":"68706880-1805-4d0b-b8a5-dccffea7527b","local_time":"20190819024603","is_ascension_mode":true,"campfire_choices":[{"data":"Zap","floor":6,"key":"SMITH"},{"floor":8,"key":"REST"},{"data":"Storm","floor":10,"key":"SMITH"}],"neow_cost":"NONE","seed_source_timestamp":423769283631300,"circlet_count":0,"master_deck":["AscendersBane","Strike_B","Strike_B","Strike_B","Strike_B","Defend_B","Defend_B","Defend_B","Defend_B","Zap+1","Dualcast","Trip","Storm+1","Loop","Go for the Eyes","Heatsinks","Gash","Genetic Algorithm+1"],"relics":["Cracked Core","Art of War","Smiling Mask","Blood Vial"],"potions_floor_usage":[11],"damage_taken":[{"damage":12,"enemies":"Jaw Worm","floor":1,"turns":2},{"damage":8,"enemies":"2 Louse","floor":2,"turns":3},{"damage":7,"enemies":"Small Slimes","floor":4,"turns":3},{"damage":6,"enemies":"Looter","floor":7,"turns":3},{"damage":1,"enemies":"3 Louse","floor":11,"turns":4},{"damage":25,"enemies":"Lagavulin","floor":12,"turns":7},{"damage":19,"enemies":"Large Slime","floor":14,"turns":3}],"seed_played":"499249409901201841","potions_obtained":[{"floor":2,"key":"SteroidPotion"},{"floor":7,"key":"Block Potion"},{"floor":11,"key":"Energy Potion"},{"floor":12,"key":"EntropicBrew"}],"is_trial":false,"path_per_floor":["M","M","?","M","?","R","M","R","T","R","M","E","?","M"],"character_chosen":"DEFECT","items_purchased":[],"campfire_rested":1,"item_purchase_floors":[],"current_hp_per_floor":[52,44,49,42,24,24,18,40,40,40,39,14,14,0],"gold":268,"neow_bonus":"RANDOM_COLORLESS","is_prod":false,"is_daily":false,"chose_seed":false,"campfire_upgraded":2,"win_rate":0,"timestamp":1566175563,"path_taken":["M","M","?","M","?","R","M","R","T","R","M","E","?","?"],"build_version":"2019-07-17","purchased_purges":0,"victory":false,"max_hp_per_floor":[71,71,76,76,76,76,76,76,76,76,76,76,76,76],"card_choices":[{"not_picked":["Stack","Tempest"],"picked":"Storm","floor":1},{"not_picked":["Sweeping Beam","Hologram"],"picked":"Loop","floor":2},{"not_picked":["Rebound","Stack"],"picked":"Go for the Eyes","floor":4},{"not_picked":["Streamline","Hello World"],"picked":"Heatsinks","floor":7},{"not_picked":["Recycle","Scrape"],"picked":"Gash","floor":11},{"not_picked":["Cold Snap","Amplify"],"picked":"Genetic Algorithm","floor":12}],"player_experience":1927563,"relics_obtained":[{"floor":9,"key":"Smiling Mask"},{"floor":12,"key":"Blood Vial"}],"event_choices":[{"damage_healed":0,"gold_gain":0,"player_choice":"Donut","damage_taken":0,"max_hp_gain":5,"max_hp_loss":0,"event_name":"Big Fish","floor":3,"gold_loss":0},{"damage_healed":0,"gold_gain":0,"player_choice":"Success","damage_taken":18,"relics_obtained":["Art of War"],"max_hp_gain":0,"max_hp_loss":0,"event_name":"Scrap Ooze","floor":5,"gold_loss":0},{"damage_healed":0,"gold_gain":0,"player_choice":"Grow","damage_taken":0,"max_hp_gain":0,"max_hp_loss":0,"event_name":"Living Wall","floor":13,"gold_loss":0,"cards_upgraded":["Genetic Algorithm"]}],"is_beta":false,"boss_relics":[],"items_purged_floors":[],"is_endless":false,"potions_floor_spawned":[2,7,11,12],"killed_by":"Large Slime","ascension_level":18}