{"gold_per_floor":[112,112,123,65,78,112,112,138,162,180,180,180,24,38,38,136,136,136,136,136,136,136,136,136,136,136,136,136,136,36,13,13,13,13,13,13,13,13,13,13,13,13,13,13,13,13,13,13,13,13],"floor_reached":51,"playtime":2455,"items_purged":["Strike_G","Strike_G"],"score":738,"play_id":"caceffb1-c5bb-44b8-b86a-34a78ede15c5","local_time":"20181118223448","is_ascension_mode":false,"campfire_choices":[{"floor":7,"key":"REST"},{"data":"Glass Knife","floor":12,"key":"SMITH"},{"data":"Bouncing Flask","floor":15,"key":"SMITH"},{"data":"Neutralize","floor":23,"key":"SMITH"},{"data":"Burst","floor":25,"key":"SMITH"},{"floor":32,"key":"REST"},{"data":"A Thousand Cuts","floor":40,"key":"SMITH"},{"floor":42,"key":"REST"},{"data":"Malaise","floor":45,"key":"SMITH"},{"floor":49,"key":"REST"}],"neow_cost":"NONE","seed_source_timestamp":357475634392106,"circlet_count":0,"master_deck":["Defend_G","Defend_G","Defend_G","Defend_G","Strike_G","Survivor","Neutralize+1","Leg Sweep","Dash","Flying Knee","Bouncing Flask","Glass Knife+1","Sucker Punch","Quick Slash","Blur","Bouncing Flask+1","Burst+1","Poisoned Stab+1","Backstab","Malaise+1","Deadly Poison","Reflex","Acrobatics+1","Crippling Poison","Crippling Poison+1","Sucker Punch+1","Underhanded Strike","A Thousand Cuts+1","Backflip","Flechettes+1","Dash+1","Prepared+1","Chrysalis","Skewer","Deadly Poison+1","Parasite","Bane+1","Terror","Sucker Punch+1"],"relics":["Ring of the Snake","NeowsBlessing","Centennial Puzzle","Bag of Preparation","Strawberry","Anchor","Gambling Chip","Ectoplasm","Shuriken","Mercury Hourglass","Philosopher\u0027s Stone","Frozen Egg 2","Molten Egg 2"],"potions_floor_usage":[33,50],"damage_taken":[{"damage":0,"enemies":"Jaw Worm","floor":1,"turns":1},{"damage":0,"enemies":"Cultist","floor":3,"turns":1},{"damage":0,"enemies":"2 Louse","floor":5,"turns":1},{"damage":36,"enemies":"Lagavulin","floor":6,"turns":8},{"damage":18,"enemies":"Gremlin Nob","floor":8,"turns":4},{"damage":0,"enemies":"2 Fungi Beasts","floor":10,"turns":2},{"damage":0,"enemies":"Exordium Wildlife","floor":14,"turns":2},{"damage":21,"enemies":"Hexaghost","floor":16,"turns":8},{"damage":0,"enemies":"Shell Parasite","floor":18,"turns":3},{"damage":0,"enemies":"Chosen","floor":19,"turns":3},{"damage":12,"enemies":"Centurion and Healer","floor":21,"turns":4},{"damage":0,"enemies":"Snecko","floor":22,"turns":3},{"damage":19,"enemies":"Gremlin Leader","floor":24,"turns":6},{"damage":0,"enemies":"Snake Plant","floor":27,"turns":2},{"damage":11,"enemies":"Shelled Parasite and Fungi","floor":28,"turns":3},{"damage":0,"enemies":"Colosseum Slavers","floor":29,"turns":3},{"damage":56,"enemies":"Automaton","floor":33,"turns":8},{"damage":0,"enemies":"3 Shapes","floor":35,"turns":2},{"damage":5,"enemies":"3 Darklings","floor":36,"turns":3},{"damage":14,"enemies":"Maw","floor":37,"turns":7},{"damage":1,"enemies":"Sphere and 2 Shapes","floor":38,"turns":3},{"damage":19,"enemies":"Nemesis","floor":41,"turns":7},{"damage":0,"enemies":"Transient","floor":44,"turns":5},{"damage":5,"enemies":"Writhing Mass","floor":46,"turns":4},{"damage":0,"enemies":"4 Shapes","floor":47,"turns":2},{"damage":19,"enemies":"Maw","floor":48,"turns":6},{"damage":72,"enemies":"Awakened One","floor":50,"turns":12}],"seed_played":"7555951401932671995","potions_obtained":[{"floor":1,"key":"FairyPotion"},{"floor":5,"key":"Swift Potion"},{"floor":8,"key":"Explosive Potion"},{"floor":16,"key":"SkillPotion"},{"floor":36,"key":"LiquidBronze"},{"floor":46,"key":"FairyPotion"}],"is_trial":false,"path_per_floor":["M","?","M","?","M","E","R","E","T","M","T","R","$","M","R","B",null,"M","M","?","M","M","R","E","R","T","M","M","?","$","$","R","B",null,"M","M","M","M","?","R","E","R","T","M","R","M","M","M","R","B",null],"character_chosen":"THE_SILENT","items_purchased":["Quick Slash","Blur","Underhanded Strike"],"campfire_rested":4,"item_purchase_floors":[13,13,31],"current_hp_per_floor":[70,70,70,70,70,34,55,44,44,44,44,44,44,44,44,23,77,77,77,77,65,65,65,46,46,46,46,35,35,35,35,58,2,77,77,72,58,57,57,57,38,61,61,61,61,56,56,37,60,3],"gold":13,"neow_bonus":"THREE_ENEMY_KILL","is_prod":false,"is_daily":false,"chose_seed":false,"campfire_upgraded":6,"win_rate":0,"timestamp":1542576888,"path_taken":["M","?","M","?","?","E","R","E","T","M","?","R","$","M","R","BOSS","M","M","?","M","M","R","E","R","T","M","M","?","?","$","R","BOSS","M","M","M","M","?","R","E","R","T","M","R","M","M","M","R","BOSS"],"build_version":"2018-11-15","purchased_purges":2,"victory":true,"max_hp_per_floor":[70,70,70,70,70,70,70,77,77,77,77,77,77,77,77,77,77,77,77,77,77,77,77,77,77,77,77,77,77,77,77,77,77,77,77,77,77,77,77,77,77,77,77,77,77,77,77,77,77,77],"card_choices":[{"not_picked":["PiercingWail","Heel Hook"],"picked":"Leg Sweep","floor":1},{"not_picked":["Flying Knee","Eviscerate"],"picked":"Dash","floor":3},{"not_picked":["PiercingWail","Deflect"],"picked":"Flying Knee","floor":5},{"not_picked":["Calculated Gamble","Sucker Punch"],"picked":"Bouncing Flask","floor":6},{"not_picked":["Poisoned Stab","Blade Dance"],"picked":"Glass Knife","floor":8},{"not_picked":["Backflip","Flying Knee"],"picked":"Sucker Punch","floor":10},{"not_picked":["Backflip","Bane"],"picked":"Bouncing Flask","floor":14},{"not_picked":["Unload","Phantasmal Killer"],"picked":"Burst","floor":16},{"not_picked":["Flechettes+1","Deflect"],"picked":"Poisoned Stab+1","floor":18},{"not_picked":["Terror","Concentrate"],"picked":"Backstab","floor":19},{"not_picked":["Flying Knee","Infinite Blades+1"],"picked":"Reflex","floor":21},{"not_picked":["Slice","Dodge and Roll"],"picked":"Acrobatics+1","floor":22},{"not_picked":["Prepared","Storm of Steel"],"picked":"Crippling Poison","floor":24},{"not_picked":["Riddle With Holes","Choke"],"picked":"Crippling Poison+1","floor":27},{"not_picked":["Quick Slash+1","Backflip"],"picked":"Sucker Punch+1","floor":28},{"not_picked":["Grand Finale","Night Terror"],"picked":"A Thousand Cuts","floor":33},{"not_picked":["Deflect+1","Infinite Blades+1"],"picked":"Backflip","floor":35},{"not_picked":["Dagger Spray","Underhanded Strike"],"picked":"Flechettes+1","floor":36},{"not_picked":["Poisoned Stab","Escape Plan"],"picked":"Dash+1","floor":37},{"not_picked":["Caltrops+1","Blade Dance+1"],"picked":"Prepared+1","floor":38},{"not_picked":["Panacea","Secret Weapon"],"picked":"Chrysalis","floor":39},{"not_picked":["Caltrops+1","Slice+1"],"picked":"Skewer","floor":41},{"not_picked":["Sucker Punch+1","Flying Knee+1"],"picked":"Deadly Poison+1","floor":44},{"not_picked":["Cloak And Dagger","Choke+1"],"picked":"Bane+1","floor":46},{"not_picked":["Deflect+1","Concentrate+1"],"picked":"Terror","floor":47},{"not_picked":["Outmaneuver","Quick Slash+1"],"picked":"Sucker Punch+1","floor":48}],"player_experience":498817,"relics_obtained":[{"floor":6,"key":"Bag of Preparation"},{"floor":8,"key":"Strawberry"},{"floor":9,"key":"Anchor"},{"floor":11,"key":"Gambling Chip"},{"floor":24,"key":"Shuriken"},{"floor":26,"key":"Mercury Hourglass"},{"floor":41,"key":"Frozen Egg 2"},{"floor":43,"key":"Molten Egg 2"}],"event_choices":[{"cards_removed":["Defend_G"],"damage_healed":0,"gold_gain":0,"player_choice":"Forget","damage_taken":0,"max_hp_gain":0,"max_hp_loss":0,"event_name":"Living Wall","floor":2,"gold_loss":0},{"damage_healed":0,"gold_gain":0,"player_choice":"Paid Gold","damage_taken":0,"relics_obtained":["Centennial Puzzle"],"max_hp_gain":0,"max_hp_loss":0,"event_name":"WeMeetAgain","floor":4,"gold_loss":58},{"damage_healed":0,"gold_gain":0,"cards_transformed":["Strike_G","Strike_G"],"player_choice":"Became Test Subject","damage_taken":0,"max_hp_gain":0,"max_hp_loss":0,"event_name":"Drug Dealer","floor":20,"gold_loss":0,"cards_obtained":["Malaise","Deadly Poison"]},{"damage_healed":0,"gold_gain":0,"player_choice":"Fight","damage_taken":0,"max_hp_gain":0,"max_hp_loss":0,"event_name":"Colosseum","floor":29,"gold_loss":0},{"damage_healed":0,"gold_gain":0,"player_choice":"Fled From Nobs","damage_taken":0,"max_hp_gain":0,"max_hp_loss":0,"event_name":"Colosseum","floor":29,"gold_loss":0},{"damage_healed":0,"gold_gain":0,"player_choice":"Memory 1","damage_taken":0,"max_hp_gain":0,"max_hp_loss":0,"event_name":"SensoryStone","floor":39,"gold_loss":0}],"is_beta":false,"boss_relics":[{"not_picked":["WristBlade","Orrery"],"picked":"Ectoplasm"},{"not_picked":["Calling Bell","White Beast Statue"],"picked":"Philosopher\u0027s Stone"}],"items_purged_floors":[13,30],"is_endless":false,"potions_floor_spawned":[1,5,8,14,16,18,22,24,28,29,36,46,48],"ascension_level":0}