{"gold_per_floor":[20,30,30,47,67,67,95,95,95,108,383,403,6,24,24,97,97,113,113,38,109,119,136,136,152,152,163,163,181,14,30,30,104,104,119,66,82,82,99,134,9,9,32,32,44,44,81,81,81,81],"floor_reached":50,"playtime":4754,"items_purged":["Regret","Strike_R","Parasite"],"score":905,"play_id":"e88e4802-c68c-4736-b477-73af30d7d230","local_time":"20190303202248","is_ascension_mode":true,"campfire_choices":[{"data":"Shockwave","floor":6,"key":"SMITH"},{"floor":8,"key":"REST"},{"floor":15,"key":"REST"},{"data":"Barricade","floor":24,"key":"SMITH"},{"floor":28,"key":"DIG"},{"floor":32,"key":"REST"},{"data":"Strike_R","floor":42,"key":"PURGE"},{"data":"Strike_R","floor":44,"key":"PURGE"},{"data":"Clumsy","floor":46,"key":"PURGE"},{"floor":49,"key":"REST"}],"neow_cost":"NO_GOLD","seed_source_timestamp":170424815901400,"circlet_count":0,"master_deck":["AscendersBane","Defend_R","Defend_R","Defend_R","Defend_R","Bash","Evolve","True Grit","Shockwave+1","Shrug It Off","Infernal Blade","Wild Strike","Power Through","Magnetism","Immolate","Clash","Barricade+1","Headbutt","Iron Wave","Entrench","Ghostly Armor","Seeing Red","Warcry+1","Inflame","Feed","Double Tap","Power Through+1","Havoc","Bloodletting+1","Magnetism","Sadistic Nature","Chrysalis","Uppercut+1","Sever Soul","Battle Trance","Burning Pact"],"relics":["Burning Blood","Mango","Centennial Puzzle","Darkstone Periapt","Sozu","Shovel","Singing Bowl","Thread and Needle","Peace Pipe","Cursed Key","Pen Nib","Red Skull"],"potions_floor_usage":[5,5,7,22],"damage_taken":[{"damage":13,"enemies":"Small Slimes","floor":1,"turns":4},{"damage":13,"enemies":"Jaw Worm","floor":2,"turns":4},{"damage":9,"enemies":"Cultist","floor":4,"turns":5},{"damage":29,"enemies":"Exordium Thugs","floor":5,"turns":8},{"damage":40,"enemies":"3 Sentries","floor":7,"turns":12},{"damage":17,"enemies":"Large Slime","floor":10,"turns":9},{"damage":18,"enemies":"Blue Slaver","floor":12,"turns":6},{"damage":12,"enemies":"Exordium Wildlife","floor":14,"turns":4},{"damage":27,"enemies":"Hexaghost","floor":16,"turns":13},{"damage":14,"enemies":"Chosen","floor":18,"turns":4},{"damage":1,"enemies":"3 Byrds","floor":22,"turns":4},{"damage":27,"enemies":"3 Cultists","floor":23,"turns":5},{"damage":16,"enemies":"Sentry and Sphere","floor":25,"turns":9},{"damage":4,"enemies":"Snecko","floor":27,"turns":6},{"damage":14,"enemies":"Snake Plant","floor":29,"turns":8},{"damage":14,"enemies":"Centurion and Healer","floor":31,"turns":8},{"damage":38,"enemies":"Champ","floor":33,"turns":21},{"damage":7,"enemies":"Orb Walker","floor":35,"turns":5},{"damage":15,"enemies":"3 Shapes","floor":37,"turns":6},{"damage":25,"enemies":"Writhing Mass","floor":39,"turns":8},{"damage":9,"enemies":"Giant Head","floor":40,"turns":12},{"damage":29,"enemies":"Jaw Worm Horde","floor":45,"turns":5},{"damage":17,"enemies":"Maw","floor":47,"turns":7},{"damage":63,"enemies":"Donu and Deca","floor":50,"turns":5}],"seed_played":"5581117671523171035","potions_obtained":[{"floor":2,"key":"SkillPotion"},{"floor":4,"key":"Weak Potion"},{"floor":5,"key":"SteroidPotion"},{"floor":16,"key":"Fire Potion"}],"is_trial":false,"path_per_floor":["M","M","?","M","M","R","E","R","T","M","?","M","$","M","R","B",null,"M","?","?","T","M","M","R","M","T","M","R","M","$","M","R","B",null,"M","$","M","?","M","E","$","R","T","R","M","R","M","?","R","B"],"character_chosen":"IRONCLAD","items_purchased":["Magnetism","Immolate","Inflame","Havoc"],"campfire_rested":4,"item_purchase_floors":[13,13,30,36],"current_hp_per_floor":[79,72,72,69,46,46,12,40,40,29,35,23,23,17,47,26,82,74,74,74,74,79,58,58,48,48,50,50,42,42,34,64,32,83,85,85,79,69,58,55,55,55,61,61,38,38,27,27,62,0],"gold":81,"neow_bonus":"ONE_RARE_RELIC","is_prod":false,"is_daily":false,"chose_seed":false,"campfire_upgraded":2,"win_rate":0,"timestamp":1551640968,"path_taken":["M","M","?","M","M","R","E","R","T","M","?","M","$","?","R","BOSS","M","?","?","?","M","M","R","M","T","?","R","M","?","M","R","BOSS","M","$","M","?","M","E","$","R","T","R","M","R","M","?","R","BOSS"],"build_version":"2019-01-23","purchased_purges":3,"victory":false,"max_hp_per_floor":[94,94,94,94,94,94,94,94,94,94,100,100,100,100,100,100,100,100,100,100,100,100,100,100,100,100,100,100,100,100,100,100,100,100,103,103,106,106,114,114,111,111,117,117,117,117,117,117,117,117],"card_choices":[{"not_picked":["Heavy Blade","Armaments"],"picked":"Evolve","floor":1},{"not_picked":["Body Slam","Sword Boomerang"],"picked":"True Grit","floor":2},{"not_picked":["Iron Wave","Flex"],"picked":"Shockwave","floor":4},{"not_picked":["Dual Wield","Heavy Blade"],"picked":"Shrug It Off","floor":5},{"not_picked":["Evolve","Bloodletting"],"picked":"Infernal Blade","floor":7},{"not_picked":["Thunderclap","Entrench"],"picked":"Wild Strike","floor":10},{"not_picked":["Sentinel","Thunderclap"],"picked":"Power Through","floor":12},{"not_picked":["Bloodletting","Twin Strike"],"picked":"Clash","floor":14},{"not_picked":["Juggernaut","Fiend Fire"],"picked":"Barricade","floor":16},{"not_picked":["Heavy Blade+1","Thunderclap"],"picked":"Headbutt","floor":18},{"not_picked":["Armaments","Uppercut"],"picked":"Iron Wave","floor":22},{"not_picked":["Shockwave","Havoc"],"picked":"Entrench","floor":23},{"not_picked":["Disarm","Heavy Blade"],"picked":"Ghostly Armor","floor":25},{"not_picked":["Clothesline","Shockwave"],"picked":"Seeing Red","floor":27},{"not_picked":["Sword Boomerang","Pommel Strike"],"picked":"Warcry+1","floor":29},{"not_picked":["Armaments","Searing Blow"],"picked":"Feed","floor":31},{"not_picked":["Berserk","Feed"],"picked":"Double Tap","floor":33},{"not_picked":["Flame Barrier","Wild Strike"],"picked":"Power Through+1","floor":35},{"not_picked":["Burning Pact","Havoc"],"picked":"Bloodletting+1","floor":37},{"not_picked":["Dramatic Entrance","Swift Strike"],"picked":"Magnetism","floor":38},{"not_picked":["Panacea","Flash of Steel"],"picked":"Sadistic Nature","floor":38},{"not_picked":["Transmutation","Deep Breath"],"picked":"Chrysalis","floor":38},{"not_picked":["Armaments","Twin Strike","Power Through"],"picked":"Singing Bowl","floor":39},{"not_picked":["Clothesline","Heavy Blade"],"picked":"Uppercut+1","floor":40},{"not_picked":["Warcry+1","Power Through"],"picked":"Sever Soul","floor":45},{"not_picked":["Searing Blow+1","True Grit"],"picked":"Battle Trance","floor":47}],"player_experience":926235,"relics_obtained":[{"floor":7,"key":"Centennial Puzzle"},{"floor":9,"key":"Darkstone Periapt"},{"floor":21,"key":"Singing Bowl"},{"floor":26,"key":"Thread and Needle"},{"floor":28,"key":"Peace Pipe"},{"floor":40,"key":"Pen Nib"},{"floor":43,"key":"Red Skull"}],"event_choices":[{"damage_healed":0,"gold_gain":0,"player_choice":"Leave","damage_taken":0,"max_hp_gain":0,"max_hp_loss":0,"event_name":"The Cleric","floor":3,"gold_loss":0},{"damage_healed":0,"gold_gain":275,"player_choice":"Desecrate","damage_taken":0,"max_hp_gain":0,"max_hp_loss":0,"event_name":"Golden Shrine","floor":11,"gold_loss":0,"cards_obtained":["Regret"]},{"damage_healed":0,"gold_gain":0,"player_choice":"Opened","damage_taken":0,"relics_obtained":["Shovel"],"max_hp_gain":0,"max_hp_loss":0,"event_name":"The Mausoleum","floor":19,"gold_loss":0},{"cards_removed":["Strike_R"],"damage_healed":0,"gold_gain":0,"player_choice":"Gave Gold","damage_taken":0,"max_hp_gain":0,"max_hp_loss":0,"event_name":"Beggar","floor":20,"gold_loss":75},{"damage_healed":0,"gold_gain":0,"player_choice":"Memory 3","damage_taken":10,"max_hp_gain":0,"max_hp_loss":0,"event_name":"SensoryStone","floor":38,"gold_loss":0},{"damage_healed":0,"gold_gain":0,"cards_transformed":["Strike_R"],"player_choice":"Transformed","damage_taken":0,"max_hp_gain":0,"max_hp_loss":0,"event_name":"Transmorgrifier","floor":48,"gold_loss":0,"cards_obtained":["Burning Pact"]}],"is_beta":false,"boss_relics":[{"not_picked":["Lizard Tail","Empty Cage"],"picked":"Sozu"},{"not_picked":["Coffee Dripper","Runic Cube"],"picked":"Cursed Key"}],"items_purged_floors":[13,30,41],"is_endless":false,"potions_floor_spawned":[2,4,5,16,22,23,29,31,33,35,37,47],"killed_by":"Donu and Deca","ascension_level":13}