{"gold_per_floor":[112,187,187,187,200,225,225,236,236,236,236,236,247,272,272,272],"floor_reached":16,"playtime":521,"items_purged":[],"score":132,"play_id":"a8173c8b-746a-45bb-9d50-17ede6f720a3","local_time":"20190927030908","is_ascension_mode":true,"campfire_choices":[{"data":"Dash","floor":7,"key":"SMITH"},{"data":"Survivor","floor":10,"key":"SMITH"},{"data":"Dagger Throw","floor":12,"key":"SMITH"},{"data":"Expertise","floor":15,"key":"SMITH"}],"neow_cost":"TEN_PERCENT_HP_LOSS","seed_source_timestamp":752218496727570,"circlet_count":0,"master_deck":["Strike_G","Strike_G","Strike_G","Strike_G","Strike_G","Defend_G","Defend_G","Defend_G","Defend_G","Defend_G","Survivor+1","Neutralize+1","Dash+1","Dagger Throw+1","Acrobatics","Expertise+1"],"special_seed":0,"relics":["Ring of the Snake","Ice Cream","Mummified Hand","Mercury Hourglass","Odd Mushroom"],"potions_floor_usage":[16],"damage_taken":[{"damage":0.0,"enemies":"Cultist","floor":1.0,"turns":4.0},{"damage":1,"enemies":"2 Louse","floor":5,"turns":3},{"damage":37,"enemies":"3 Sentries","floor":6,"turns":13},{"damage":0,"enemies":"Small Slimes","floor":8,"turns":4},{"damage":0,"enemies":"2 Fungi Beasts","floor":13,"turns":3},{"damage":7,"enemies":"The Mushroom Lair","floor":14,"turns":3},{"damage":33,"enemies":"Slime Boss","floor":16,"turns":7}],"seed_played":"8517926777228780890","potions_obtained":[{"floor":1.0,"key":"Block Potion"},{"floor":13,"key":"Regen Potion"},{"floor":14,"key":"SkillPotion"}],"is_trial":false,"path_per_floor":["M","?","?","?","M","E","R","M","T","R","?","R","M","?","R","B"],"character_chosen":"THE_SILENT","items_purchased":[],"campfire_rested":0,"item_purchase_floors":[],"current_hp_per_floor":[63,52,52,52,51,14,14,14,14,14,35,35,35,28,28,0],"gold":272,"neow_bonus":"ONE_RARE_RELIC","is_prod":false,"is_daily":false,"chose_seed":false,"campfire_upgraded":4,"win_rate":0,"timestamp":1569578948,"path_taken":["M","?","?","?","M","E","R","M","T","R","?","R","M","?","R","BOSS"],"build_version":"2019-07-17","purchased_purges":0,"victory":false,"max_hp_per_floor":[63,63,63,63,63,63,63,63,63,63,63,63,63,63,63,63],"card_choices":[{"not_picked":["Concentrate","Slice","Dodge and Roll"],"picked":"SKIP","floor":1.0},{"not_picked":["Deflect","Outmaneuver"],"picked":"Dash","floor":5},{"not_picked":["Infinite Blades","PiercingWail"],"picked":"Dagger Throw","floor":6},{"not_picked":["Dodge and Roll","Acrobatics","Endless Agony"],"picked":"SKIP","floor":8},{"not_picked":["PiercingWail","Reflex"],"picked":"Acrobatics","floor":13},{"not_picked":["Slice","Deflect"],"picked":"Expertise","floor":14}],"player_experience":255010,"relics_obtained":[{"floor":6,"key":"Mummified Hand"},{"floor":9,"key":"Mercury Hourglass"},{"floor":14,"key":"Odd Mushroom"}],"event_choices":[{"damage_healed":0.0,"max_hp_gain":0.0,"max_hp_loss":0.0,"gold_gain":75.0,"event_name":"World of Goop","player_choice":"Gather Gold","floor":2.0,"gold_loss":0.0,"damage_taken":11.0},{"damage_healed":0.0,"max_hp_gain":0.0,"max_hp_loss":0.0,"gold_gain":0.0,"event_name":"Shining Light","player_choice":"Ignored","floor":3.0,"gold_loss":0.0,"damage_taken":0.0},{"damage_healed":0,"gold_gain":0,"player_choice":"Grow","damage_taken":0,"max_hp_gain":0,"max_hp_loss":0,"event_name":"Living Wall","floor":4,"gold_loss":0,"cards_upgraded":["Neutralize"]},{"damage_healed":21,"gold_gain":0,"player_choice":"Banana","damage_taken":0,"max_hp_gain":0,"max_hp_loss":0,"event_name":"Big Fish","floor":11,"gold_loss":0},{"damage_healed":0,"gold_gain":0,"player_choice":"Fought Mushrooms","damage_taken":0,"max_hp_gain":0,"max_hp_loss":0,"event_name":"Mushrooms","floor":14,"gold_loss":0}],"is_beta":false,"boss_relics":[],"items_purged_floors":[],"is_endless":false,"potions_floor_spawned":[1,13,14],"killed_by":"Slime Boss","ascension_level":7}