{"gold_per_floor":[119,119,134,7,20,20,352,352,352,369,369,419,435,455,455,532,532,543,543,50,69,69,85,85],"floor_reached":24,"playtime":1170,"items_purged":["Strike_B","Strike_B"],"score":401,"play_id":"409ee860-a362-476e-9945-e74f518b3794","local_time":"20190918232338","is_ascension_mode":true,"campfire_choices":[{"data":"Zap","floor":6,"key":"SMITH"},{"floor":8,"key":"REST"},{"floor":11,"key":"REST"},{"data":"Rainbow","floor":15,"key":"SMITH"}],"neow_cost":"NONE","seed_source_timestamp":11324059249600,"circlet_count":0,"master_deck":["AscendersBane","Defend_B","Defend_B","Defend_B","Defend_B","Zap+1","Dualcast","Stack","Self Repair","Ball Lightning","Conserve Battery","Seek","Beam Cell","Defragment","Rainbow+1","Echo Form","Self Repair","Reboot","Fission","Compile Driver","Panache","White Noise","Bite","Bite","Bite","Bite","Bite","Genetic Algorithm"],"relics":["FrozenCore","NeowsBlessing","Old Coin","Unceasing Top"],"potions_floor_usage":[7,16,16,24],"damage_taken":[{"damage":0,"enemies":"2 Louse","floor":1,"turns":1},{"damage":0,"enemies":"Cultist","floor":3,"turns":1},{"damage":0,"enemies":"Jaw Worm","floor":5,"turns":1},{"damage":56,"enemies":"Gremlin Nob","floor":7,"turns":5},{"damage":20,"enemies":"Gremlin Gang","floor":10,"turns":4},{"damage":0,"enemies":"2 Fungi Beasts","floor":13,"turns":3},{"damage":0,"enemies":"Exordium Thugs","floor":14,"turns":4},{"damage":65,"enemies":"Slime Boss","floor":16,"turns":9},{"damage":22,"enemies":"Chosen","floor":18,"turns":6},{"damage":18,"enemies":"3 Byrds","floor":21,"turns":4},{"damage":23,"enemies":"Snake Plant","floor":23,"turns":4},{"damage":30,"enemies":"Gremlin Leader","floor":24,"turns":2}],"seed_played":"-2571672089034827833","potions_obtained":[{"floor":1,"key":"AttackPotion"},{"floor":5,"key":"Strength Potion"},{"floor":7,"key":"FearPotion"},{"floor":13,"key":"Regen Potion"},{"floor":23,"key":"Fire Potion"}],"is_trial":false,"path_per_floor":["M","?","M","$","M","R","E","R","T","M","R","?","M","M","R","B",null,"M","?","$","M","?","M","E"],"character_chosen":"DEFECT","items_purchased":["Conserve Battery","Fission","Compile Driver","Panache"],"campfire_rested":2,"item_purchase_floors":[4,20,20,20],"current_hp_per_floor":[64,64,64,64,64,64,15,36,36,23,44,44,51,58,58,15,57,49,49,49,45,45,24,0],"gold":85,"neow_bonus":"THREE_ENEMY_KILL","is_prod":false,"is_daily":false,"chose_seed":false,"campfire_upgraded":2,"win_rate":0,"timestamp":1568841818,"path_taken":["M","?","?","$","M","R","E","R","T","M","R","?","?","M","R","BOSS","M","?","?","M","?","M","E"],"build_version":"2019-07-17","purchased_purges":2,"victory":false,"max_hp_per_floor":[71,71,71,71,71,71,71,71,71,71,71,71,71,71,71,71,71,71,71,71,71,49,49,49],"card_choices":[{"not_picked":["Aggregate","Turbo"],"picked":"Stack","floor":1},{"not_picked":["Coolheaded","Cold Snap"],"picked":"Ball Lightning","floor":3},{"not_picked":["Scrape","Aggregate","Reprogram"],"picked":"SKIP","floor":5},{"not_picked":["Aggregate","Steam Power"],"picked":"Seek","floor":7},{"not_picked":["Chill","Stack"],"picked":"Beam Cell","floor":10},{"not_picked":["Turbo","Chill"],"picked":"Defragment","floor":13},{"not_picked":["Reinforced Body","Lockon"],"picked":"Rainbow","floor":14},{"not_picked":["All For One","Multi-Cast"],"picked":"Echo Form","floor":16},{"not_picked":["Go for the Eyes","Darkness"],"picked":"Self Repair","floor":18},{"not_picked":["Gash","Ball Lightning"],"picked":"White Noise","floor":21},{"not_picked":["Cold Snap","Rainbow"],"picked":"Genetic Algorithm","floor":23}],"player_experience":1990672,"relics_obtained":[{"floor":7,"key":"Old Coin"},{"floor":9,"key":"Unceasing Top"}],"event_choices":[{"damage_healed":0,"gold_gain":0,"player_choice":"1 cards matched","damage_taken":0,"max_hp_gain":0,"max_hp_loss":0,"event_name":"Match and Keep!","floor":2,"gold_loss":0,"cards_obtained":["Self Repair"]},{"damage_healed":0,"gold_gain":50,"player_choice":"Pray","damage_taken":0,"max_hp_gain":0,"max_hp_loss":0,"event_name":"Golden Shrine","floor":12,"gold_loss":0},{"damage_healed":0,"gold_gain":0,"cards_transformed":["Strike_B"],"player_choice":"Transformed","damage_taken":0,"max_hp_gain":0,"max_hp_loss":0,"event_name":"Transmorgrifier","floor":19,"gold_loss":0,"cards_obtained":["Reboot"]},{"damage_healed":0,"gold_gain":0,"player_choice":"Became a vampire","damage_taken":0,"max_hp_gain":0,"max_hp_loss":22,"event_name":"Vampires","floor":22,"gold_loss":0,"cards_obtained":["Bite","Bite","Bite","Bite","Bite"]}],"is_beta":false,"boss_relics":[{"not_picked":["Philosopher\u0027s Stone","Busted Crown"],"picked":"FrozenCore"}],"items_purged_floors":[4,20],"is_endless":false,"potions_floor_spawned":[1,5,7,13,14,23],"killed_by":"Gremlin Leader","ascension_level":18}