{"gold_per_floor":[20,36,36,46,57,117,128,128,128,128],"floor_reached":10,"playtime":452,"items_purged":[],"score":119,"play_id":"62047cd0-e993-448f-87cc-684e01ff0ffc","local_time":"20190423142310","is_ascension_mode":true,"campfire_choices":[],"neow_cost":"NO_GOLD","seed_source_timestamp":58105549734400,"circlet_count":0,"master_deck":["AscendersBane","Strike_B","Strike_B","Strike_B","Strike_B","Defend_B","Defend_B","Defend_B","Defend_B","Zap","Dualcast","Echo Form","Gash","Cold Snap","Rebound","Echo Form","Coolheaded","Loop","Go for the Eyes","Redo"],"relics":["Cracked Core","Tiny Chest","Lantern","Juzu Bracelet"],"potions_floor_usage":[7,10],"damage_taken":[{"damage":7,"enemies":"Jaw Worm","floor":1,"turns":3},{"damage":1,"enemies":"Cultist","floor":2,"turns":3},{"damage":5,"enemies":"Small Slimes","floor":4,"turns":3},{"damage":12,"enemies":"2 Fungi Beasts","floor":5,"turns":4},{"damage":18,"enemies":"Lagavulin","floor":6,"turns":5},{"damage":5,"enemies":"Lots of Slimes","floor":7,"turns":4},{"damage":19,"enemies":"Lagavulin Event","floor":10,"turns":3}],"seed_played":"-509982817801985858","potions_obtained":[{"floor":2,"key":"SteroidPotion"},{"floor":5,"key":"Fire Potion"},{"floor":7,"key":"GamblersBrew"}],"is_trial":false,"path_per_floor":["M","M","?","M","M","E","M","T","T","?"],"character_chosen":"DEFECT","items_purchased":[],"campfire_rested":0,"item_purchase_floors":[],"current_hp_per_floor":[57,56,56,51,39,21,16,16,16,0],"gold":128,"neow_bonus":"THREE_RARE_CARDS","is_prod":false,"is_daily":false,"chose_seed":false,"campfire_upgraded":0,"win_rate":0,"timestamp":1556022190,"path_taken":["M","M","?","?","?","E","M","?","T","?"],"build_version":"2019-01-23","purchased_purges":0,"victory":false,"max_hp_per_floor":[71,71,71,71,71,71,71,71,71,71],"card_choices":[{"not_picked":["Biased Cognition","Rainbow"],"picked":"Echo Form","floor":0},{"not_picked":["Compile Driver","Turbo"],"picked":"Gash","floor":1},{"not_picked":["Streamline","Stack"],"picked":"Cold Snap","floor":2},{"not_picked":["Tempest","Barrage"],"picked":"Coolheaded","floor":4},{"not_picked":["Hologram","Rebound"],"picked":"Loop","floor":5},{"not_picked":["Doom and Gloom","Undo"],"picked":"Go for the Eyes","floor":6},{"not_picked":["Blizzard","Ball Lightning"],"picked":"Redo","floor":7}],"player_experience":1050786,"relics_obtained":[{"floor":6,"key":"Tiny Chest"},{"floor":8,"key":"Lantern"},{"floor":9,"key":"Juzu Bracelet"}],"event_choices":[{"damage_healed":0,"gold_gain":0,"player_choice":"2 cards matched","damage_taken":0,"max_hp_gain":0,"max_hp_loss":0,"event_name":"Match and Keep!","floor":3,"gold_loss":0,"cards_obtained":["Rebound","Echo Form"]},{"damage_healed":0,"gold_gain":0,"player_choice":"Searched \u00271\u0027 times","damage_taken":0,"max_hp_gain":0,"max_hp_loss":0,"event_name":"Dead Adventurer","floor":10,"gold_loss":0}],"is_beta":false,"boss_relics":[],"items_purged_floors":[],"is_endless":false,"potions_floor_spawned":[2,5,7],"killed_by":"Lagavulin Event","ascension_level":14}