{"gold_per_floor":[115,95,106,116,116,116,142,162,162,162,180,210,6,26,26,105,105,119,1,1,1,1,1,1],"floor_reached":24,"playtime":706,"items_purged":["Regret"],"score":413,"play_id":"5564fcdb-6fb9-4aed-be7d-1f0d04020f94","local_time":"20181110030013","is_ascension_mode":true,"campfire_choices":[{"data":"Neutralize","floor":6.0,"key":"SMITH"},{"floor":10.0,"key":"REST"},{"floor":15.0,"key":"REST"},{"floor":23,"key":"REST"}],"neow_cost":"NONE","seed_source_timestamp":0,"circlet_count":0,"master_deck":["AscendersBane","Defend_G","Defend_G","Defend_G","Defend_G","Defend_G","Survivor","Neutralize+1","Calculated Gamble","Dash","Dagger Spray","Dagger Throw+1","Deadly Poison","Dagger Spray","Deadly Poison","Endless Agony+1","Underhanded Strike+1","A Thousand Cuts","Doubt","Decay","Predator+1","Footwork","Bite+1","Bite+1","Bite+1","Bite+1","Bite+1"],"special_seed":0,"relics":["Ring of the Snake","NeowsBlessing","FossilizedHelix","Kunai","Sundial","Molten Egg 2","Whetstone","Calling Bell","Bronze Scales","Mercury Hourglass","Tingsha","MutagenicStrength"],"potions_floor_usage":[24],"damage_taken":[{"damage":0.0,"enemies":"Small Slimes","floor":1.0,"turns":1.0},{"damage":0.0,"enemies":"Cultist","floor":3.0,"turns":1.0},{"damage":0.0,"enemies":"Jaw Worm","floor":4.0,"turns":1.0},{"damage":37.0,"enemies":"Lagavulin","floor":7.0,"turns":9.0},{"damage":0.0,"enemies":"Gremlin Gang","floor":8.0,"turns":2.0},{"damage":1.0,"enemies":"Red Slaver","floor":11.0,"turns":3.0},{"damage":18.0,"enemies":"Gremlin Nob","floor":12.0,"turns":5.0},{"damage":0.0,"enemies":"2 Fungi Beasts","floor":14.0,"turns":2.0},{"damage":47.0,"enemies":"Slime Boss","floor":16.0,"turns":11.0},{"damage":16,"enemies":"Shell Parasite","floor":18,"turns":4},{"damage":60,"enemies":"Gremlin Leader","floor":24,"turns":7}],"seed_played":"-1549019357122925210","potions_obtained":[{"floor":1.0,"key":"GamblersBrew"},{"floor":2.0,"key":"GamblersBrew"},{"floor":7.0,"key":"Fire Potion"},{"floor":8.0,"key":"EssenceOfSteel"},{"floor":11.0,"key":"LiquidBronze"},{"floor":12.0,"key":"Regen Potion"}],"is_trial":false,"path_per_floor":["M","?","M","M","?","R","E","M","T","R","M","E","$","M","R","B",null,"M","$","?","?","?","R","E"],"character_chosen":"THE_SILENT","items_purchased":["Whetstone","Endless Agony+1","Footwork"],"campfire_rested":3,"item_purchase_floors":[13,13,19],"current_hp_per_floor":[59,59,59,59,59,59,22,22,22,41,40,22,22,22,41,9,52,36,36,18,18,18,32,0],"gold":1,"neow_bonus":"THREE_ENEMY_KILL","is_prod":false,"is_daily":false,"chose_seed":false,"campfire_upgraded":1,"win_rate":0,"timestamp":1541815213,"path_taken":["M","?","?","M","?","R","E","M","T","R","?","E","?","?","R","BOSS","M","?","?","?","?","R","E"],"build_version":"2018-11-08","purchased_purges":1,"victory":false,"max_hp_per_floor":[66,66,66,66,66,66,66,66,66,66,66,66,66,66,66,66,66,66,66,71,71,49,49,49],"card_choices":[{"not_picked":["Eviscerate","Deflect"],"picked":"Calculated Gamble","floor":1.0},{"not_picked":["Blade Dance","Distraction"],"picked":"Dash","floor":3.0},{"not_picked":["Prepared","Flying Knee"],"picked":"Dagger Spray","floor":4.0},{"not_picked":["PiercingWail","Storm of Steel"],"picked":"Dagger Throw","floor":7.0},{"not_picked":["Bouncing Flask","Underhanded Strike"],"picked":"Deadly Poison","floor":8.0},{"not_picked":["Underhanded Strike","PiercingWail"],"picked":"Dagger Spray","floor":11.0},{"not_picked":["Calculated Gamble","Terror"],"picked":"Deadly Poison","floor":12.0},{"not_picked":["Reflex","Blade Dance"],"picked":"Underhanded Strike+1","floor":14.0},{"not_picked":["Wraith Form v2","Burst"],"picked":"A Thousand Cuts","floor":16.0},{"not_picked":["Slice+1","Bouncing Flask"],"picked":"Predator+1","floor":18}],"player_experience":482925,"relics_obtained":[{"floor":7.0,"key":"Kunai"},{"floor":9.0,"key":"Sundial"},{"floor":12.0,"key":"Molten Egg 2"},{"floor":17.0,"key":"Bronze Scales"},{"floor":17.0,"key":"Mercury Hourglass"},{"floor":17.0,"key":"Tingsha"}],"event_choices":[{"damage_healed":0.0,"max_hp_gain":0.0,"max_hp_loss":0.0,"gold_gain":0.0,"event_name":"The Woman in Blue","player_choice":"Bought 1 Potion","floor":2.0,"gold_loss":0.0,"damage_taken":0.0},{"damage_healed":0.0,"max_hp_gain":0.0,"max_hp_loss":0.0,"gold_gain":0.0,"event_name":"WeMeetAgain","player_choice":"Gave Potion","floor":5.0,"gold_loss":0.0,"damage_taken":0.0,"relics_obtained":["FossilizedHelix"]},{"damage_healed":0,"gold_gain":0,"player_choice":"Shed Blood","damage_taken":23,"max_hp_gain":5,"max_hp_loss":0,"event_name":"Forgotten Altar","floor":20,"gold_loss":0},{"damage_healed":0,"gold_gain":0,"player_choice":"Inject Mutagens","damage_taken":0,"relics_obtained":["MutagenicStrength"],"max_hp_gain":0,"max_hp_loss":0,"event_name":"Drug Dealer","floor":21,"gold_loss":0},{"damage_healed":0,"gold_gain":0,"player_choice":"Became a vampire","damage_taken":0,"max_hp_gain":0,"max_hp_loss":22,"event_name":"Vampires","floor":22,"gold_loss":0,"cards_obtained":["Bite","Bite","Bite","Bite","Bite"]}],"is_beta":false,"boss_relics":[{"not_picked":["HoveringKite","WristBlade"],"picked":"Calling Bell"}],"items_purged_floors":[19],"is_endless":false,"potions_floor_spawned":[1,7,8,11,12],"killed_by":"Gremlin Leader","ascension_level":18}