{"gold_per_floor":[113,113,113,128,128,161,171,171,171,183,108,108,119,139,139,241,241,254,131,150,150],"floor_reached":21,"playtime":1920,"items_purged":[],"score":181,"play_id":"6c47099d-f181-4c34-abba-0a676847dd94","local_time":"20190526191456","is_ascension_mode":false,"campfire_choices":[{"data":"Bloodletting","floor":12,"key":"SMITH"},{"data":"Dual Wield","floor":15,"key":"SMITH"}],"neow_cost":"NONE","seed_source_timestamp":178668838377261,"circlet_count":0,"master_deck":["Strike_R","Strike_R","Strike_R","Strike_R","Strike_R","Defend_R","Defend_R","Defend_R","Defend_R","Bash","Offering+1","Rage","Infernal Blade","Metallicize","Bloodletting+1","Dual Wield+1","Double Tap","Bludgeon"],"relics":["Burning Blood","Girya","Meat on the Bone","Pear","Philosopher\u0027s Stone","Kunai"],"potions_floor_usage":[16,16,16],"damage_taken":[{"damage":6,"enemies":"2 Louse","floor":1,"turns":2},{"damage":6,"enemies":"Small Slimes","floor":4,"turns":4},{"damage":37,"enemies":"Lagavulin","floor":6,"turns":6},{"damage":6,"enemies":"Cultist","floor":7,"turns":2},{"damage":16,"enemies":"3 Louse","floor":10,"turns":3},{"damage":16,"enemies":"Lots of Slimes","floor":13,"turns":10},{"damage":4,"enemies":"2 Fungi Beasts","floor":14,"turns":2},{"damage":52,"enemies":"Hexaghost","floor":16,"turns":11},{"damage":59,"enemies":"3 Byrds","floor":18,"turns":7},{"damage":45,"enemies":"Spheric Guardian","floor":20,"turns":6},{"damage":22,"enemies":"Colosseum Slavers","floor":21,"turns":3}],"seed_played":"7392907508956047480","potions_obtained":[{"floor":4,"key":"Block Potion"},{"floor":6,"key":"BloodPotion"},{"floor":14,"key":"Poison Potion"}],"is_trial":false,"path_per_floor":["M","?","?","M","?","E","M","T","T","M","$","R","M","M","R","B",null,"M","?","M","?"],"character_chosen":"IRONCLAD","items_purchased":["Bloodletting"],"campfire_rested":0,"item_purchase_floors":[11],"current_hp_per_floor":[80,80,80,80,80,49,49,49,59,61,61,61,63,65,65,40,90,49,49,22,0],"gold":150,"neow_bonus":"ONE_RANDOM_RARE_CARD","is_prod":false,"is_daily":false,"chose_seed":false,"campfire_upgraded":2,"win_rate":0.0,"timestamp":1558912496,"path_taken":["M","?","?","M","?","E","M","?","T","M","$","R","M","?","R","BOSS","M","?","?","?"],"build_version":"2019-01-23","purchased_purges":0,"victory":false,"max_hp_per_floor":[80,80,80,80,80,80,80,80,90,90,90,90,90,90,90,90,90,90,90,90,90],"card_choices":[{"not_picked":["Twin Strike","Sever Soul"],"picked":"Rage","floor":1},{"not_picked":["Clash","Warcry"],"picked":"Infernal Blade","floor":4},{"not_picked":["Thunderclap","Headbutt"],"picked":"Metallicize","floor":6},{"not_picked":["Dark Embrace","True Grit","Iron Wave"],"picked":"SKIP","floor":7},{"not_picked":["Cleave","Body Slam","Clothesline"],"picked":"SKIP","floor":10},{"not_picked":["Cleave","Clothesline","Body Slam"],"picked":"SKIP","floor":13},{"not_picked":["Fire Breathing","Battle Trance"],"picked":"Dual Wield","floor":14},{"not_picked":["Barricade","Brutality"],"picked":"Double Tap","floor":16},{"not_picked":["Ghostly Armor","Shrug It Off","Twin Strike"],"picked":"SKIP","floor":18},{"not_picked":["Warcry","Body Slam"],"picked":"Bludgeon","floor":20}],"player_experience":7449,"relics_obtained":[{"floor":6,"key":"Girya"},{"floor":8,"key":"Meat on the Bone"},{"floor":9,"key":"Pear"}],"event_choices":[{"damage_healed":0,"gold_gain":0,"player_choice":"Grow","damage_taken":0,"max_hp_gain":0,"max_hp_loss":0,"event_name":"Living Wall","floor":2,"gold_loss":0,"cards_upgraded":["Offering"]},{"damage_healed":0,"gold_gain":0,"player_choice":"Ignored","damage_taken":0,"max_hp_gain":0,"max_hp_loss":0,"event_name":"Golden Wing","floor":3,"gold_loss":0},{"damage_healed":0,"gold_gain":0,"player_choice":"Ignored","damage_taken":0,"max_hp_gain":0,"max_hp_loss":0,"event_name":"Liars Game","floor":5,"gold_loss":0},{"damage_healed":0,"gold_gain":0,"player_choice":"Paid Gold","damage_taken":0,"relics_obtained":["Kunai"],"max_hp_gain":0,"max_hp_loss":0,"event_name":"WeMeetAgain","floor":19,"gold_loss":123},{"damage_healed":0,"gold_gain":0,"player_choice":"Fight","damage_taken":0,"max_hp_gain":0,"max_hp_loss":0,"event_name":"Colosseum","floor":21,"gold_loss":0}],"is_beta":false,"boss_relics":[{"not_picked":["Velvet Choker","Lizard Tail"],"picked":"Philosopher\u0027s Stone"}],"items_purged_floors":[],"is_endless":false,"potions_floor_spawned":[4,6,14],"killed_by":"Colosseum Slavers","ascension_level":0}