{"gold_per_floor":[110,130,140,154,104,104,129,129,200,220,251,251,268,295,295,391,391,411,423,8,22,39,39,65,78,101,114,148,148,181,199,199,302,302,321,336,336,381,273,284,284,298,298,328,328,328,338,372,372,372],"floor_reached":50,"playtime":2855,"items_purged":["Strike_R","Strike_R"],"score":628,"play_id":"8635c476-965d-4f33-943e-9b8e7b0990fc","local_time":"20190708012558","is_ascension_mode":false,"campfire_choices":[{"data":"Metallicize","floor":6,"key":"SMITH"},{"floor":12,"key":"REST"},{"data":"Bash","floor":15,"key":"SMITH"},{"data":"True Grit","floor":23,"key":"SMITH"},{"floor":29,"key":"REST"},{"data":"Combust","floor":32,"key":"SMITH"},{"data":"Combust","floor":41,"key":"SMITH"},{"floor":49,"key":"RECALL"}],"neow_cost":"NONE","seed_source_timestamp":962785666409481,"circlet_count":0,"master_deck":["Strike_R","Defend_R","Defend_R+1","Defend_R","Defend_R","Bash+1","Iron Wave","Shrug It Off+1","Metallicize+1","Inflame","Combust+1","Sword Boomerang","Demon Form","True Grit+1","Battle Trance","Flame Barrier","Sword Boomerang+1","Shockwave","Reaper","Combust+1","Battle Trance+1","Shrug It Off","True Grit+1","Spot Weakness","Heavy Blade","Juggernaut","Combust+1","Metallicize","Shrug It Off"],"relics":["Burning Blood","Unceasing Top","Bottled Flame","Orichalcum","Strawberry","Mark of Pain","Membership Card","Thread and Needle","Prayer Wheel","War Paint","FossilizedHelix","PreservedInsect","Busted Crown","Du-Vu Doll","Self Forming Clay","Omamori","Regal Pillow"],"potions_floor_usage":[4,11,22,22,22,28,35,38,45,50,50],"damage_taken":[{"damage":3,"enemies":"Small Slimes","floor":1,"turns":4},{"damage":6,"enemies":"2 Louse","floor":2,"turns":3},{"damage":6,"enemies":"Jaw Worm","floor":3,"turns":3},{"damage":12,"enemies":"Gremlin Gang","floor":4,"turns":5},{"damage":32,"enemies":"Lagavulin","floor":7,"turns":9},{"damage":3,"enemies":"Blue Slaver","floor":10,"turns":4},{"damage":43,"enemies":"Gremlin Nob","floor":11,"turns":5},{"damage":1,"enemies":"2 Fungi Beasts","floor":13,"turns":4},{"damage":41,"enemies":"The Guardian","floor":16,"turns":13},{"damage":4,"enemies":"Chosen","floor":18,"turns":6},{"damage":14,"enemies":"Spheric Guardian","floor":19,"turns":5},{"damage":8,"enemies":"Centurion and Healer","floor":21,"turns":7},{"damage":9,"enemies":"Snake Plant","floor":22,"turns":4},{"damage":35,"enemies":"Gremlin Leader","floor":24,"turns":6},{"damage":2,"enemies":"Snecko","floor":25,"turns":5},{"damage":10,"enemies":"Chosen and Byrds","floor":27,"turns":6},{"damage":42,"enemies":"Slavers","floor":28,"turns":4},{"damage":17,"enemies":"Book of Stabbing","floor":30,"turns":8},{"damage":13,"enemies":"Shelled Parasite and Fungi","floor":31,"turns":7},{"damage":26,"enemies":"Champ","floor":33,"turns":11},{"damage":34,"enemies":"3 Shapes","floor":35,"turns":5},{"damage":11,"enemies":"3 Darklings","floor":36,"turns":5},{"damage":37,"enemies":"2 Orb Walkers","floor":38,"turns":4},{"damage":37,"enemies":"Sphere and 2 Shapes","floor":40,"turns":6},{"damage":22,"enemies":"Maw","floor":42,"turns":6},{"damage":9,"enemies":"Giant Head","floor":44,"turns":7},{"damage":0,"enemies":"Writhing Mass","floor":45,"turns":1},{"damage":9,"enemies":"3 Darklings","floor":47,"turns":4},{"damage":15,"enemies":"Nemesis","floor":48,"turns":5},{"damage":50,"enemies":"Donu and Deca","floor":50,"turns":6}],"seed_played":"-5883141282651399039","potions_obtained":[{"floor":2,"key":"AttackPotion"},{"floor":3,"key":"LiquidBronze"},{"floor":10,"key":"SkillPotion"},{"floor":13,"key":"LiquidBronze"},{"floor":19,"key":"EssenceOfSteel"},{"floor":27,"key":"LiquidBronze"},{"floor":30,"key":"Explosive Potion"},{"floor":33,"key":"AttackPotion"},{"floor":38,"key":"SmokeBomb"},{"floor":48,"key":"GamblersBrew"}],"is_trial":false,"path_per_floor":["M","M","M","M","?","R","E","?","T","M","E","R","M","T","R","B",null,"M","M","$","M","M","R","E","M","T","M","E","R","E","M","R","B",null,"M","M","?","?","$","M","R","M","T","E","M","T","M","E","R","B"],"character_chosen":"IRONCLAD","items_purchased":["Membership Card","Flame Barrier","Thread and Needle","Metallicize","Weak Potion"],"campfire_rested":2,"item_purchase_floors":[20,20,20,39,39],"current_hp_per_floor":[88,88,88,82,82,82,56,49,49,52,15,41,46,53,53,18,95,95,87,87,85,82,82,53,64,64,66,30,58,53,52,52,55,95,80,87,87,56,56,37,37,34,34,40,46,46,43,40,40,0],"gold":372,"neow_bonus":"TEN_PERCENT_HP_BONUS","is_prod":false,"is_daily":false,"chose_seed":false,"campfire_upgraded":5,"win_rate":0,"timestamp":1562563558,"path_taken":["M","M","M","M","?","R","E","?","T","M","E","R","M","?","R","BOSS","M","M","$","?","M","R","E","M","T","M","E","R","E","M","R","BOSS","M","M","?","?","$","M","R","M","T","E","M","?","M","E","R","BOSS"],"build_version":"2019-07-05","purchased_purges":2,"victory":false,"max_hp_per_floor":[88,88,88,88,88,88,88,88,88,88,88,88,88,95,95,95,95,95,95,95,95,95,95,95,95,95,95,95,95,95,95,95,95,95,95,95,95,95,95,95,95,95,95,95,95,95,95,95,95,95],"card_choices":[{"not_picked":["Clash","Armaments"],"picked":"Iron Wave","floor":1},{"not_picked":["Evolve","Flex"],"picked":"Shrug It Off","floor":2},{"not_picked":["Clothesline","Warcry","Flex"],"picked":"SKIP","floor":3},{"not_picked":["Hemokinesis","Warcry"],"picked":"Metallicize","floor":4},{"not_picked":["Clothesline","True Grit"],"picked":"Inflame","floor":7},{"not_picked":["Body Slam","Clash"],"picked":"Combust","floor":10},{"not_picked":["Twin Strike","Perfected Strike"],"picked":"Sword Boomerang","floor":11},{"not_picked":["Carnage","Intimidate","Dropkick"],"picked":"SKIP","floor":13},{"not_picked":["Exhume","Brutality"],"picked":"Demon Form","floor":16},{"not_picked":["Headbutt","Carnage+1"],"picked":"True Grit","floor":18},{"not_picked":["Inflame+1","Clash"],"picked":"Battle Trance","floor":19},{"not_picked":["Headbutt","Iron Wave"],"picked":"Sword Boomerang+1","floor":21},{"not_picked":["Wild Strike+1","Iron Wave"],"picked":"Shockwave","floor":22},{"not_picked":["Havoc","Rage"],"picked":"Reaper","floor":24},{"not_picked":["Warcry+1","Anger"],"picked":"Combust","floor":25},{"not_picked":["Infernal Blade","Pommel Strike+1"],"picked":"Battle Trance+1","floor":25},{"not_picked":["Seeing Red+1","Warcry"],"picked":"Shrug It Off","floor":27},{"not_picked":["Power Through","Thunderclap","Searing Blow"],"picked":"SKIP","floor":27},{"not_picked":["Clash","Clothesline+1"],"picked":"True Grit+1","floor":28},{"not_picked":["Iron Wave","Dark Embrace","Armaments"],"picked":"SKIP","floor":30},{"not_picked":["Power Through","Corruption"],"picked":"Spot Weakness","floor":31},{"not_picked":["Armaments","Carnage"],"picked":"Heavy Blade","floor":31},{"not_picked":["Fiend Fire","Immolate"],"picked":"Juggernaut","floor":33},{"not_picked":["Pommel Strike"],"picked":"SKIP","floor":35},{"not_picked":["Flex"],"picked":"SKIP","floor":35},{"not_picked":[],"picked":"Combust+1","floor":36},{"not_picked":["Havoc+1"],"picked":"SKIP","floor":36},{"not_picked":["Iron Wave"],"picked":"SKIP","floor":40},{"not_picked":["Exhume"],"picked":"SKIP","floor":40},{"not_picked":[],"picked":"Shrug It Off","floor":42},{"not_picked":["Battle Trance"],"picked":"SKIP","floor":42},{"not_picked":["Iron Wave"],"picked":"SKIP","floor":44},{"not_picked":["Cleave"],"picked":"SKIP","floor":47},{"not_picked":["Sever Soul+1"],"picked":"SKIP","floor":47},{"not_picked":["True Grit"],"picked":"SKIP","floor":48}],"player_experience":273909,"relics_obtained":[{"floor":7,"key":"Unceasing Top"},{"floor":9,"key":"Bottled Flame"},{"floor":11,"key":"Orichalcum"},{"floor":14,"key":"Strawberry"},{"floor":24,"key":"Prayer Wheel"},{"floor":26,"key":"War Paint"},{"floor":28,"key":"FossilizedHelix"},{"floor":30,"key":"PreservedInsect"},{"floor":38,"key":"Du-Vu Doll"},{"floor":43,"key":"Self Forming Clay"},{"floor":44,"key":"Omamori"},{"floor":48,"key":"Regal Pillow"}],"event_choices":[{"cards_removed":["Strike_R"],"damage_healed":0,"gold_gain":0,"player_choice":"Card Removal","damage_taken":0,"max_hp_gain":0,"max_hp_loss":0,"event_name":"The Cleric","floor":5,"gold_loss":50},{"cards_removed":["Strike_R"],"damage_healed":0,"gold_gain":0,"player_choice":"Card Removal","damage_taken":7,"max_hp_gain":0,"max_hp_loss":0,"event_name":"Golden Wing","floor":8,"gold_loss":0},{"damage_healed":0,"gold_gain":0,"player_choice":"Ignored","damage_taken":0,"max_hp_gain":0,"max_hp_loss":0,"event_name":"Tomb of Lord Red Mask","floor":37,"gold_loss":0},{"damage_healed":0,"gold_gain":0,"player_choice":"Fight","damage_taken":0,"max_hp_gain":0,"max_hp_loss":0,"event_name":"Mysterious Sphere","floor":38,"gold_loss":0}],"is_beta":false,"boss_relics":[{"not_picked":["Black Star","Runic Pyramid"],"picked":"Mark of Pain"},{"not_picked":["Empty Cage","Philosopher\u0027s Stone"],"picked":"Busted Crown"}],"items_purged_floors":[20,39],"is_endless":false,"potions_floor_spawned":[2,3,10,13,19,27,30,33,38,45,48],"killed_by":"Donu and Deca","ascension_level":0}