{"gold_per_floor":[109,124,143,158,4,4,20,20,43,77,77,89,239,256,256,256],"floor_reached":16,"playtime":590,"items_purged":["Strike_B"],"score":187,"play_id":"e46a878f-0a08-44ca-b13b-a0e9ddffeec8","local_time":"20190613235145","is_ascension_mode":true,"campfire_choices":[{"floor":6,"key":"REST"},{"floor":8,"key":"REST"},{"data":"Fission","floor":15,"key":"SMITH"}],"neow_cost":"PERCENT_DAMAGE","seed_source_timestamp":171134185212000,"circlet_count":0,"master_deck":["AscendersBane","Strike_B+1","Strike_B+1","Defend_B","Defend_B","Defend_B","Defend_B","Zap","Dualcast","Fission+1","Capacitor","Ball Lightning","Chaos","Auto Shields","Conserve Battery","Cold Snap","Barrage","Doubt","Hologram"],"relics":["Cracked Core","Whetstone","Oddly Smooth Stone"],"potions_floor_usage":[4,7,7,12],"damage_taken":[{"damage":0,"enemies":"Cultist","floor":1,"turns":3},{"damage":10,"enemies":"Small Slimes","floor":2,"turns":4},{"damage":2,"enemies":"2 Louse","floor":3,"turns":2},{"damage":22,"enemies":"Exordium Wildlife","floor":4,"turns":5},{"damage":30,"enemies":"Exordium Thugs","floor":7,"turns":6},{"damage":20,"enemies":"Lagavulin","floor":10,"turns":7},{"damage":4,"enemies":"Lots of Slimes","floor":12,"turns":5},{"damage":0,"enemies":"Blue Slaver","floor":14,"turns":4},{"damage":16,"enemies":"Hexaghost","floor":16,"turns":7}],"seed_played":"8284611162671110909","potions_obtained":[{"floor":1,"key":"SteroidPotion"},{"floor":2,"key":"Block Potion"},{"floor":10,"key":"Block Potion"}],"is_trial":false,"path_per_floor":["M","M","M","M","$","R","M","R","T","E","?","M","?","M","R","B"],"character_chosen":"DEFECT","items_purchased":["Regen Potion"],"campfire_rested":2,"item_purchase_floors":[5],"current_hp_per_floor":[46,36,34,12,12,33,18,39,39,19,19,15,15,15,15,0],"gold":256,"neow_bonus":"THREE_RARE_CARDS","is_prod":false,"is_daily":false,"chose_seed":false,"campfire_upgraded":1,"win_rate":0,"timestamp":1560462705,"path_taken":["M","M","M","M","$","R","M","R","T","E","?","?","?","M","R","BOSS"],"build_version":"2019-01-23","purchased_purges":1,"victory":false,"max_hp_per_floor":[71,71,71,71,71,71,71,71,71,71,71,71,71,71,71,71],"card_choices":[{"not_picked":["Seek","Thunder Strike"],"picked":"Fission","floor":0},{"not_picked":["Aggregate","Gash"],"picked":"Capacitor","floor":1},{"not_picked":["Compile Driver","Scrape"],"picked":"Ball Lightning","floor":2},{"not_picked":["Heatsinks","Sweeping Beam"],"picked":"Chaos","floor":3},{"not_picked":["Gash","Barrage"],"picked":"Auto Shields","floor":4},{"not_picked":["Static Discharge","Stack"],"picked":"Conserve Battery","floor":7},{"not_picked":["Lockon","Auto Shields"],"picked":"Cold Snap","floor":10},{"not_picked":["Steam Power","Streamline"],"picked":"Barrage","floor":12},{"not_picked":["Aggregate","Seek"],"picked":"Hologram","floor":14}],"player_experience":1331188,"relics_obtained":[{"floor":9,"key":"Whetstone"},{"floor":10,"key":"Oddly Smooth Stone"}],"event_choices":[{"cards_removed":["Strike_B"],"damage_healed":0,"gold_gain":0,"player_choice":"Offered Basic","damage_taken":0,"max_hp_gain":0,"max_hp_loss":0,"event_name":"Bonfire Elementals","floor":11,"gold_loss":0},{"damage_healed":0,"gold_gain":150,"player_choice":"AGREE","damage_taken":0,"max_hp_gain":0,"max_hp_loss":0,"event_name":"Liars Game","floor":13,"gold_loss":0,"cards_obtained":["Doubt"]}],"is_beta":false,"boss_relics":[],"items_purged_floors":[5],"is_endless":false,"potions_floor_spawned":[1,2,10],"killed_by":"Hexaghost","ascension_level":16}