{"gold_per_floor":[364,364,374,391,411,411,437,437,437,487,498,498,523,534,534,534],"floor_reached":16,"playtime":451,"items_purged":[],"score":196,"play_id":"c0e768cf-fd1a-4b5a-9ca9-815d15ca46b2","local_time":"20190518003513","is_ascension_mode":true,"campfire_choices":[{"data":"Zap","floor":6,"key":"SMITH"},{"data":"Streamline","floor":8,"key":"SMITH"},{"data":"Leap","floor":12,"key":"SMITH"},{"data":"Gash","floor":15,"key":"SMITH"}],"neow_cost":"PERCENT_DAMAGE","seed_source_timestamp":350677618659100,"circlet_count":0,"master_deck":["AscendersBane","Strike_B","Strike_B","Strike_B","Strike_B","Defend_B","Defend_B","Defend_B","Defend_B","Zap+1","Dualcast","Melter","Streamline+1","BootSequence","Leap+1","Cold Snap","Gash+1","Leap","Redo"],"relics":["Cracked Core","Shuriken","Nunchaku","Bird Faced Urn"],"potions_floor_usage":[7,7,13],"damage_taken":[{"damage":3,"enemies":"2 Louse","floor":1,"turns":3},{"damage":0,"enemies":"Cultist","floor":3,"turns":2},{"damage":2,"enemies":"Jaw Worm","floor":4,"turns":3},{"damage":0,"enemies":"Large Slime","floor":5,"turns":4},{"damage":15,"enemies":"Lagavulin","floor":7,"turns":6},{"damage":0,"enemies":"3 Louse","floor":11,"turns":3},{"damage":20,"enemies":"3 Sentries","floor":13,"turns":7},{"damage":0,"enemies":"Red Slaver","floor":14,"turns":3},{"damage":5,"enemies":"Hexaghost","floor":16,"turns":4}],"seed_played":"-8851725469257358870","potions_obtained":[{"floor":3,"key":"Swift Potion"},{"floor":4,"key":"LiquidBronze"},{"floor":11,"key":"GamblersBrew"}],"is_trial":false,"path_per_floor":["M","?","M","M","M","R","E","R","T","?","M","R","E","M","R","B"],"character_chosen":"DEFECT","items_purchased":[],"campfire_rested":0,"item_purchase_floors":[],"current_hp_per_floor":[43,39,39,37,37,37,22,22,22,22,22,22,2,2,2,0],"gold":534,"neow_bonus":"TWO_FIFTY_GOLD","is_prod":false,"is_daily":false,"chose_seed":false,"campfire_upgraded":4,"win_rate":0,"timestamp":1558132513,"path_taken":["M","?","?","M","M","R","E","R","T","?","M","R","E","M","R","BOSS"],"build_version":"2019-01-23","purchased_purges":0,"victory":false,"max_hp_per_floor":[71,71,71,71,71,71,71,71,71,71,71,71,71,71,71,71],"card_choices":[{"not_picked":["Beam Cell","Scrape"],"picked":"Melter","floor":1},{"not_picked":["Aggregate","Stack"],"picked":"Streamline","floor":3},{"not_picked":["Reprogram","Storm"],"picked":"BootSequence","floor":4},{"not_picked":["FTL","Chaos"],"picked":"Leap","floor":5},{"not_picked":["Gash","BootSequence"],"picked":"Cold Snap","floor":7},{"not_picked":["Barrage","Sweeping Beam"],"picked":"Gash","floor":11},{"not_picked":["Stack","Turbo"],"picked":"Leap","floor":13},{"not_picked":["Sweeping Beam","Aggregate"],"picked":"Redo","floor":14}],"player_experience":1138020,"relics_obtained":[{"floor":7,"key":"Shuriken"},{"floor":9,"key":"Nunchaku"},{"floor":13,"key":"Bird Faced Urn"}],"event_choices":[{"damage_healed":0,"gold_gain":0,"player_choice":"Bought 0 Potions","damage_taken":0,"max_hp_gain":0,"max_hp_loss":0,"event_name":"The Woman in Blue","floor":2,"gold_loss":0},{"damage_healed":0,"gold_gain":50,"player_choice":"Pray","damage_taken":0,"max_hp_gain":0,"max_hp_loss":0,"event_name":"Golden Shrine","floor":10,"gold_loss":0}],"is_beta":false,"boss_relics":[],"items_purged_floors":[],"is_endless":false,"potions_floor_spawned":[3,4,11],"killed_by":"Hexaghost","ascension_level":15}