{"gold_per_floor":[116,127,36,49,64,75,75,100,182,182,199,217,217,102,102,102],"floor_reached":16,"playtime":1089,"items_purged":["Strike_G"],"score":104,"play_id":"3c2757e5-5e52-4a8f-8f1c-cc83e602f10a","local_time":"20190625223421","is_ascension_mode":false,"campfire_choices":[{"data":"Neutralize","floor":7,"key":"SMITH"},{"floor":13,"key":"REST"},{"data":"Footwork","floor":15,"key":"SMITH"}],"neow_cost":"TEN_PERCENT_HP_LOSS","seed_source_timestamp":1146895527726456,"circlet_count":0,"master_deck":["Defend_G","Defend_G","Defend_G","Defend_G","Defend_G","Strike_G","Strike_G","Survivor","Neutralize+1","Flying Knee","Footwork+1","Bandage Up","Cloak And Dagger","Crippling Poison","Catalyst","Backflip","Accuracy","Poisoned Stab","Venomology+1","Footwork"],"relics":["Ring of the Snake","Lantern","Toxic Egg 2"],"potions_floor_usage":[6,16,16],"damage_taken":[{"damage":1,"enemies":"Cultist","floor":1,"turns":5},{"damage":0,"enemies":"Jaw Worm","floor":2,"turns":7},{"damage":3,"enemies":"2 Louse","floor":4,"turns":4},{"damage":3,"enemies":"Looter","floor":5,"turns":5},{"damage":13,"enemies":"Gremlin Gang","floor":6,"turns":5},{"damage":33,"enemies":"3 Sentries","floor":8,"turns":22},{"damage":0,"enemies":"2 Fungi Beasts","floor":11,"turns":4},{"damage":3,"enemies":"Exordium Wildlife","floor":12,"turns":5},{"damage":48,"enemies":"Slime Boss","floor":16,"turns":15}],"seed_played":"5812377914423823858","potions_obtained":[{"floor":5,"key":"EssenceOfSteel"},{"floor":8,"key":"LiquidBronze"},{"floor":11,"key":"Fire Potion"}],"is_trial":false,"path_per_floor":["M","M","$","M","M","M","R","E","T","?","M","M","R","$","R","B"],"character_chosen":"THE_SILENT","items_purchased":["Bandage Up","Footwork"],"campfire_rested":1,"item_purchase_floors":[3,14],"current_hp_per_floor":[62,62,62,60,60,50,50,21,21,21,25,26,44,44,44,0],"gold":102,"neow_bonus":"REMOVE_TWO","is_prod":false,"is_daily":false,"chose_seed":false,"campfire_upgraded":2,"win_rate":0,"timestamp":1561516461,"path_taken":["M","?","$","?","M","M","R","E","T","?","M","M","R","?","R","BOSS"],"build_version":"2019-01-23","purchased_purges":1,"victory":false,"max_hp_per_floor":[63,63,63,63,63,63,63,63,63,63,63,63,63,63,63,63],"card_choices":[{"not_picked":["Bane","Blade Dance"],"picked":"Flying Knee","floor":1},{"not_picked":["Outmaneuver","Bane"],"picked":"Footwork","floor":2},{"not_picked":["Deflect","Masterful Stab"],"picked":"Cloak And Dagger","floor":4},{"not_picked":["Bane","Poisoned Stab"],"picked":"Crippling Poison","floor":5},{"not_picked":["Accuracy","Acrobatics"],"picked":"Catalyst","floor":6},{"not_picked":["Riddle With Holes","Flechettes"],"picked":"Backflip","floor":8},{"not_picked":["Dodge and Roll+1","Finisher"],"picked":"Poisoned Stab","floor":11},{"not_picked":["Masterful Stab","Slice"],"picked":"Venomology+1","floor":12}],"player_experience":254679,"relics_obtained":[{"floor":8,"key":"Lantern"},{"floor":9,"key":"Toxic Egg 2"}],"event_choices":[{"damage_healed":0,"gold_gain":0,"player_choice":"1 cards matched","damage_taken":0,"max_hp_gain":0,"max_hp_loss":0,"event_name":"Match and Keep!","floor":10,"gold_loss":0,"cards_obtained":["Accuracy"]}],"is_beta":false,"boss_relics":[],"items_purged_floors":[14],"is_endless":false,"potions_floor_spawned":[5,8,11],"killed_by":"Slime Boss","ascension_level":0}