{"gold_per_floor":[111,261,261,143,154,186,186,216,216,245,245,263,13,33,33,111,111,127,143,43,56,56,56,56],"floor_reached":24,"playtime":1677,"items_purged":["Doubt","Strike_B"],"score":454,"play_id":"c7e4a746-a23e-49a6-b191-4ea6726af8cc","local_time":"20181111153846","is_ascension_mode":true,"campfire_choices":[{"data":"Go for the Eyes","floor":7.0,"key":"SMITH"},{"data":"Consume","floor":15,"key":"SMITH"},{"data":"Fission","floor":23,"key":"SMITH"}],"neow_cost":"NONE","seed_source_timestamp":99855523394109,"circlet_count":0,"master_deck":["AscendersBane","Strike_B","Strike_B","Strike_B","Defend_B","Defend_B","Defend_B","Defend_B","Zap","Dualcast","Go for the Eyes+1","Defragment+1","Consume+1","Doom and Gloom","Gash","Cold Snap","Conserve Battery","Glacier","Fission+1","Hologram","Barrage+1"],"special_seed":0,"relics":["Cracked Core","NeowsBlessing","Torii","Meat on the Bone","Kunai","Pear","Bag of Preparation","Inserter"],"potions_floor_usage":[16,24],"damage_taken":[{"damage":0.0,"enemies":"Jaw Worm","floor":1.0,"turns":1.0},{"damage":0.0,"enemies":"2 Louse","floor":5.0,"turns":1.0},{"damage":0.0,"enemies":"3 Sentries","floor":6.0,"turns":1.0},{"damage":44.0,"enemies":"Gremlin Nob","floor":8.0,"turns":6.0},{"damage":10.0,"enemies":"Lagavulin","floor":10.0,"turns":6.0},{"damage":1.0,"enemies":"Cultist","floor":12.0,"turns":3.0},{"damage":1.0,"enemies":"Large Slime","floor":14.0,"turns":5.0},{"damage":8,"enemies":"Hexaghost","floor":16,"turns":10},{"damage":16,"enemies":"Shell Parasite","floor":18,"turns":9},{"damage":24,"enemies":"2 Thieves","floor":19,"turns":5},{"damage":16,"enemies":"Shelled Parasite and Fungi","floor":21,"turns":8},{"damage":46,"enemies":"Gremlin Leader","floor":24,"turns":8}],"seed_played":"8778259870062906914","potions_obtained":[{"floor":5.0,"key":"Strength Potion"},{"floor":6.0,"key":"Ancient Potion"},{"floor":8.0,"key":"SkillPotion"},{"floor":18,"key":"Strength Potion"}],"is_trial":false,"path_per_floor":["M","?","?","$","M","E","R","E","T","E","?","M","$","M","R","B",null,"M","M","$","M","?","R","E"],"character_chosen":"DEFECT","items_purchased":["Defragment","Bag of Preparation","LiquidBronze"],"campfire_rested":0,"item_purchase_floors":[4,13,13],"current_hp_per_floor":[64,64,69,69,69,69,69,25,25,37,37,48,48,47,47,51,77,61,49,49,45,45,45,0],"gold":56,"neow_bonus":"THREE_ENEMY_KILL","is_prod":false,"is_daily":false,"chose_seed":false,"campfire_upgraded":3,"win_rate":0,"timestamp":1541950726,"path_taken":["M","?","?","$","M","E","R","E","T","E","?","M","$","?","R","BOSS","M","M","$","M","?","R","E"],"build_version":"2018-11-08","purchased_purges":2,"victory":false,"max_hp_per_floor":[71,71,76,76,76,76,76,76,76,86,86,86,86,86,86,86,86,86,86,86,86,86,86,86],"card_choices":[{"not_picked":["Leap","Melter"],"picked":"Go for the Eyes","floor":1.0},{"not_picked":["Go for the Eyes","Barrage"],"picked":"Consume","floor":5.0},{"not_picked":["Self Repair","Barrage"],"picked":"Doom and Gloom","floor":6.0},{"not_picked":["Turbo","Rebound"],"picked":"Gash","floor":8.0},{"not_picked":["Reprogram","Compile Driver"],"picked":"Cold Snap","floor":10.0},{"not_picked":["Heatsinks","Steam"],"picked":"Conserve Battery","floor":12.0},{"not_picked":["Chill","Heatsinks"],"picked":"Glacier","floor":14.0},{"not_picked":["Amplify","Multi-Cast"],"picked":"Fission","floor":16},{"not_picked":["Steam","Reprogram"],"picked":"Hologram","floor":18},{"not_picked":["Fusion+1","Sweeping Beam"],"picked":"Barrage+1","floor":19},{"not_picked":["Rebound","Machine Learning","Stack+1"],"picked":"SKIP","floor":21}],"player_experience":975960,"relics_obtained":[{"floor":6.0,"key":"Torii"},{"floor":8.0,"key":"Meat on the Bone"},{"floor":9.0,"key":"Kunai"},{"floor":10.0,"key":"Pear"}],"event_choices":[{"damage_healed":0.0,"max_hp_gain":0.0,"max_hp_loss":0.0,"gold_gain":150.0,"event_name":"Liars Game","player_choice":"AGREE","floor":2.0,"gold_loss":0.0,"damage_taken":0.0,"cards_obtained":["Doubt"]},{"damage_healed":0.0,"max_hp_gain":5.0,"max_hp_loss":0.0,"gold_gain":0.0,"event_name":"Big Fish","player_choice":"Donut","floor":3.0,"gold_loss":0.0,"damage_taken":0.0},{"damage_healed":0.0,"max_hp_gain":0.0,"max_hp_loss":0.0,"gold_gain":0.0,"event_name":"Upgrade Shrine","player_choice":"Upgraded","floor":11.0,"gold_loss":0.0,"damage_taken":0.0,"cards_upgraded":["Defragment"]},{"damage_healed":0,"gold_gain":0,"player_choice":"Ignored","damage_taken":0,"max_hp_gain":0,"max_hp_loss":0,"event_name":"Beggar","floor":22,"gold_loss":0}],"is_beta":false,"boss_relics":[{"not_picked":["Sozu","Lizard Tail"],"picked":"Inserter"}],"items_purged_floors":[4,20],"is_endless":false,"potions_floor_spawned":[5,6,8,18,19],"killed_by":"Gremlin Leader","ascension_level":18}