{"gold_per_floor":[115,115,127,139,139,172,172,190,214,226,258,258,258,27,27,155,155,179,179,31,52,52,52,27,38,63,63,83,97,97,117,117,117],"floor_reached":33,"playtime":1311,"items_purged":["Injury","Strike_R"],"score":436,"play_id":"07311847-8b04-4cb4-aba1-aedfda2ff7cf","local_time":"20190222052542","is_ascension_mode":true,"campfire_choices":[{"data":"True Grit","floor":7,"key":"SMITH"},{"floor":12,"key":"REST"},{"data":"Bludgeon","floor":15,"key":"SMITH"},{"data":"Feel No Pain","floor":23,"key":"SMITH"},{"data":"Whirlwind","floor":27,"key":"SMITH"},{"data":"Second Wind","floor":30,"key":"SMITH"},{"data":"Flame Barrier","floor":32,"key":"SMITH"}],"neow_cost":"PERCENT_DAMAGE","seed_source_timestamp":178296184066600,"circlet_count":0,"master_deck":["AscendersBane","Strike_R","Strike_R","Strike_R+1","Defend_R+1","Defend_R","Defend_R","Defend_R","Bash+1","True Grit+1","Spot Weakness+1","Wild Strike+1","Reckless Charge","Shrug It Off+1","Clothesline","Bludgeon+1","Feel No Pain+1","Warcry","Havoc","Feed","Pommel Strike","Second Wind+1","Clash","Whirlwind+1","Flame Barrier+1","Inflame","Pummel"],"relics":["Burning Blood","Whetstone","War Paint","Art of War","Bloody Idol","Coffee Dripper","Centennial Puzzle","Dream Catcher"],"potions_floor_usage":[6,11,16,29,31,33],"damage_taken":[{"damage":9,"enemies":"2 Louse","floor":1,"turns":2},{"damage":1,"enemies":"Cultist","floor":3,"turns":4},{"damage":0,"enemies":"Small Slimes","floor":4,"turns":3},{"damage":39,"enemies":"Lagavulin","floor":6,"turns":8},{"damage":9,"enemies":"2 Fungi Beasts","floor":8,"turns":3},{"damage":3,"enemies":"Blue Slaver","floor":10,"turns":3},{"damage":6,"enemies":"3 Sentries","floor":11,"turns":7},{"damage":13,"enemies":"The Guardian","floor":16,"turns":7},{"damage":18,"enemies":"3 Byrds","floor":18,"turns":7},{"damage":25,"enemies":"Spheric Guardian","floor":21,"turns":4},{"damage":15,"enemies":"3 Cultists","floor":25,"turns":5},{"damage":29,"enemies":"Chosen and Byrds","floor":28,"turns":8},{"damage":0,"enemies":"Centurion and Healer","floor":29,"turns":5},{"damage":27,"enemies":"Snake Plant","floor":31,"turns":5},{"damage":58,"enemies":"Collector","floor":33,"turns":8}],"seed_played":"2610413163628474359","potions_obtained":[{"floor":4,"key":"LiquidBronze"},{"floor":8,"key":"LiquidBronze"},{"floor":11,"key":"SneckoOil"},{"floor":28,"key":"Dexterity Potion"},{"floor":31,"key":"FearPotion"}],"is_trial":false,"path_per_floor":["M","?","M","M","?","E","R","M","T","M","E","R","?","$","R","B",null,"M","?","$","M","?","R","$","M","T","R","M","M","R","M","R","B"],"character_chosen":"IRONCLAD","items_purchased":["Feel No Pain","Warcry","Havoc","Strength Potion","Clash"],"campfire_rested":1,"item_purchase_floors":[14,14,14,20,24],"current_hp_per_floor":[64,45,50,56,56,23,23,20,20,23,23,51,51,51,51,44,83,74,74,74,55,55,55,55,54,59,59,41,55,55,39,39,0],"gold":117,"neow_bonus":"TWENTY_PERCENT_HP_BONUS","is_prod":false,"is_daily":false,"chose_seed":false,"campfire_upgraded":6,"win_rate":0,"timestamp":1550809542,"path_taken":["M","?","M","M","?","E","R","M","T","?","E","R","?","$","R","BOSS","M","?","$","M","?","R","?","M","T","R","?","M","R","M","R","BOSS"],"build_version":"2019-01-23","purchased_purges":2,"victory":false,"max_hp_per_floor":[96,96,96,96,96,96,96,96,96,96,96,96,96,96,96,96,96,99,99,99,99,99,99,99,102,102,102,102,105,105,105,105,105],"card_choices":[{"not_picked":["Combust","Flex"],"picked":"True Grit","floor":1},{"not_picked":["Flex","Cleave"],"picked":"Spot Weakness","floor":3},{"not_picked":["Thunderclap","Sword Boomerang"],"picked":"Wild Strike","floor":4},{"not_picked":["Thunderclap","Infernal Blade"],"picked":"Reckless Charge","floor":6},{"not_picked":["Brutality","Spot Weakness"],"picked":"Shrug It Off","floor":8},{"not_picked":["Body Slam","Warcry"],"picked":"Clothesline","floor":10},{"not_picked":["Armaments","Perfected Strike"],"picked":"Bludgeon","floor":11},{"not_picked":["Immolate","Berserk"],"picked":"Feed","floor":16},{"not_picked":["Bloodletting","Blood for Blood"],"picked":"Pommel Strike","floor":18},{"not_picked":["Bloodletting","Disarm"],"picked":"Second Wind","floor":21},{"not_picked":["Shrug It Off","Sword Boomerang"],"picked":"Whirlwind","floor":25},{"not_picked":["Perfected Strike","Infernal Blade"],"picked":"Flame Barrier","floor":28},{"not_picked":["Headbutt","Perfected Strike"],"picked":"Inflame","floor":29},{"not_picked":["Anger","Flex"],"picked":"Pummel","floor":31}],"player_experience":838204,"relics_obtained":[{"floor":6,"key":"Whetstone"},{"floor":9,"key":"War Paint"},{"floor":11,"key":"Art of War"},{"floor":26,"key":"Dream Catcher"}],"event_choices":[{"damage_healed":0,"gold_gain":0,"player_choice":"Entered Light","damage_taken":19,"max_hp_gain":0,"max_hp_loss":0,"event_name":"Shining Light","floor":2,"gold_loss":0,"cards_upgraded":["Bash","Defend_R"]},{"cards_removed":["Strike_R"],"damage_healed":0,"gold_gain":0,"player_choice":"Card Removal","damage_taken":0,"max_hp_gain":0,"max_hp_loss":0,"event_name":"Wheel of Change","floor":5,"gold_loss":0},{"damage_healed":0,"gold_gain":0,"player_choice":"Take Wound","damage_taken":0,"relics_obtained":["Golden Idol"],"max_hp_gain":0,"max_hp_loss":0,"event_name":"Golden Idol","floor":13,"gold_loss":0,"cards_obtained":["Injury"]},{"damage_healed":0,"gold_gain":0,"player_choice":"Opened","damage_taken":0,"relics_obtained":["Centennial Puzzle"],"max_hp_gain":0,"max_hp_loss":0,"event_name":"The Mausoleum","floor":19,"gold_loss":0},{"damage_healed":0,"gold_gain":0,"player_choice":"Gave Idol","damage_taken":0,"relics_obtained":["Bloody Idol"],"max_hp_gain":0,"max_hp_loss":0,"event_name":"Forgotten Altar","floor":22,"relics_lost":["Golden Idol"],"gold_loss":0}],"is_beta":false,"boss_relics":[{"not_picked":["Tiny House","Sozu"],"picked":"Coffee Dripper"}],"items_purged_floors":[14,20],"is_endless":false,"potions_floor_spawned":[4,8,11,28,31],"killed_by":"Collector","ascension_level":12}