{"gold_per_floor":[118,118,118,138,138,138,179,179,205,205],"floor_reached":10,"playtime":763,"items_purged":[],"score":128,"play_id":"39a8ee61-cde9-4949-8eb5-09fc1fb86c00","local_time":"20190520194225","is_ascension_mode":true,"campfire_choices":[{"data":"Combust","floor":6.0,"key":"SMITH"},{"floor":8,"key":"REST"}],"neow_cost":"NONE","seed_source_timestamp":259784992082941,"circlet_count":0,"master_deck":["AscendersBane","Strike_R","Strike_R","Strike_R","Strike_R","Strike_R","Defend_R","Defend_R","Defend_R","Defend_R","Bash+1","Combust+1","Sword Boomerang","Ghostly Armor"],"special_seed":0,"relics":["White Beast Statue","Golden Idol","Blood Vial","Gremlin Horn","Oddly Smooth Stone"],"potions_floor_usage":[7,10,10],"damage_taken":[{"damage":14.0,"enemies":"Jaw Worm","floor":1.0,"turns":5.0},{"damage":3.0,"enemies":"2 Louse","floor":4.0,"turns":4.0},{"damage":39,"enemies":"3 Sentries","floor":7,"turns":6},{"damage":38,"enemies":"Lagavulin","floor":10,"turns":6}],"seed_played":"3706798194643039737","potions_obtained":[{"floor":1.0,"key":"FearPotion"},{"floor":4.0,"key":"GamblersBrew"},{"floor":7,"key":"SneckoOil"}],"is_trial":false,"path_per_floor":["M","?","?","M","?","R","E","R","T","E"],"character_chosen":"IRONCLAD","items_purchased":[],"campfire_rested":1,"item_purchase_floors":[],"current_hp_per_floor":[54,54,49,48,48,48,11,31,31,0],"gold":205,"neow_bonus":"BOSS_RELIC","is_prod":false,"is_daily":false,"chose_seed":false,"campfire_upgraded":1,"win_rate":0,"timestamp":1558374145,"path_taken":["M","?","?","M","?","R","E","R","T","E"],"build_version":"2019-01-23","purchased_purges":0,"victory":false,"max_hp_per_floor":[75,68,68,68,68,68,68,68,68,68],"card_choices":[{"not_picked":["Warcry","True Grit"],"picked":"Combust","floor":1.0},{"not_picked":["True Grit","Headbutt"],"picked":"Sword Boomerang","floor":4.0},{"not_picked":["Sentinel","Fire Breathing"],"picked":"Ghostly Armor","floor":7}],"player_experience":793527,"relics_obtained":[{"floor":7,"key":"Gremlin Horn"},{"floor":9,"key":"Oddly Smooth Stone"}],"event_choices":[{"damage_healed":0.0,"max_hp_gain":0.0,"max_hp_loss":7.0,"gold_gain":0.0,"event_name":"Golden Idol","player_choice":"Lose Max HP","floor":2.0,"gold_loss":0.0,"damage_taken":0.0,"relics_obtained":["Golden Idol"]},{"damage_healed":0.0,"max_hp_gain":0.0,"max_hp_loss":0.0,"gold_gain":0.0,"event_name":"Scrap Ooze","player_choice":"Success","floor":3.0,"gold_loss":0.0,"damage_taken":5.0,"relics_obtained":["Blood Vial"]},{"damage_healed":0.0,"max_hp_gain":0.0,"max_hp_loss":0.0,"gold_gain":0.0,"event_name":"Accursed Blacksmith","player_choice":"Forge","floor":5.0,"gold_loss":0.0,"damage_taken":0.0,"cards_upgraded":["Bash"]}],"is_beta":false,"boss_relics":[],"items_purged_floors":[],"is_endless":false,"potions_floor_spawned":[1,4,7],"killed_by":"Lagavulin","ascension_level":20}