{"gold_per_floor":[116,116,41,52,52,52,52,79,161,31,31,62,112,122,122,196,196,211,44,61,61,8,8,8],"floor_reached":24,"playtime":499,"items_purged":["Defend_B"],"score":394,"play_id":"b82db197-343f-418e-a4c3-5cda3c6019cc","local_time":"20190522182634","is_ascension_mode":true,"campfire_choices":[{"data":"Zap","floor":6,"key":"SMITH"},{"data":"Genetic Algorithm","floor":11,"key":"SMITH"},{"data":"Capacitor","floor":15,"key":"SMITH"},{"data":"Apotheosis","floor":23,"key":"SMITH"}],"neow_cost":"NONE","seed_source_timestamp":760502787082500,"circlet_count":0,"master_deck":["AscendersBane","Strike_B","Defend_B","Defend_B","Zap+1","Dualcast","Genetic Algorithm+1","Rip and Tear","Steam","Capacitor+1","Doom and Gloom","Chill","Sweeping Beam","Buffer+1","Gash+1","Apotheosis+1","Consume","Seek","Loop+1","Conserve Battery"],"relics":["Cracked Core","NeowsBlessing","Smiling Mask","Letter Opener","Frozen Egg 2","Snecko Eye"],"potions_floor_usage":[12],"damage_taken":[{"damage":0,"enemies":"Jaw Worm","floor":1,"turns":1},{"damage":0,"enemies":"2 Louse","floor":4,"turns":1},{"damage":0,"enemies":"Gremlin Nob","floor":8,"turns":1},{"damage":3,"enemies":"3 Sentries","floor":12,"turns":5},{"damage":0,"enemies":"Cultist","floor":14,"turns":3},{"damage":51,"enemies":"Slime Boss","floor":16,"turns":7},{"damage":35,"enemies":"Chosen","floor":18,"turns":6},{"damage":16,"enemies":"Shell Parasite","floor":20,"turns":6},{"damage":4,"enemies":"Gremlin Leader","floor":24,"turns":1}],"seed_played":"6449984815241930566","potions_obtained":[{"floor":8,"key":"SpeedPotion"},{"floor":18,"key":"FearPotion"}],"is_trial":false,"path_per_floor":["M","$","?","M","?","R","$","E","T","$","R","E","?","M","R","B",null,"M","$","M","?","$","R","E"],"character_chosen":"DEFECT","items_purchased":["Doom and Gloom","Apotheosis","Conserve Battery"],"campfire_rested":0,"item_purchase_floors":[10,19,22],"current_hp_per_floor":[64,64,64,64,64,64,64,64,64,64,64,61,54,54,54,3,54,19,19,3,3,3,3,0],"gold":8,"neow_bonus":"THREE_ENEMY_KILL","is_prod":false,"is_daily":false,"chose_seed":false,"campfire_upgraded":4,"win_rate":0,"timestamp":1558542394,"path_taken":["M","$","?","M","?","R","$","E","T","?","R","E","?","?","R","BOSS","M","$","M","?","?","R","E"],"build_version":"2019-01-23","purchased_purges":1,"victory":false,"max_hp_per_floor":[71,71,71,71,71,71,71,71,71,71,71,71,71,71,71,71,71,71,71,71,71,71,71,71],"card_choices":[{"not_picked":["Hologram","White Noise"],"picked":"Genetic Algorithm","floor":1},{"not_picked":["Streamline","Force Field"],"picked":"Rip and Tear","floor":4},{"not_picked":["Leap","Rip and Tear"],"picked":"Capacitor","floor":8},{"not_picked":["Rip and Tear","Streamline"],"picked":"Chill","floor":12},{"not_picked":["Gash","Stack"],"picked":"Sweeping Beam","floor":14},{"not_picked":["Thunder Strike","Hyperbeam"],"picked":"Buffer+1","floor":16},{"not_picked":["Scrape+1","Streamline"],"picked":"Gash+1","floor":18},{"not_picked":["Streamline","Barrage+1"],"picked":"Consume","floor":20}],"player_experience":1186794,"relics_obtained":[{"floor":8,"key":"Smiling Mask"},{"floor":9,"key":"Letter Opener"},{"floor":12,"key":"Frozen Egg 2"}],"event_choices":[{"cards_removed":["Strike_B"],"damage_healed":0,"gold_gain":0,"player_choice":"Card Removal","damage_taken":0,"max_hp_gain":0,"max_hp_loss":0,"event_name":"The Cleric","floor":3,"gold_loss":75},{"damage_healed":0,"gold_gain":0,"cards_transformed":["Strike_B"],"player_choice":"Change","damage_taken":0,"max_hp_gain":0,"max_hp_loss":0,"event_name":"Living Wall","floor":5,"gold_loss":0,"cards_obtained":["Steam"]},{"damage_healed":0,"gold_gain":50,"player_choice":"Touch","damage_taken":7,"max_hp_gain":0,"max_hp_loss":0,"event_name":"FaceTrader","floor":13,"gold_loss":0},{"damage_healed":0,"gold_gain":0,"cards_transformed":["Strike_B","Defend_B"],"player_choice":"Became Test Subject","damage_taken":0,"max_hp_gain":0,"max_hp_loss":0,"event_name":"Drug Dealer","floor":21,"gold_loss":0,"cards_obtained":["Seek","Loop"]}],"is_beta":false,"boss_relics":[{"not_picked":["Velvet Choker","Runic Dome"],"picked":"Snecko Eye"}],"items_purged_floors":[10],"is_endless":false,"potions_floor_spawned":[8,18],"killed_by":"Gremlin Leader","ascension_level":15}