{"gold_per_floor":[117,267,105,116,41,66,66,66,66,95,112,128,138,168,168,242,242,255,267,283,283,53,53,70,70,70,70,70,85,285,299,299,370,370,385,83,83,103,103,103,47,0,27,40,40,53,53,153,153,153,153],"floor_reached":52,"playtime":3893,"items_purged":["Doubt","Strike_B"],"score":1965,"play_id":"30ddf2f2-9a58-4b64-869e-7ef82c82b1ad","local_time":"20190103221332","is_ascension_mode":true,"campfire_choices":[{"data":"Sunder","floor":7,"key":"SMITH"},{"floor":15,"key":"REST"},{"data":"Capacitor","floor":23,"key":"SMITH"},{"data":"Zap","floor":25,"key":"SMITH"},{"floor":27,"key":"REST"},{"floor":32,"key":"REST"},{"data":"Defragment","floor":40,"key":"SMITH"},{"data":"Defragment","floor":47,"key":"SMITH"},{"data":"Leap","floor":49,"key":"SMITH"}],"neow_cost":"NONE","seed_source_timestamp":99072437247889,"circlet_count":0,"master_deck":["AscendersBane","Defend_B+1","Defend_B+1","Defend_B+1","Defend_B+1","Zap+1","Capacitor+1","Sunder+1","Leap+1","Undo","Coolheaded+1","Coolheaded+1","Hologram+1","Chaos+1","Conserve Battery+1","Turbo+1","Ball Lightning","Turbo+1","Compile Driver","Seek+1","Multi-Cast+1","Compile Driver+1","Multi-Cast+1","Reboot+1","Hologram+1","Defragment+1","Madness+1","Madness+1","Defragment+1","PanicButton+1","Coolheaded+1","Glacier+1","Double Energy+1","Hologram+1"],"relics":["Cracked Core","NeowsBlessing","Incense Burner","Ornamental Fan","Toxic Egg 2","PreservedInsect","Sozu","Sundial","Tiny Chest","Symbiotic Virus","Astrolabe","Runic Capacitor","Red Mask","Bag of Preparation","Torii"],"potions_floor_usage":[10,19,33],"damage_taken":[{"damage":0,"enemies":"Small Slimes","floor":1,"turns":1},{"damage":0,"enemies":"Cultist","floor":4,"turns":1},{"damage":0,"enemies":"Lagavulin","floor":6,"turns":1},{"damage":8,"enemies":"Gremlin Nob","floor":10,"turns":3},{"damage":7,"enemies":"Jaw Worm","floor":11,"turns":3},{"damage":5,"enemies":"3 Louse","floor":12,"turns":3},{"damage":7,"enemies":"Exordium Thugs","floor":13,"turns":4},{"damage":15,"enemies":"Lagavulin","floor":14,"turns":6},{"damage":0,"enemies":"The Guardian","floor":16,"turns":13},{"damage":15,"enemies":"3 Byrds","floor":18,"turns":7},{"damage":0,"enemies":"Chosen","floor":19,"turns":4},{"damage":0,"enemies":"3 Cultists","floor":20,"turns":5},{"damage":4,"enemies":"Snecko","floor":24,"turns":4},{"damage":13,"enemies":"Cultist and Chosen","floor":29,"turns":4},{"damage":25,"enemies":"Chosen and Byrds","floor":31,"turns":6},{"damage":32,"enemies":"Collector","floor":33,"turns":14},{"damage":1,"enemies":"Orb Walker","floor":35,"turns":3},{"damage":0,"enemies":"3 Darklings","floor":38,"turns":4},{"damage":0,"enemies":"Spire Growth","floor":44,"turns":3},{"damage":0,"enemies":"4 Shapes","floor":46,"turns":3},{"damage":0,"enemies":"Mind Bloom Boss Battle","floor":48,"turns":10},{"damage":0,"enemies":"Awakened One","floor":50,"turns":10},{"damage":8,"enemies":"Time Eater","floor":51,"turns":9}],"seed_played":"5107346010649516864","potions_obtained":[{"floor":6,"key":"Fire Potion"},{"floor":10,"key":"FocusPotion"},{"floor":14,"key":"Ancient Potion"}],"is_trial":false,"path_per_floor":["M","?","$","M","?","E","R","?","T","E","M","M","M","E","R","B",null,"M","M","M","T","$","R","M","R","T","R","?","M","?","M","R","B",null,"M","$","?","M","?","R","$","?","T","M","?","M","R","?","R","B","B",null],"character_chosen":"DEFECT","items_purchased":["Sunder","Tiny Chest","Defragment","Runic Capacitor","Coolheaded+1"],"campfire_rested":3,"item_purchase_floors":[3,22,36,36,41],"current_hp_per_floor":[64,64,64,64,64,64,64,64,64,56,49,44,37,22,43,43,64,49,49,49,49,49,49,45,45,45,66,66,53,53,35,56,31,61,67,67,54,61,61,61,61,61,61,61,61,61,61,61,61,61,53],"gold":153,"neow_bonus":"THREE_ENEMY_KILL","is_prod":false,"is_daily":false,"chose_seed":false,"campfire_upgraded":6,"win_rate":0,"timestamp":1546550012,"path_taken":["M","?","$","M","?","E","R","?","T","E","M","M","M","E","R","BOSS","M","M","M","?","$","R","M","R","T","R","?","M","?","M","R","BOSS","M","$","?","M","?","R","$","?","T","?","?","M","R","?","R","BOSS","BOSS"],"build_version":"2018-12-20","purchased_purges":2,"victory":true,"max_hp_per_floor":[71,71,71,71,71,71,71,71,71,71,71,71,71,71,71,71,71,71,71,71,71,71,71,71,71,71,71,71,71,71,71,71,71,71,71,71,71,71,71,71,71,71,71,71,71,71,71,71,71,71,71],"card_choices":[{"not_picked":["Beam Cell","Hologram"],"picked":"Capacitor","floor":1},{"not_picked":["Storm","Redo"],"picked":"Leap","floor":4},{"not_picked":["Stack","Undo"],"picked":"Sweeping Beam","floor":6},{"not_picked":["Leap","Stack"],"picked":"Coolheaded","floor":10},{"not_picked":["Conserve Battery+1","Ball Lightning"],"picked":"Coolheaded+1","floor":11},{"not_picked":["Leap+1","Auto Shields+1"],"picked":"Hologram+1","floor":12},{"not_picked":["Rip and Tear","Conserve Battery+1"],"picked":"Chaos+1","floor":13},{"not_picked":["Amplify+1","Skim+1"],"picked":"Conserve Battery+1","floor":14},{"not_picked":["Consume+1","Leap+1"],"picked":"Turbo+1","floor":18},{"not_picked":["Steam+1","Gash"],"picked":"Ball Lightning","floor":19},{"not_picked":["Genetic Algorithm+1","Go for the Eyes+1"],"picked":"Turbo+1","floor":20},{"not_picked":["Redo+1","Reprogram+1"],"picked":"Compile Driver","floor":24},{"not_picked":["Genetic Algorithm+1","Turbo+1"],"picked":"Self Repair","floor":29},{"not_picked":["Barrage","Stack+1"],"picked":"Seek+1","floor":31},{"not_picked":["Electrodynamics","Thunder Strike"],"picked":"Multi-Cast+1","floor":33},{"not_picked":["BootSequence+1","Turbo+1"],"picked":"Hologram+1","floor":35},{"not_picked":["Sweeping Beam+1","Rebound"],"picked":"Defragment","floor":38},{"not_picked":["Flash of Steel","Mind Blast"],"picked":"PanicButton+1","floor":39},{"not_picked":["Reprogram+1","Force Field+1"],"picked":"Glacier+1","floor":44},{"not_picked":["Hologram+1","Buffer"],"picked":"Double Energy+1","floor":46},{"not_picked":["Rebound","Barrage"],"picked":"Hologram+1","floor":48}],"player_experience":567796,"relics_obtained":[{"floor":6,"key":"Incense Burner"},{"floor":9,"key":"Ornamental Fan"},{"floor":10,"key":"Toxic Egg 2"},{"floor":14,"key":"PreservedInsect"},{"floor":21,"key":"Sundial"},{"floor":26,"key":"Symbiotic Virus"},{"floor":43,"key":"Bag of Preparation"},{"floor":48,"key":"Torii"}],"event_choices":[{"damage_healed":0,"gold_gain":150,"player_choice":"AGREE","damage_taken":0,"max_hp_gain":0,"max_hp_loss":0,"event_name":"Liars Game","floor":2,"gold_loss":0,"cards_obtained":["Doubt"]},{"cards_removed":["Strike_B"],"damage_healed":0,"gold_gain":0,"player_choice":"Card Removal","damage_taken":0,"max_hp_gain":0,"max_hp_loss":0,"event_name":"The Cleric","floor":5,"gold_loss":75},{"damage_healed":0,"gold_gain":0,"cards_transformed":["Strike_B"],"player_choice":"Transformed","damage_taken":0,"max_hp_gain":0,"max_hp_loss":0,"event_name":"Transmorgrifier","floor":8,"gold_loss":0,"cards_obtained":["Undo"]},{"damage_healed":0,"gold_gain":0,"player_choice":"Simplicity","damage_taken":0,"max_hp_gain":0,"max_hp_loss":0,"event_name":"Back to Basics","floor":28,"gold_loss":0,"cards_upgraded":["Strike_B","Defend_B","Defend_B","Defend_B","Defend_B"]},{"damage_healed":0,"gold_gain":200,"player_choice":"Gold","damage_taken":0,"max_hp_gain":0,"max_hp_loss":0,"event_name":"Wheel of Change","floor":30,"gold_loss":0},{"damage_healed":0,"gold_gain":0,"player_choice":"Embrace Madness","damage_taken":13,"max_hp_gain":0,"max_hp_loss":0,"event_name":"Winding Halls","floor":37,"gold_loss":0,"cards_obtained":["Madness","Madness"]},{"damage_healed":0,"gold_gain":0,"player_choice":"Memory 1","damage_taken":0,"max_hp_gain":0,"max_hp_loss":0,"event_name":"SensoryStone","floor":39,"gold_loss":0},{"damage_healed":0,"gold_gain":0,"player_choice":"Paid","damage_taken":0,"relics_obtained":["Red Mask"],"max_hp_gain":0,"max_hp_loss":0,"event_name":"Tomb of Lord Red Mask","floor":42,"gold_loss":47},{"cards_removed":["Self Repair"],"damage_healed":0,"gold_gain":0,"player_choice":"Removed Power","damage_taken":0,"max_hp_gain":0,"max_hp_loss":0,"event_name":"Falling","floor":45,"gold_loss":0},{"damage_healed":0,"gold_gain":0,"player_choice":"Fight","damage_taken":0,"max_hp_gain":0,"max_hp_loss":0,"event_name":"MindBloom","floor":48,"gold_loss":0}],"is_beta":false,"boss_relics":[{"not_picked":["Calling Bell","Runic Dome"],"picked":"Sozu"},{"not_picked":["Velvet Choker","Snecko Eye"],"picked":"Astrolabe"}],"items_purged_floors":[3,22],"is_endless":false,"potions_floor_spawned":[6,10,14,16,29,31,33,35,44,48],"ascension_level":20}