{"gold_per_floor":[117,117,117,136,136,136,136,150,150,168,168,201,222,222],"floor_reached":14,"playtime":504,"items_purged":[],"score":167,"play_id":"3648d07d-b3c0-4daa-b109-1e2d58de5aba","local_time":"20190701105342","is_ascension_mode":true,"campfire_choices":[{"data":"Bash","floor":6,"key":"SMITH"},{"data":"Flame Barrier","floor":11,"key":"SMITH"}],"neow_cost":"NONE","seed_source_timestamp":1161839059099800,"circlet_count":0,"master_deck":["AscendersBane","Strike_R","Strike_R","Strike_R","Strike_R","Strike_R","Defend_R","Defend_R","Defend_R","Defend_R","Bash+1","Impatience","Warcry","Flame Barrier+1","Injury","Iron Wave","Metallicize","Body Slam","Armaments"],"relics":["Burning Blood","Shovel","Golden Idol","Bottled Flame","Meat on the Bone"],"potions_floor_usage":[10,12],"damage_taken":[{"damage":17,"enemies":"Cultist","floor":1,"turns":5},{"damage":7,"enemies":"Small Slimes","floor":4,"turns":4},{"damage":5,"enemies":"2 Louse","floor":8,"turns":4},{"damage":1,"enemies":"2 Fungi Beasts","floor":10,"turns":4},{"damage":28,"enemies":"3 Sentries","floor":12,"turns":10},{"damage":24,"enemies":"Large Slime","floor":13,"turns":8},{"damage":34,"enemies":"Lagavulin","floor":14,"turns":8}],"seed_played":"-586500836787424724","potions_obtained":[{"floor":8,"key":"Poison Potion"},{"floor":10,"key":"LiquidBronze"}],"is_trial":false,"path_per_floor":["M","$","?","M","$","R","?","M","T","M","R","E","M","E"],"character_chosen":"IRONCLAD","items_purchased":[],"campfire_rested":0,"item_purchase_floors":[],"current_hp_per_floor":[57,57,52,51,51,51,51,52,52,57,57,35,29,0],"gold":222,"neow_bonus":"RANDOM_COLORLESS","is_prod":false,"is_daily":false,"chose_seed":false,"campfire_upgraded":2,"win_rate":0,"timestamp":1561971222,"path_taken":["M","$","?","M","$","R","?","M","T","M","R","E","M","E"],"build_version":"2019-01-23","purchased_purges":0,"victory":false,"max_hp_per_floor":[75,75,75,75,75,75,75,75,75,75,75,75,75,75],"card_choices":[{"not_picked":["Thunderclap","Heavy Blade"],"picked":"Warcry","floor":1},{"not_picked":["Perfected Strike","Wild Strike"],"picked":"Flame Barrier","floor":4},{"not_picked":["Warcry","Sentinel"],"picked":"Iron Wave","floor":8},{"not_picked":["Warcry","Feel No Pain"],"picked":"Metallicize","floor":10},{"not_picked":["Sword Boomerang","Feed"],"picked":"Body Slam","floor":12},{"not_picked":["Heavy Blade","True Grit"],"picked":"Armaments","floor":13}],"player_experience":1541851,"relics_obtained":[{"floor":9,"key":"Bottled Flame"},{"floor":12,"key":"Meat on the Bone"}],"event_choices":[{"damage_healed":0,"gold_gain":0,"player_choice":"Success","damage_taken":5,"relics_obtained":["Shovel"],"max_hp_gain":0,"max_hp_loss":0,"event_name":"Scrap Ooze","floor":3,"gold_loss":0},{"damage_healed":0,"gold_gain":0,"player_choice":"Take Wound","damage_taken":0,"relics_obtained":["Golden Idol"],"max_hp_gain":0,"max_hp_loss":0,"event_name":"Golden Idol","floor":7,"gold_loss":0,"cards_obtained":["Injury"]}],"is_beta":false,"boss_relics":[],"items_purged_floors":[],"is_endless":false,"potions_floor_spawned":[8,10],"killed_by":"Lagavulin","ascension_level":17}