{"gold_per_floor":[110,110,110,43,56,95,115,115,142,182,33,33,63,83,83,208,208,208,208,208,208,208,208,208,208,208,208,208,208,208,32,32,32],"floor_reached":33,"playtime":1105,"items_purged":[],"score":365,"play_id":"a28f8512-b2f5-4ef1-ae11-6b0bc42048b9","local_time":"20190708002934","is_ascension_mode":false,"campfire_choices":[{"data":"Feed","floor":8,"key":"SMITH"},{"data":"Uppercut","floor":12,"key":"SMITH"},{"data":"Inflame","floor":15,"key":"SMITH"},{"data":"Pommel Strike","floor":25,"key":"SMITH"},{"data":"1","floor":30,"key":"LIFT"},{"data":"2","floor":32,"key":"LIFT"}],"neow_cost":"NONE","seed_source_timestamp":961151884572051,"circlet_count":0,"master_deck":["Strike_R","Strike_R","Strike_R","Strike_R","Strike_R","Defend_R","Defend_R","Defend_R","Defend_R","Bash","Inflame+1","Inflame","Uppercut+1","Feed+1","Anger","Shrug It Off","Feed","Sword Boomerang+1","Pummel","Infernal Blade+1","Pommel Strike+1","Inflame+1","Disarm","Feed"],"relics":["Burning Blood","NeowsBlessing","Golden Idol","Red Skull","Bronze Scales","Omamori","Strawberry","Nunchaku","Ectoplasm","Paper Frog","Vajra","Bag of Marbles","Girya"],"potions_floor_usage":[10,23,24,27,29,29,33],"damage_taken":[{"damage":0,"enemies":"Small Slimes","floor":1,"turns":1},{"damage":0,"enemies":"Jaw Worm","floor":5,"turns":1},{"damage":0,"enemies":"Gremlin Nob","floor":6,"turns":1},{"damage":4,"enemies":"Cultist","floor":7,"turns":3},{"damage":26,"enemies":"Lagavulin","floor":10,"turns":5},{"damage":9,"enemies":"Looter","floor":14,"turns":3},{"damage":35,"enemies":"Slime Boss","floor":16,"turns":4},{"damage":2,"enemies":"Chosen","floor":18,"turns":4},{"damage":10,"enemies":"3 Byrds","floor":19,"turns":3},{"damage":18,"enemies":"Snake Plant","floor":21,"turns":3},{"damage":10,"enemies":"Cultist and Chosen","floor":22,"turns":4},{"damage":39,"enemies":"Gremlin Leader","floor":23,"turns":5},{"damage":10,"enemies":"Centurion and Healer","floor":24,"turns":3},{"damage":7,"enemies":"Book of Stabbing","floor":27,"turns":2},{"damage":14,"enemies":"Shelled Parasite and Fungi","floor":28,"turns":4},{"damage":26,"enemies":"Slavers","floor":29,"turns":4},{"damage":81,"enemies":"Automaton","floor":33,"turns":6}],"seed_played":"-1248924732163428402","potions_obtained":[{"floor":6,"key":"Poison Potion"},{"floor":10,"key":"EssenceOfSteel"},{"floor":16,"key":"SteroidPotion"},{"floor":18,"key":"Ancient Potion"},{"floor":23,"key":"GamblersBrew"},{"floor":24,"key":"Poison Potion"},{"floor":28,"key":"BloodPotion"},{"floor":29,"key":"Explosive Potion"}],"is_trial":false,"path_per_floor":["M","?","?","$","M","E","M","R","T","E","$","R","?","M","R","B",null,"M","M","?","M","M","E","M","R","T","E","M","E","R","$","R","B"],"character_chosen":"IRONCLAD","items_purchased":["Inflame","Strawberry","Disarm","Feed"],"campfire_rested":0,"item_purchase_floors":[4,11,31,31],"current_hp_per_floor":[80,80,60,60,66,72,74,74,74,54,61,61,61,58,58,33,91,91,90,90,78,78,45,41,41,41,44,36,48,48,48,48,0],"gold":32,"neow_bonus":"THREE_ENEMY_KILL","is_prod":false,"is_daily":false,"chose_seed":false,"campfire_upgraded":4,"win_rate":0,"timestamp":1562560174,"path_taken":["M","?","?","?","?","E","?","R","T","E","$","R","?","M","R","BOSS","M","M","?","M","?","E","M","R","T","E","M","E","R","$","R","BOSS"],"build_version":"2019-07-05","purchased_purges":0,"victory":false,"max_hp_per_floor":[80,80,80,80,80,80,80,80,80,80,87,87,87,87,87,91,91,91,94,94,94,98,98,98,98,98,102,102,109,109,109,109,109],"card_choices":[{"not_picked":["Armaments","Perfected Strike"],"picked":"Inflame","floor":1},{"not_picked":["Sword Boomerang","Seeing Red"],"picked":"Uppercut","floor":5},{"not_picked":["Thunderclap","Cleave"],"picked":"Feed","floor":6},{"not_picked":["Sever Soul","Searing Blow","Cleave"],"picked":"SKIP","floor":7},{"not_picked":["Clash","Thunderclap"],"picked":"Anger","floor":10},{"not_picked":["Ghostly Armor","Headbutt"],"picked":"Shrug It Off","floor":14},{"not_picked":["Barricade","Berserk"],"picked":"Feed","floor":16},{"not_picked":["Twin Strike","Dropkick","Corruption"],"picked":"SKIP","floor":18},{"not_picked":["True Grit","Twin Strike"],"picked":"Sword Boomerang+1","floor":19},{"not_picked":["Twin Strike","True Grit"],"picked":"Pummel","floor":21},{"not_picked":["Clash","Armaments","Shrug It Off"],"picked":"SKIP","floor":22},{"not_picked":["Perfected Strike","Hemokinesis"],"picked":"Infernal Blade+1","floor":23},{"not_picked":["Cleave","Ghostly Armor"],"picked":"Pommel Strike","floor":24},{"not_picked":["Rampage","Armaments","Second Wind"],"picked":"SKIP","floor":27},{"not_picked":["Bloodletting+1","Cleave","Pommel Strike"],"picked":"SKIP","floor":28},{"not_picked":["Body Slam+1","Perfected Strike"],"picked":"Inflame+1","floor":29}],"player_experience":272298,"relics_obtained":[{"floor":6,"key":"Red Skull"},{"floor":9,"key":"Bronze Scales"},{"floor":10,"key":"Omamori"},{"floor":23,"key":"Paper Frog"},{"floor":26,"key":"Vajra"},{"floor":27,"key":"Bag of Marbles"},{"floor":29,"key":"Girya"}],"event_choices":[{"damage_healed":0,"gold_gain":0,"player_choice":"Ignored","damage_taken":0,"max_hp_gain":0,"max_hp_loss":0,"event_name":"Liars Game","floor":2,"gold_loss":0},{"damage_healed":0,"gold_gain":0,"player_choice":"Take Damage","damage_taken":20,"relics_obtained":["Golden Idol"],"max_hp_gain":0,"max_hp_loss":0,"event_name":"Golden Idol","floor":3,"gold_loss":0},{"damage_healed":0,"gold_gain":30,"player_choice":"Searched \u00272\u0027 times","damage_taken":0,"relics_obtained":["Nunchaku"],"max_hp_gain":0,"max_hp_loss":0,"event_name":"Dead Adventurer","floor":13,"gold_loss":0},{"damage_healed":0,"gold_gain":0,"player_choice":"Ignored","damage_taken":0,"max_hp_gain":0,"max_hp_loss":0,"event_name":"N\u0027loth","floor":20,"gold_loss":0}],"is_beta":false,"boss_relics":[{"not_picked":["Black Blood","Tiny House"],"picked":"Ectoplasm"}],"items_purged_floors":[],"is_endless":false,"potions_floor_spawned":[6,10,16,18,22,23,24,28,29],"killed_by":"Automaton","ascension_level":0}