{"gold_per_floor":[114,131,149,149,165,178,212,212,212,212],"floor_reached":10,"playtime":360,"items_purged":[],"score":130,"play_id":"ae8cde24-5474-41e3-9f5e-de711978c774","local_time":"20190716222312","is_ascension_mode":true,"campfire_choices":[{"data":"Shockwave","floor":8,"key":"SMITH"}],"neow_cost":"PERCENT_DAMAGE","seed_source_timestamp":351860311280400,"circlet_count":0,"master_deck":["AscendersBane","Strike_R","Strike_R","Strike_R","Defend_R","Defend_R","Defend_R","Bash","Clash","Cleave","Headbutt","Disarm","Shockwave+1","Anger","Flame Barrier","Dual Wield"],"relics":["Burning Blood","Ancient Tea Set","Dodecahedron"],"potions_floor_usage":[6,7,10],"damage_taken":[{"damage":15,"enemies":"Small Slimes","floor":1,"turns":3},{"damage":7,"enemies":"Cultist","floor":2,"turns":4},{"damage":10,"enemies":"Jaw Worm","floor":3,"turns":3},{"damage":8,"enemies":"Large Slime","floor":5,"turns":4},{"damage":9,"enemies":"Red Slaver","floor":6,"turns":3},{"damage":26,"enemies":"3 Sentries","floor":7,"turns":8},{"damage":11,"enemies":"Exordium Wildlife","floor":10,"turns":1}],"seed_played":"-5690698256486623575","potions_obtained":[{"floor":1,"key":"Swift Potion"},{"floor":5,"key":"SpeedPotion"},{"floor":7,"key":"Poison Potion"}],"is_trial":false,"path_per_floor":["M","M","M","?","M","M","E","R","T","M"],"character_chosen":"IRONCLAD","items_purchased":[],"campfire_rested":0,"item_purchase_floors":[],"current_hp_per_floor":[41,40,36,36,34,31,11,11,11,0],"gold":212,"neow_bonus":"TRANSFORM_TWO_CARDS","is_prod":false,"is_daily":false,"chose_seed":false,"campfire_upgraded":1,"win_rate":0,"timestamp":1563308592,"path_taken":["M","M","M","?","M","M","E","R","T","M"],"build_version":"2019-07-05","purchased_purges":0,"victory":false,"max_hp_per_floor":[75,75,75,75,75,75,75,75,75,75],"card_choices":[{"not_picked":["Intimidate","Wild Strike"],"picked":"Headbutt","floor":1},{"not_picked":["Cleave","Twin Strike"],"picked":"Disarm","floor":2},{"not_picked":["Uppercut","Second Wind"],"picked":"Shockwave","floor":3},{"not_picked":["Twin Strike","Intimidate"],"picked":"Anger","floor":5},{"not_picked":["Thunderclap","Pommel Strike"],"picked":"Flame Barrier","floor":6},{"not_picked":["Dropkick","Clash"],"picked":"Dual Wield","floor":7}],"player_experience":1662301,"relics_obtained":[{"floor":7,"key":"Ancient Tea Set"},{"floor":9,"key":"Dodecahedron"}],"event_choices":[{"cards_removed":["Defend_R"],"damage_healed":0,"gold_gain":0,"player_choice":"Purged","damage_taken":0,"max_hp_gain":0,"max_hp_loss":0,"event_name":"Purifier","floor":4,"gold_loss":0}],"is_beta":false,"boss_relics":[],"items_purged_floors":[],"is_endless":false,"potions_floor_spawned":[1,5,7],"killed_by":"Exordium Wildlife","ascension_level":17}