{"path_per_floor":["M","M","?","$","?","E","M","E","T","R","?","R","M","E","R","B",null,"M","?","M","M","?","R","E","R","T","?","$","?","M","M","R","B",null,"M","$","M","$","?","T","E","M","T","$","R","$","R","M","R"],"character_chosen":"THE_SILENT","items_purchased":["Glass Knife","Footwork","Explosive Potion","Ninja Scroll","Mummified Hand","Dagger Spray"],"gold_per_floor":[112,123,123,52,52,84,102,136,136,136,136,136,152,180,180,284,284,301,301,319,337,337,337,367,367,367,367,208,208,225,240,240,340,640,655,55,69,44,44,44,74,92,143,18,18,18,18,30,30],"floor_reached":50,"campfire_rested":4,"playtime":2759,"current_hp_per_floor":[70,63,63,63,56,34,34,8,8,29,52,52,46,33,33,46,70,42,42,25,14,14,35,6,27,27,27,27,27,38,33,33,18,70,51,51,24,24,24,26,4,19,19,19,56,56,56,44,44],"items_purged":["Decay","Normality","Pain"],"gold":30,"score":578,"play_id":"aec73170-c6c4-4f8d-b1f2-6bb75ddd68e6","is_prod":false,"is_daily":false,"is_ascension_mode":true,"campfire_upgraded":5,"path_taken":["M","M","?","$","?","E","M","E","T","R","?","R","?","E","R","BOSS","M","?","M","M","?","R","E","R","T","?","$","?","M","M","R","BOSS","M","$","M","?","?","?","E","M","T","?","R","$","R","M","R","BOSS"],"build_version":"2018-02-15-PROD1","purchased_purges":3,"victory":false,"master_deck":["Defend_G+1","Defend_G+1","Defend_G+1","Defend_G+1","Defend_G+1","Strike_G+1","Strike_G+1","Strike_G+1","Strike_G+1","Neutralize+1","Envenom+1","Dagger Spray","Glass Knife+1","Outmaneuver","Noxious Fumes+1","Backflip+1","Sucker Punch+1","Bouncing Flask+1","Cloak And Dagger+1","Footwork","Writhe","Terror","Backflip+1","Doubt","Deadly Poison+1","Bane+1","Dagger Spray","Outmaneuver+1","Catalyst+1"],"max_hp_per_floor":[70,70,70,70,70,70,70,70,70,70,70,70,70,70,70,70,70,70,70,70,70,70,70,70,70,70,70,70,70,70,70,70,70,70,70,70,70,70,70,72,74,76,76,76,76,76,76,76,76],"relics":["Ring of the Snake","Pantograph","Letter Opener","Snake Skull","Anchor","Lizard Tail","Kunai","Bird Faced Urn","Centennial Puzzle","Calling Bell","Old Coin","Prayer Wheel","Omamori","Ninja Scroll","Mummified Hand","Singing Bowl","Ginger","Regal Pillow"],"card_choices":[{"not_picked":["Endless Agony","Expertise"],"picked":"Envenom"},{"not_picked":["Underhanded Strike","Backflip"],"picked":"Dagger Spray"},{"not_picked":["PiercingWail","Infinite Blades"],"picked":"Outmaneuver"},{"not_picked":["Slice","Reflex"],"picked":"Noxious Fumes"},{"not_picked":["Endless Agony","Dodge and Roll"],"picked":"Backflip"},{"not_picked":["Deflect","Dagger Spray"],"picked":"Sucker Punch"},{"not_picked":["Deflect","Accuracy"],"picked":"Bouncing Flask"},{"not_picked":["Dash","Leg Sweep"],"picked":"Cloak And Dagger"},{"not_picked":["Eviscerate","Flying Knee"],"picked":"Terror"},{"not_picked":["Deadly Poison","Bane"],"picked":"Backflip"},{"not_picked":["Reflex","Flying Knee"],"picked":"Deadly Poison"},{"not_picked":["Backflip","Setup"],"picked":"Bane"},{"not_picked":["Slice","Quick Slash"],"picked":"Outmaneuver"},{"not_picked":["Choke","Backflip"],"picked":"Catalyst"}],"player_experience":220012,"potions_floor_usage":[2,6,24,30,35,37,41,42,50],"damage_taken":[{"damage":0,"enemies":"2 Louse","floor":1,"turns":3},{"damage":7,"enemies":"Jaw Worm","floor":2,"turns":4},{"damage":22,"enemies":"Lagavulin","floor":6,"turns":6},{"damage":0,"enemies":"Small Slimes","floor":7,"turns":3},{"damage":26,"enemies":"Gremlin Nob","floor":8,"turns":4},{"damage":6,"enemies":"Looter","floor":13,"turns":4},{"damage":13,"enemies":"3 Sentries","floor":14,"turns":6},{"damage":12,"enemies":"The Guardian","floor":16,"turns":9},{"damage":28,"enemies":"Shell Parasite","floor":18,"turns":7},{"damage":17,"enemies":"2 Thieves","floor":20,"turns":4},{"damage":11,"enemies":"Chosen and Byrds","floor":21,"turns":8},{"damage":29,"enemies":"Book of Stabbing","floor":24,"turns":5},{"damage":10,"enemies":"Centurion and Healer","floor":30,"turns":6},{"damage":11,"enemies":"3 Cultists","floor":31,"turns":5},{"damage":46,"enemies":"Automaton","floor":33,"turns":9},{"damage":21,"enemies":"Orb Walker","floor":35,"turns":4},{"damage":46,"enemies":"3 Darklings","floor":37,"turns":11},{"damage":28,"enemies":"Nemesis","floor":41,"turns":5},{"damage":32,"enemies":"Sphere and 2 Shapes","floor":42,"turns":8},{"damage":18,"enemies":"Maw","floor":48,"turns":6},{"damage":75,"enemies":"Time Eater","floor":50,"turns":10}],"event_choices":[{"event_name":"Living Wall","player_choice":"Grow","floor":3,"damage_taken":0},{"event_name":"Golden Wing","player_choice":"Card Removal","floor":5,"damage_taken":0},{"event_name":"Big Fish","player_choice":"Banana","floor":11,"damage_taken":0},{"event_name":"Back to Basics","player_choice":"Simplicity","floor":19,"damage_taken":0},{"event_name":"Bonfire Elementals","player_choice":"BASIC","floor":22,"damage_taken":0},{"event_name":"Forgotten Altar","player_choice":"Smashed Altar","floor":27,"damage_taken":0},{"event_name":"The Mausoleum","player_choice":"Yes","floor":29,"damage_taken":0},{"event_name":"Upgrade Shrine","player_choice":"Upgraded","floor":39,"damage_taken":0}],"boss_relics":[{"not_picked":["Astrolabe","Runic Pyramid"],"picked":"Lizard Tail"},{"not_picked":["Philosopher\u0027s Stone","Runic Dome"],"picked":"Calling Bell"}],"potions_floor_spawned":[1,2,14,24,31,35,41,48],"seed_played":"-3532091380978686771","killed_by":"Time Eater","ascension_level":3,"is_trial":false}