{"gold_per_floor":[17,17,40,64,95,107,147,10,10,10,10,42,58,77,77,151,151,171,196,196,196,208,208,208],"floor_reached":24,"playtime":881,"items_purged":["Strike_B"],"score":361,"play_id":"9aaa9fd2-55bf-4c91-a322-567432c809b6","local_time":"20190518132857","is_ascension_mode":true,"campfire_choices":[{"data":"Zap","floor":6,"key":"SMITH"},{"floor":10,"key":"REST"},{"data":"Sunder","floor":15,"key":"SMITH"},{"data":"Buffer","floor":23,"key":"SMITH"}],"neow_cost":"NO_GOLD","seed_source_timestamp":396668647855500,"circlet_count":0,"master_deck":["AscendersBane","Strike_B","Strike_B","Strike_B","Defend_B","Defend_B","Defend_B","Defend_B","Zap+1","Dualcast","Cold Snap","BootSequence","Compile Driver","Loop","Go for the Eyes","Glacier","Doom and Gloom","Sunder+1","Defragment","Buffer+1","Streamline+1","Redo"],"relics":["Cracked Core","Thread and Needle","MawBank","Sundial","Blood Vial","Ornamental Fan","Cursed Key","Red Mask"],"potions_floor_usage":[7,16,16,19,22],"damage_taken":[{"damage":2,"enemies":"2 Louse","floor":1,"turns":3},{"damage":3,"enemies":"Jaw Worm","floor":3,"turns":4},{"damage":0,"enemies":"Cultist","floor":4,"turns":3},{"damage":24,"enemies":"Gremlin Gang","floor":5,"turns":4},{"damage":10,"enemies":"Lagavulin","floor":7,"turns":8},{"damage":17,"enemies":"Gremlin Nob","floor":12,"turns":6},{"damage":0,"enemies":"Red Slaver","floor":13,"turns":4},{"damage":0,"enemies":"2 Fungi Beasts","floor":14,"turns":2},{"damage":2,"enemies":"Slime Boss","floor":16,"turns":8},{"damage":19,"enemies":"2 Thieves","floor":18,"turns":4},{"damage":5,"enemies":"Masked Bandits","floor":19,"turns":5},{"damage":0,"enemies":"Chosen","floor":22,"turns":5},{"damage":27,"enemies":"3 Cultists","floor":24,"turns":4}],"seed_played":"-8569385404276734104","potions_obtained":[{"floor":5,"key":"Dexterity Potion"},{"floor":12,"key":"AttackPotion"},{"floor":13,"key":"AttackPotion"},{"floor":14,"key":"SkillPotion"},{"floor":18,"key":"Poison Potion"},{"floor":19,"key":"Regen Potion"}],"is_trial":false,"path_per_floor":["M","?","M","M","M","R","E","$","T","R","?","E","M","M","R","B",null,"M","?","?","?","M","R","M"],"character_chosen":"DEFECT","items_purchased":["Glacier"],"campfire_rested":1,"item_purchase_floors":[8],"current_hp_per_floor":[62,51,48,48,24,24,14,14,14,35,35,20,22,24,24,24,59,42,39,19,8,24,24,0],"gold":208,"neow_bonus":"ONE_RARE_RELIC","is_prod":false,"is_daily":false,"chose_seed":false,"campfire_upgraded":3,"win_rate":0,"timestamp":1558178937,"path_taken":["M","?","M","M","M","R","E","$","T","R","?","E","M","M","R","BOSS","M","?","?","?","M","R","M"],"build_version":"2019-01-23","purchased_purges":1,"victory":false,"max_hp_per_floor":[71,71,71,71,71,71,71,71,71,71,71,71,71,71,71,71,71,71,71,76,76,76,76,76],"card_choices":[{"not_picked":["Hologram","Conserve Battery"],"picked":"Cold Snap","floor":1},{"not_picked":["Darkness","Gash"],"picked":"BootSequence","floor":3},{"not_picked":["Heatsinks","Streamline"],"picked":"Compile Driver","floor":4},{"not_picked":["Streamline","Storm"],"picked":"Loop","floor":5},{"not_picked":["Gash","Storm"],"picked":"Go for the Eyes","floor":7},{"not_picked":["Lockon","Force Field"],"picked":"Doom and Gloom","floor":12},{"not_picked":["Rebound","Chaos"],"picked":"Sunder","floor":13},{"not_picked":["Sweeping Beam","Barrage"],"picked":"Defragment","floor":14},{"not_picked":["Electrodynamics","Thunder Strike"],"picked":"Buffer","floor":16},{"not_picked":["Recycle","Loop"],"picked":"Streamline+1","floor":18},{"not_picked":["Cold Snap","Turbo"],"picked":"Redo","floor":19},{"not_picked":["Go for the Eyes+1","Barrage","Sweeping Beam"],"picked":"SKIP","floor":22}],"player_experience":1140627,"relics_obtained":[{"floor":7,"key":"Sundial"},{"floor":9,"key":"Blood Vial"},{"floor":12,"key":"Ornamental Fan"},{"floor":19,"key":"Red Mask"}],"event_choices":[{"damage_healed":0,"gold_gain":0,"player_choice":"Success","damage_taken":11,"relics_obtained":["MawBank"],"max_hp_gain":0,"max_hp_loss":0,"event_name":"Scrap Ooze","floor":2,"gold_loss":0},{"damage_healed":0,"gold_gain":0,"player_choice":"Leave","damage_taken":0,"max_hp_gain":0,"max_hp_loss":0,"event_name":"The Cleric","floor":11,"gold_loss":0},{"damage_healed":0,"gold_gain":0,"player_choice":"Fought Bandits","damage_taken":0,"max_hp_gain":0,"max_hp_loss":0,"event_name":"Masked Bandits","floor":19,"gold_loss":0},{"damage_healed":0,"gold_gain":0,"player_choice":"Shed Blood","damage_taken":25,"max_hp_gain":5,"max_hp_loss":0,"event_name":"Forgotten Altar","floor":20,"gold_loss":0},{"damage_healed":0,"gold_gain":0,"player_choice":"Damaged","damage_taken":11,"max_hp_gain":0,"max_hp_loss":0,"event_name":"Wheel of Change","floor":21,"gold_loss":0}],"is_beta":false,"boss_relics":[{"not_picked":["Eternal Feather","Black Star"],"picked":"Cursed Key"}],"items_purged_floors":[8],"is_endless":false,"potions_floor_spawned":[5,12,13,14,18,19],"killed_by":"3 Cultists","ascension_level":15}