{"gold_per_floor":[117,117,11,161,161,176,176,189,189,189,189,217,217,217,217,295,295,305,575,333,349,349],"floor_reached":22,"playtime":627,"items_purged":["Strike_B"],"score":360,"play_id":"eacc8c79-3d84-4621-859b-2a44de126199","local_time":"20190329182410","is_ascension_mode":true,"campfire_choices":[{"data":"Sunder","floor":7.0,"key":"SMITH"},{"data":"Chaos","floor":10.0,"key":"SMITH"},{"data":"Beam Cell","floor":13.0,"key":"SMITH"},{"data":"Coolheaded","floor":15.0,"key":"SMITH"}],"neow_cost":"NONE","seed_source_timestamp":1065621137743653,"circlet_count":0,"master_deck":["AscendersBane","Strike_B","Strike_B","Defend_B","Defend_B","Defend_B","Defend_B","Zap+1","Dualcast","Sweeping Beam","Coolheaded+1","Melter","Sunder+1","Chaos+1","Sweeping Beam","Beam Cell+1","Buffer","Chaos+1","Capacitor","Leap","Compile Driver","Coolheaded+1"],"special_seed":0,"relics":["Cracked Core","NeowsBlessing","Bird Faced Urn","Matryoshka","GremlinMask","Nuclear Battery"],"potions_floor_usage":[16,21],"damage_taken":[{"damage":0.0,"enemies":"Jaw Worm","floor":1.0,"turns":1.0},{"damage":0.0,"enemies":"Cultist","floor":6.0,"turns":1.0},{"damage":0.0,"enemies":"Small Slimes","floor":8.0,"turns":1.0},{"damage":39.0,"enemies":"Gremlin Nob","floor":12.0,"turns":4.0},{"damage":26,"enemies":"Hexaghost","floor":16,"turns":9},{"damage":0,"enemies":"Spheric Guardian","floor":18,"turns":1},{"damage":12,"enemies":"3 Byrds","floor":21,"turns":3},{"damage":22,"enemies":"Colosseum Slavers","floor":22,"turns":1}],"seed_played":"3042280671740462750","potions_obtained":[{"floor":1.0,"key":"Regen Potion"},{"floor":12.0,"key":"Fire Potion"},{"floor":16,"key":"Energy Potion"}],"is_trial":false,"path_per_floor":["M","?","$","?","?","M","R","M","T","R","?","E","R","?","R","B",null,"M","?","$","M","?"],"character_chosen":"DEFECT","items_purchased":["Coolheaded","Melter","Capacitor","Leap","Compile Driver"],"campfire_rested":0,"item_purchase_floors":[3,3,20,20,20],"current_hp_per_floor":[64,64,64,64,57,57,57,57,57,57,57,18,18,18,18,7,55,55,27,27,15,0],"gold":349,"neow_bonus":"THREE_ENEMY_KILL","is_prod":false,"is_daily":false,"chose_seed":false,"campfire_upgraded":4,"win_rate":0,"timestamp":1553880250,"path_taken":["M","?","?","?","?","M","R","?","T","R","?","E","R","?","R","BOSS","M","?","?","?","?"],"build_version":"2019-01-23","purchased_purges":1,"victory":false,"max_hp_per_floor":[71,71,71,71,71,71,71,71,71,71,71,71,71,71,71,71,71,71,71,71,71,71],"card_choices":[{"not_picked":["Recycle","Barrage"],"picked":"Sweeping Beam","floor":1.0},{"not_picked":["Conserve Battery","Rebound"],"picked":"Sunder","floor":6.0},{"not_picked":["Lockon","Doom and Gloom"],"picked":"Chaos","floor":8.0},{"not_picked":["Barrage","Rip and Tear"],"picked":"Beam Cell","floor":12.0},{"not_picked":["Hyperbeam","Rainbow"],"picked":"Buffer","floor":16},{"not_picked":["Reinforced Body","Conserve Battery"],"picked":"Chaos+1","floor":18},{"not_picked":["Hologram","BootSequence+1"],"picked":"Coolheaded+1","floor":21}],"player_experience":743557,"relics_obtained":[{"floor":9.0,"key":"Bird Faced Urn"},{"floor":12.0,"key":"Matryoshka"}],"event_choices":[{"damage_healed":0.0,"max_hp_gain":0.0,"max_hp_loss":0.0,"gold_gain":0.0,"event_name":"Upgrade Shrine","player_choice":"Upgraded","floor":2.0,"gold_loss":0.0,"damage_taken":0.0,"cards_upgraded":["Zap"]},{"damage_healed":0.0,"max_hp_gain":0.0,"max_hp_loss":0.0,"gold_gain":150.0,"event_name":"Liars Game","player_choice":"AGREE","floor":4.0,"gold_loss":0.0,"damage_taken":0.0,"cards_obtained":["Doubt"]},{"cards_removed":["Doubt"],"damage_healed":0.0,"max_hp_gain":0.0,"max_hp_loss":0.0,"gold_gain":0.0,"event_name":"Golden Wing","player_choice":"Card Removal","floor":5.0,"gold_loss":0.0,"damage_taken":7.0},{"damage_healed":0.0,"max_hp_gain":0.0,"max_hp_loss":0.0,"gold_gain":0.0,"cards_transformed":["Strike_B"],"event_name":"Living Wall","player_choice":"Change","floor":11.0,"gold_loss":0.0,"damage_taken":0.0,"cards_obtained":["Sweeping Beam"]},{"damage_healed":0.0,"max_hp_gain":0.0,"max_hp_loss":0.0,"gold_gain":0.0,"event_name":"FaceTrader","player_choice":"Trade","floor":14.0,"gold_loss":0.0,"damage_taken":0.0,"relics_obtained":["GremlinMask"]},{"damage_healed":0,"gold_gain":270,"player_choice":"GOLD GOLD GOLD ","damage_taken":28,"max_hp_gain":0,"max_hp_loss":0,"event_name":"Knowing Skull","floor":19,"potions_obtained":[],"gold_loss":0,"cards_obtained":[]},{"damage_healed":0,"gold_gain":0,"player_choice":"Fight","damage_taken":0,"max_hp_gain":0,"max_hp_loss":0,"event_name":"Colosseum","floor":22,"gold_loss":0}],"is_beta":false,"boss_relics":[{"not_picked":["Eternal Feather","Coffee Dripper"],"picked":"Nuclear Battery"}],"items_purged_floors":[20],"is_endless":false,"potions_floor_spawned":[1,12,16],"killed_by":"Colosseum Slavers","ascension_level":20}