{"gold_per_floor":[11,11,11,31,31,70,70,90,117,132,29,65,84,97,97,97],"floor_reached":16,"playtime":499,"items_purged":["Injury"],"score":207,"play_id":"cb305b60-5567-4a19-a8f3-42a9ebc8a736","local_time":"20190718220009","is_ascension_mode":true,"campfire_choices":[{"data":"Feel No Pain","floor":7,"key":"SMITH"},{"floor":15,"key":"REST"}],"neow_cost":"NO_GOLD","seed_source_timestamp":523142784938200,"circlet_count":0,"master_deck":["AscendersBane","Strike_R","Strike_R","Strike_R","Defend_R","Defend_R","Defend_R","Defend_R","Bash+1","Anger","Feel No Pain+1","Iron Wave","Disarm","Anger","Thunderclap","Sentinel","Armaments","Reckless Charge"],"relics":["Burning Blood","Golden Idol","Dream Catcher","Happy Flower","Omamori"],"potions_floor_usage":[8,16,16],"damage_taken":[{"damage":4,"enemies":"Small Slimes","floor":1,"turns":5},{"damage":2,"enemies":"Cultist","floor":4,"turns":4},{"damage":47,"enemies":"Lagavulin","floor":6,"turns":8},{"damage":14,"enemies":"Jaw Worm","floor":8,"turns":4},{"damage":9,"enemies":"Blue Slaver","floor":10,"turns":6},{"damage":17,"enemies":"3 Sentries","floor":12,"turns":11},{"damage":22,"enemies":"Exordium Wildlife","floor":13,"turns":5},{"damage":6,"enemies":"Looter","floor":14,"turns":3},{"damage":32,"enemies":"Slime Boss","floor":16,"turns":3}],"seed_played":"6475497474187525126","potions_obtained":[{"floor":4,"key":"Regen Potion"},{"floor":12,"key":"Ancient Potion"},{"floor":13,"key":"GamblersBrew"}],"is_trial":false,"path_per_floor":["M","?","?","M","$","E","R","M","T","M","$","E","M","M","R","B"],"character_chosen":"IRONCLAD","items_purchased":["Anger"],"campfire_rested":1,"item_purchase_floors":[11],"current_hp_per_floor":[70,70,70,74,74,33,33,37,37,34,34,23,7,7,29,0],"gold":97,"neow_bonus":"REMOVE_TWO","is_prod":false,"is_daily":false,"chose_seed":false,"campfire_upgraded":1,"win_rate":0,"timestamp":1563480009,"path_taken":["M","?","?","M","$","E","R","?","T","M","?","E","M","M","R","BOSS"],"build_version":"2019-07-17","purchased_purges":1,"victory":false,"max_hp_per_floor":[75,75,75,75,75,75,75,75,75,75,75,75,75,75,75,75],"card_choices":[{"not_picked":["Clash","Havoc","Sever Soul"],"picked":"SKIP","floor":1},{"not_picked":["Iron Wave","Warcry"],"picked":"Anger","floor":4},{"not_picked":["Shrug It Off","Body Slam"],"picked":"Feel No Pain","floor":6},{"not_picked":["Thunderclap","Havoc"],"picked":"Iron Wave","floor":8},{"not_picked":["Clash","Heavy Blade"],"picked":"Disarm","floor":10},{"not_picked":["Intimidate","Twin Strike"],"picked":"Thunderclap","floor":12},{"not_picked":["Carnage","Burning Pact"],"picked":"Sentinel","floor":13},{"not_picked":["Searing Blow","Anger"],"picked":"Armaments","floor":14},{"not_picked":["Bloodletting","Disarm"],"picked":"Reckless Charge","floor":15}],"player_experience":1677969,"relics_obtained":[{"floor":6,"key":"Dream Catcher"},{"floor":9,"key":"Happy Flower"},{"floor":12,"key":"Omamori"}],"event_choices":[{"damage_healed":0,"gold_gain":0,"player_choice":"Take Wound","damage_taken":0,"relics_obtained":["Golden Idol"],"max_hp_gain":0,"max_hp_loss":0,"event_name":"Golden Idol","floor":2,"gold_loss":0,"cards_obtained":["Injury"]},{"damage_healed":0,"gold_gain":0,"player_choice":"Forge","damage_taken":0,"max_hp_gain":0,"max_hp_loss":0,"event_name":"Accursed Blacksmith","floor":3,"gold_loss":0,"cards_upgraded":["Bash"]}],"is_beta":false,"boss_relics":[],"items_purged_floors":[11],"is_endless":false,"potions_floor_spawned":[4,12,13],"killed_by":"Slime Boss","ascension_level":17}