{"path_per_floor":["M","M","?","?","M","R","$","M","T","E","?","M","R","M","R","B",null,"M","M","M","M","M","R","M","M","T","R","$","R","M","M","R"],"character_chosen":"IRONCLAD","items_purchased":["Bag of Marbles","Flame Barrier","Omamori","Madness"],"gold_per_floor":[118,131,131,131,145,145,1,12,12,74,99,112,112,128,128,227,227,239,254,264,278,297,297,308,319,389,389,31,31,50,67,67,67],"floor_reached":33,"campfire_rested":0,"playtime":1932,"item_purchase_floors":[7,28,28,28],"current_hp_per_floor":[77,74,74,67,73,73,73,78,78,71,75,74,74,80,80,69,77,80,80,80,80,36,36,51,66,66,66,66,66,23,22,22,0],"items_purged":["Strike_R"],"gold":67,"score":383,"play_id":"2ef8d597-c4f6-4a66-95b2-14b770343254","local_time":"20180622211433","is_prod":false,"is_daily":false,"chose_seed":false,"is_ascension_mode":true,"campfire_upgraded":7,"win_rate":0,"timestamp":1529698473,"campfire_choices":[{"data":"Bash","floor":6,"key":"SMITH"},{"data":"Inflame","floor":13,"key":"SMITH"},{"data":"Disarm","floor":15,"key":"SMITH"},{"data":"Rage","floor":23,"key":"SMITH"},{"data":"Reaper","floor":27,"key":"SMITH"},{"data":"Madness","floor":29,"key":"SMITH"},{"data":"Flame Barrier","floor":32,"key":"SMITH"}],"path_taken":["M","M","?","?","M","R","$","M","T","E","?","M","R","M","R","BOSS","M","M","M","M","M","R","M","M","T","R","$","R","?","M","R","BOSS"],"build_version":"2018-06-21","seed_source_timestamp":700827814864761,"purchased_purges":1,"circlet_count":0,"victory":false,"master_deck":["Strike_R","Strike_R","Strike_R","Strike_R","Defend_R","Defend_R","Defend_R","Defend_R","Bash+1","AscendersBane","Headbutt","Shrug It Off","Disarm+1","Sword Boomerang","Rage+1","Inflame+1","Pommel Strike","Reaper+1","True Grit+1","Shrug It Off","Searing Blow+1","Heavy Blade+1","Immolate","Feel No Pain","Flame Barrier","Madness+1","Flame Barrier+1"],"max_hp_per_floor":[80,80,80,80,80,80,80,80,80,80,80,80,80,80,80,80,80,80,80,80,80,80,80,80,80,80,80,80,80,80,80,80,80],"relics":["Burning Blood","Thread and Needle","Bag of Marbles","Ornamental Fan","Tiny Chest","Odd Mushroom","Coffee Dripper","Blue Candle","Omamori"],"card_choices":[{"not_picked":["Clothesline","Clash"],"picked":"Headbutt","floor":0},{"not_picked":["True Grit","Power Through"],"picked":"Shrug It Off","floor":1},{"not_picked":["Entrench","Perfected Strike"],"picked":"Disarm","floor":2},{"not_picked":["Body Slam","Headbutt"],"picked":"Sword Boomerang","floor":5},{"not_picked":["Clash","Pummel","Searing Blow"],"picked":"SKIP","floor":8},{"not_picked":["Havoc","Pommel Strike"],"picked":"Rage","floor":10},{"not_picked":["Clash","Juggernaut"],"picked":"Inflame","floor":11},{"not_picked":["Disarm","Thunderclap"],"picked":"Pommel Strike","floor":12},{"not_picked":["Fire Breathing","Flex","Headbutt"],"picked":"SKIP","floor":14},{"not_picked":["Dark Embrace","Demon Form"],"picked":"Reaper","floor":16},{"not_picked":["Shrug It Off","Combust"],"picked":"True Grit+1","floor":18},{"not_picked":["Clash","Thunderclap"],"picked":"Shrug It Off","floor":19},{"not_picked":["Carnage+1","Body Slam","Reckless Charge+1"],"picked":"SKIP","floor":20},{"not_picked":["Headbutt","Iron Wave+1"],"picked":"Searing Blow+1","floor":21},{"not_picked":["Infernal Blade","Havoc"],"picked":"Heavy Blade+1","floor":22},{"not_picked":["Clothesline","True Grit+1"],"picked":"Immolate","floor":24},{"not_picked":["Armaments","Reckless Charge"],"picked":"Feel No Pain","floor":25},{"not_picked":["Heavy Blade+1","Shrug It Off","Headbutt"],"picked":"SKIP","floor":30},{"not_picked":["Havoc","Double Tap"],"picked":"Flame Barrier","floor":31}],"player_experience":474733,"potions_floor_usage":[16,19,24,30,33,33,33],"damage_taken":[{"damage":1,"enemies":"Cultist","floor":1,"turns":3},{"damage":9,"enemies":"2 Louse","floor":2,"turns":3},{"damage":0,"enemies":"Small Slimes","floor":5,"turns":5},{"damage":1,"enemies":"Red Slaver","floor":8,"turns":4},{"damage":13,"enemies":"Gremlin Nob","floor":10,"turns":4},{"damage":2,"floor":11,"turns":6},{"damage":7,"enemies":"3 Louse","floor":12,"turns":5},{"damage":0,"enemies":"Blue Slaver","floor":14,"turns":2},{"damage":17,"enemies":"Hexaghost","floor":16,"turns":12},{"damage":1,"enemies":"Chosen","floor":18,"turns":4},{"damage":0,"enemies":"3 Byrds","floor":19,"turns":5},{"damage":3,"enemies":"Centurion and Healer","floor":20,"turns":8},{"damage":8,"enemies":"Snecko","floor":21,"turns":6},{"damage":50,"enemies":"Slaver and Parasite","floor":22,"turns":9},{"damage":9,"enemies":"3 Cultists","floor":24,"turns":6},{"damage":1,"enemies":"Snecko","floor":25,"turns":4},{"damage":49,"enemies":"Slaver and Parasite","floor":30,"turns":6},{"damage":12,"enemies":"Centurion and Healer","floor":31,"turns":7},{"damage":67,"enemies":"Collector","floor":33,"turns":9}],"relics_obtained":[{"floor":9,"key":"Ornamental Fan"},{"floor":10,"key":"Tiny Chest"},{"floor":11,"key":"Odd Mushroom"},{"floor":26,"key":"Blue Candle"}],"event_choices":[{"event_name":"Big Fish","player_choice":"Box","floor":3,"damage_taken":0},{"event_name":"Golden Wing","player_choice":"Card Removal","floor":4,"damage_taken":0},{"event_name":"Mushrooms","player_choice":"Fought Mushrooms","floor":11,"damage_taken":0}],"boss_relics":[{"not_picked":["Calling Bell","Runic Cube"],"picked":"Coffee Dripper"}],"items_purged_floors":[28],"is_endless":false,"potions_floor_spawned":[8,11,12,21,22,25,31],"seed_played":"-7750743870206384537","killed_by":"Collector","ascension_level":10,"potions_obtained":[{"floor":8,"key":"Block Potion"},{"floor":11,"key":"Block Potion"},{"floor":12,"key":"Dexterity Potion"},{"floor":21,"key":"FearPotion"},{"floor":22,"key":"Block Potion"},{"floor":25,"key":"FearPotion"},{"floor":31,"key":"Regen Potion"}],"is_trial":false}