{"gold_per_floor":[14,14,14,14,28,28,59,59,59,72,113,188,211,211],"floor_reached":14,"playtime":341,"items_purged":[],"score":211,"play_id":"78e45d68-1047-4f0a-bb3a-30f1c1b52050","local_time":"20190814205955","is_ascension_mode":true,"campfire_choices":[{"data":"Uppercut","floor":6,"key":"SMITH"},{"data":"Spot Weakness","floor":8,"key":"SMITH"}],"neow_cost":"NO_GOLD","seed_source_timestamp":57652669785800,"circlet_count":0,"master_deck":["AscendersBane","Strike_R","Strike_R","Strike_R","Strike_R","Strike_R","Defend_R","Defend_R","Defend_R","Defend_R","Bash","Flame Barrier","Uppercut+1","Spot Weakness+1","Headbutt","Shrug It Off","Uppercut"],"relics":["Burning Blood","Golden Idol","Pear","Self Forming Clay","Happy Flower"],"potions_floor_usage":[7,11,11],"damage_taken":[{"damage":6,"enemies":"Cultist","floor":1,"turns":3},{"damage":14,"enemies":"Jaw Worm","floor":5,"turns":4},{"damage":50,"enemies":"Gremlin Nob","floor":7,"turns":6},{"damage":2,"enemies":"2 Louse","floor":10,"turns":3},{"damage":22,"enemies":"Lagavulin","floor":11,"turns":5},{"damage":10,"enemies":"Large Slime","floor":13,"turns":5},{"damage":21,"enemies":"Gremlin Nob","floor":14,"turns":3}],"seed_played":"7808900507643670468","potions_obtained":[{"floor":1,"key":"SpeedPotion"},{"floor":5,"key":"GamblersBrew"},{"floor":10,"key":"AttackPotion"}],"is_trial":false,"path_per_floor":["M","?","?","?","M","R","E","R","T","M","E","?","M","E"],"character_chosen":"IRONCLAD","items_purchased":[],"campfire_rested":0,"item_purchase_floors":[],"current_hp_per_floor":[82,82,87,80,72,72,38,38,38,42,26,15,11,0],"gold":211,"neow_bonus":"TWENTY_PERCENT_HP_BONUS","is_prod":false,"is_daily":false,"chose_seed":false,"campfire_upgraded":2,"win_rate":0,"timestamp":1565809195,"path_taken":["M","?","?","?","M","R","E","R","T","M","E","?","M","E"],"build_version":"2019-07-17","purchased_purges":0,"victory":false,"max_hp_per_floor":[89,89,94,94,94,94,104,104,104,104,104,104,104,104],"card_choices":[{"not_picked":["Cleave","Pommel Strike"],"picked":"Flame Barrier","floor":1},{"not_picked":["Warcry","True Grit"],"picked":"Uppercut","floor":5},{"not_picked":["Havoc","Warcry"],"picked":"Spot Weakness","floor":7},{"not_picked":["Heavy Blade","Shockwave"],"picked":"Headbutt","floor":10},{"not_picked":["Warcry","Fire Breathing"],"picked":"Shrug It Off","floor":11},{"not_picked":["Headbutt","Clash"],"picked":"Uppercut","floor":13}],"player_experience":1897113,"relics_obtained":[{"floor":7,"key":"Pear"},{"floor":9,"key":"Self Forming Clay"},{"floor":11,"key":"Happy Flower"}],"event_choices":[{"damage_healed":0,"gold_gain":0,"player_choice":"Take Wound","damage_taken":0,"relics_obtained":["Golden Idol"],"max_hp_gain":0,"max_hp_loss":0,"event_name":"Golden Idol","floor":2,"gold_loss":0,"cards_obtained":["Injury"]},{"damage_healed":0,"gold_gain":0,"player_choice":"Donut","damage_taken":0,"max_hp_gain":5,"max_hp_loss":0,"event_name":"Big Fish","floor":3,"gold_loss":0},{"cards_removed":["Injury"],"damage_healed":0,"gold_gain":0,"player_choice":"Card Removal","damage_taken":7,"max_hp_gain":0,"max_hp_loss":0,"event_name":"Golden Wing","floor":4,"gold_loss":0},{"damage_healed":0,"gold_gain":75,"player_choice":"Gather Gold","damage_taken":11,"max_hp_gain":0,"max_hp_loss":0,"event_name":"World of Goop","floor":12,"gold_loss":0}],"is_beta":false,"boss_relics":[],"items_purged_floors":[],"is_endless":false,"potions_floor_spawned":[1,5,10],"killed_by":"Gremlin Nob","ascension_level":18}