{"gold_per_floor":[117,13,26,101,101,101,113,113,113,113,123,23,87,102,102,102],"floor_reached":16,"playtime":685,"items_purged":["Strike_G","Strike_G"],"score":162,"play_id":"e2a86c47-90e1-4f4b-9e3e-3ebb454ca906","local_time":"20190617191419","is_ascension_mode":true,"campfire_choices":[{"data":"Neutralize","floor":6,"key":"SMITH"},{"data":"Flying Knee","floor":8,"key":"SMITH"},{"data":"Well Laid Plans","floor":10,"key":"SMITH"},{"data":"Choke","floor":15,"key":"SMITH"}],"neow_cost":"NONE","seed_source_timestamp":58923900225100,"circlet_count":0,"master_deck":["AscendersBane","Defend_G","Defend_G","Defend_G+1","Defend_G+1","Defend_G","Strike_G","Strike_G","Survivor","Neutralize+1","Flying Knee+1","Deflect","Infinite Blades","Well Laid Plans+1","Choke+1","Calculated Gamble","Blur"],"relics":["Ring of the Snake","Gremlin Horn","War Paint","Potion Belt"],"potions_floor_usage":[7,11,13],"damage_taken":[{"damage":4,"enemies":"Jaw Worm","floor":1,"turns":9},{"damage":0,"enemies":"Small Slimes","floor":3,"turns":4},{"damage":0,"enemies":"2 Louse","floor":7,"turns":3},{"damage":2,"enemies":"Lots of Slimes","floor":11,"turns":4},{"damage":18,"enemies":"Lagavulin Event","floor":13,"turns":6},{"damage":1,"enemies":"Exordium Wildlife","floor":14,"turns":4},{"damage":29,"enemies":"Hexaghost","floor":16,"turns":16}],"seed_played":"-328111529840713065","potions_obtained":[{"floor":1,"key":"Poison Potion"},{"floor":7,"key":"Fruit Juice"},{"floor":11,"key":"AttackPotion"}],"is_trial":false,"path_per_floor":["M","$","M","?","?","R","M","R","T","R","M","$","?","M","R","B"],"character_chosen":"THE_SILENT","items_purchased":["Deflect"],"campfire_rested":0,"item_purchase_floors":[2],"current_hp_per_floor":[55,55,55,44,39,39,44,44,44,44,42,42,24,23,23,0],"gold":102,"neow_bonus":"REMOVE_CARD","is_prod":false,"is_daily":false,"chose_seed":false,"campfire_upgraded":4,"win_rate":0,"timestamp":1560791659,"path_taken":["M","$","M","?","?","R","M","R","T","R","M","$","?","M","R","BOSS"],"build_version":"2019-01-23","purchased_purges":2,"victory":false,"max_hp_per_floor":[66,66,66,66,66,66,71,71,71,71,71,71,71,71,71,71],"card_choices":[{"not_picked":["Concentrate","Quick Slash"],"picked":"Flying Knee","floor":1},{"not_picked":["Poisoned Stab","PiercingWail"],"picked":"Infinite Blades","floor":3},{"not_picked":["Masterful Stab","Slice"],"picked":"Well Laid Plans","floor":7},{"not_picked":["Blade Dance","Bouncing Flask"],"picked":"Choke","floor":11},{"not_picked":["Sucker Punch","Dagger Spray"],"picked":"Calculated Gamble","floor":13},{"not_picked":["Predator","Quick Slash"],"picked":"Blur","floor":14}],"player_experience":1401768,"relics_obtained":[{"floor":9,"key":"War Paint"}],"event_choices":[{"damage_healed":0,"gold_gain":75,"player_choice":"Gather Gold","damage_taken":11,"max_hp_gain":0,"max_hp_loss":0,"event_name":"World of Goop","floor":4,"gold_loss":0},{"damage_healed":0,"gold_gain":0,"player_choice":"Success","damage_taken":5,"relics_obtained":["Gremlin Horn"],"max_hp_gain":0,"max_hp_loss":0,"event_name":"Scrap Ooze","floor":5,"gold_loss":0},{"damage_healed":0,"gold_gain":0,"player_choice":"Searched \u00272\u0027 times","damage_taken":0,"relics_obtained":["Potion Belt"],"max_hp_gain":0,"max_hp_loss":0,"event_name":"Dead Adventurer","floor":13,"gold_loss":0}],"is_beta":false,"boss_relics":[],"items_purged_floors":[2,12],"is_endless":false,"potions_floor_spawned":[1,7,11],"killed_by":"Hexaghost","ascension_level":16}