{"gold_per_floor":[112,122,137,152,166,200,200,233,312,312,323,333,406,425,425,504,504,521,78,78,78,95,129,129,229,252,37,37,66,76,91,91,91],"floor_reached":33,"playtime":1178,"items_purged":["Strike_B"],"score":598,"play_id":"0af6d3ee-b6f3-4dc3-b06b-c33655c444a5","local_time":"20190526210534","is_ascension_mode":true,"campfire_choices":[{"data":"Streamline","floor":10.0,"key":"SMITH"},{"data":"Capacitor","floor":15.0,"key":"SMITH"},{"floor":24.0,"key":"REST"},{"data":"Defragment","floor":28.0,"key":"SMITH"},{"floor":32.0,"key":"REST"}],"neow_cost":"NONE","seed_source_timestamp":0,"circlet_count":0,"master_deck":["AscendersBane","Strike_B+1","Strike_B+1","Strike_B+1","Defend_B+1","Defend_B+1","Defend_B+1","Defend_B+1","Zap","Dualcast","Streamline+1","Rebound","Ball Lightning","BootSequence","Steam","Electrodynamics","Melter","Capacitor+1","Reinforced Body","Core Surge","Conserve Battery+1","Ball Lightning","Self Repair","Defragment+1","Ball Lightning","Hologram+1","Cold Snap","Recycle+1"],"special_seed":0,"relics":["Cracked Core","Boot","Shuriken","Question Card","Bottled Tornado","Philosopher\u0027s Stone","Toxic Egg 2","Calipers","Ginger","Ornamental Fan","Orichalcum","Lee\u0027s Waffle","Art of War"],"potions_floor_usage":[33,33],"damage_taken":[{"damage":8.0,"enemies":"2 Louse","floor":1.0,"turns":2.0},{"damage":1.0,"enemies":"Cultist","floor":2.0,"turns":3.0},{"damage":4.0,"enemies":"Jaw Worm","floor":3.0,"turns":3.0},{"damage":18.0,"enemies":"3 Louse","floor":4.0,"turns":4.0},{"damage":6.0,"enemies":"Looter","floor":5.0,"turns":2.0},{"damage":8.0,"enemies":"Gremlin Nob","floor":6.0,"turns":3.0},{"damage":19.0,"enemies":"3 Sentries","floor":8.0,"turns":6.0},{"damage":0.0,"enemies":"Blue Slaver","floor":11.0,"turns":3.0},{"damage":0.0,"enemies":"3 Louse","floor":12.0,"turns":2.0},{"damage":0.0,"enemies":"Large Slime","floor":14.0,"turns":3.0},{"damage":50.0,"enemies":"Hexaghost","floor":16.0,"turns":8.0},{"damage":22.0,"enemies":"2 Thieves","floor":18.0,"turns":3.0},{"damage":18.0,"enemies":"3 Byrds","floor":22.0,"turns":3.0},{"damage":13.0,"enemies":"Gremlin Leader","floor":23.0,"turns":5.0},{"damage":28.0,"enemies":"Colosseum Slavers","floor":25.0,"turns":3.0},{"damage":4.0,"enemies":"Colosseum Nobs","floor":25.0,"turns":4.0},{"damage":49.0,"enemies":"Book of Stabbing","floor":29.0,"turns":5.0},{"damage":4.0,"enemies":"Snecko","floor":30.0,"turns":5.0},{"damage":4.0,"enemies":"Centurion and Healer","floor":31.0,"turns":4.0},{"damage":88,"enemies":"Champ","floor":33,"turns":8}],"seed_played":"6395734545572920072","potions_obtained":[{"floor":3.0,"key":"SmokeBomb"},{"floor":4.0,"key":"EssenceOfSteel"},{"floor":5.0,"key":"SteroidPotion"},{"floor":11.0,"key":"SkillPotion"},{"floor":23.0,"key":"FearPotion"},{"floor":25.0,"key":"Weak Potion"},{"floor":29.0,"key":"Fire Potion"},{"floor":30.0,"key":"Swift Potion"}],"is_trial":false,"path_per_floor":["M","M","M","M","M","E","?","E","T","R","M","M","?","M","R","B",null,"M","$","?","?","M","E","R","?","T","$","R","E","M","M","R","B"],"character_chosen":"DEFECT","items_purchased":["Toxic Egg 2","Ball Lightning","Self Repair","Lee\u0027s Waffle"],"campfire_rested":2,"item_purchase_floors":[19,19,19,27],"current_hp_per_floor":[56,55,51,33,27,19,71,52,52,52,52,52,52,52,52,2,54,32,32,32,46,28,22,43,25,25,78,78,36,32,35,58,0],"gold":91,"neow_bonus":"RANDOM_COMMON_RELIC","is_prod":false,"is_daily":false,"chose_seed":false,"campfire_upgraded":3,"win_rate":0,"timestamp":1558897534,"path_taken":["M","M","M","M","M","E","?","E","T","R","M","?","?","M","R","BOSS","M","$","?","?","M","E","R","?","T","$","R","E","M","M","R","BOSS"],"build_version":"2019-01-23","purchased_purges":1,"victory":false,"max_hp_per_floor":[71,71,71,71,71,71,71,71,71,71,71,71,71,71,71,71,71,71,71,71,71,71,71,71,71,71,78,78,78,78,78,78,78],"card_choices":[{"not_picked":["Hello World","FTL"],"picked":"Streamline","floor":1.0},{"not_picked":["Hologram","Chill"],"picked":"Rebound","floor":2.0},{"not_picked":["Compile Driver","Lockon"],"picked":"Chaos","floor":3.0},{"not_picked":["Turbo","Sweeping Beam"],"picked":"Ball Lightning","floor":4.0},{"not_picked":["Force Field","Barrage"],"picked":"BootSequence","floor":5.0},{"not_picked":["Doom and Gloom","Static Discharge"],"picked":"Steam","floor":6.0},{"not_picked":["Recycle","Stack"],"picked":"Electrodynamics","floor":8.0},{"not_picked":["Conserve Battery","Blizzard","Reprogram"],"picked":"Melter","floor":11.0},{"not_picked":["Blizzard","Coolheaded","Double Energy"],"picked":"Capacitor","floor":12.0},{"not_picked":["Beam Cell","Streamline","Coolheaded"],"picked":"Reinforced Body","floor":14.0},{"not_picked":["Creative AI","Electrodynamics","Thunder Strike"],"picked":"Core Surge","floor":16.0},{"not_picked":["Undo","Scrape","Barrage"],"picked":"Conserve Battery+1","floor":18.0},{"not_picked":["BootSequence+1","Leap+1","Compile Driver+1"],"picked":"Defragment","floor":22.0},{"not_picked":["Turbo+1","Darkness+1","Stack+1"],"picked":"Ball Lightning","floor":23.0},{"not_picked":["BootSequence+1","Electrodynamics","Stack+1"],"picked":"Hologram+1","floor":29.0},{"not_picked":["Self Repair","Turbo+1","Stack+1"],"picked":"Cold Snap","floor":30.0},{"not_picked":["Storm","Sunder","Steam+1"],"picked":"Recycle+1","floor":31.0}],"player_experience":798084,"relics_obtained":[{"floor":6.0,"key":"Shuriken"},{"floor":8.0,"key":"Question Card"},{"floor":9.0,"key":"Bottled Tornado"},{"floor":23.0,"key":"Calipers"},{"floor":25.0,"key":"Ginger"},{"floor":25.0,"key":"Ornamental Fan"},{"floor":26.0,"key":"Orichalcum"},{"floor":29.0,"key":"Art of War"}],"event_choices":[{"cards_removed":["Chaos"],"damage_healed":52.0,"max_hp_gain":0.0,"max_hp_loss":0.0,"gold_gain":0.0,"event_name":"Bonfire Elementals","player_choice":"Offered Uncommon","floor":7.0,"gold_loss":0.0,"damage_taken":0.0},{"damage_healed":0.0,"max_hp_gain":0.0,"max_hp_loss":0.0,"gold_gain":73.0,"event_name":"Golden Wing","player_choice":"Gained Gold","floor":13.0,"gold_loss":0.0,"damage_taken":0.0},{"damage_healed":0.0,"max_hp_gain":0.0,"max_hp_loss":0.0,"gold_gain":0.0,"event_name":"Back to Basics","player_choice":"Simplicity","floor":20.0,"gold_loss":0.0,"damage_taken":0.0,"cards_upgraded":["Strike_B","Strike_B","Strike_B","Defend_B","Defend_B","Defend_B","Defend_B"]},{"damage_healed":14.0,"max_hp_gain":0.0,"max_hp_loss":0.0,"gold_gain":0.0,"event_name":"The Library","player_choice":"Heal","floor":21.0,"gold_loss":0.0,"damage_taken":0.0},{"damage_healed":0.0,"max_hp_gain":0.0,"max_hp_loss":0.0,"gold_gain":0.0,"event_name":"Colosseum","player_choice":"Fight","floor":25.0,"gold_loss":0.0,"damage_taken":0.0},{"damage_healed":0.0,"max_hp_gain":0.0,"max_hp_loss":0.0,"gold_gain":0.0,"event_name":"Colosseum","player_choice":"Fought Nobs","floor":25.0,"gold_loss":0.0,"damage_taken":0.0}],"is_beta":false,"boss_relics":[{"not_picked":["Tiny House","Pandora\u0027s Box"],"picked":"Philosopher\u0027s Stone"}],"items_purged_floors":[19],"is_endless":false,"potions_floor_spawned":[3,4,5,11,23,25,29,30],"killed_by":"Champ","ascension_level":20}