{"gold_per_floor":[115,115,125,52,2,2,29,29,83,83,8,8,37,37,37,116,116,132,142,159,170,8,8,36,36,112,37,37,37,52,70,70,145,145,159,159,159,159,172,207,207,217,217,217,13,313,340,357,357,357],"floor_reached":51,"playtime":6170,"items_purged":["Strike_G"],"score":1264,"play_id":"4fc2d4d1-c1a6-4f2d-a266-3861debb36d5","local_time":"20190402002324","is_ascension_mode":true,"campfire_choices":[{"data":"Skewer","floor":6.0,"key":"SMITH"},{"data":"Crippling Poison","floor":8.0,"key":"SMITH"},{"data":"Predator","floor":10.0,"key":"SMITH"},{"floor":15.0,"key":"REST"},{"data":"Apotheosis","floor":23.0,"key":"SMITH"},{"data":"1","floor":25.0,"key":"LIFT"},{"floor":32.0,"key":"REST"},{"data":"2","floor":41,"key":"LIFT"},{"data":"3","floor":44,"key":"LIFT"},{"floor":49,"key":"REST"}],"neow_cost":"NONE","seed_source_timestamp":0,"circlet_count":0,"master_deck":["AscendersBane","Survivor","Neutralize+1","Calculated Gamble","Predator+1","Skewer+1","Crippling Poison+1","Dash","Burst","Dodge and Roll","Backflip","Night Terror","Terror","Wraith Form v2","Endless Agony","Bullet Time","Bouncing Flask+1","Well Laid Plans","Choke","Expertise","Apotheosis+1","Glass Knife","RitualDagger","PiercingWail+1","A Thousand Cuts","Finesse","Jack Of All Trades","Catalyst","Acrobatics+1","Footwork","Footwork","Envenom","A Thousand Cuts","Finisher"],"special_seed":0,"relics":["Ring of the Snake","Calipers","Anchor","Vajra","Pantograph","Nunchaku","Pandora\u0027s Box","Girya","Matryoshka","Runic Pyramid","Mango","Orichalcum","The Courier","Bag of Marbles"],"potions_floor_usage":[35,39,50,50],"damage_taken":[{"damage":0.0,"enemies":"Jaw Worm","floor":1.0,"turns":6.0},{"damage":0.0,"enemies":"Cultist","floor":3.0,"turns":4.0},{"damage":42.0,"enemies":"Gremlin Nob","floor":7.0,"turns":5.0},{"damage":4.0,"enemies":"3 Sentries","floor":13.0,"turns":4.0},{"damage":23.0,"enemies":"Slime Boss","floor":16.0,"turns":10.0},{"damage":0.0,"enemies":"Spheric Guardian","floor":18.0,"turns":3.0},{"damage":7.0,"enemies":"2 Thieves","floor":19.0,"turns":3.0},{"damage":2.0,"enemies":"Snecko","floor":20.0,"turns":3.0},{"damage":0.0,"enemies":"Shelled Parasite and Fungi","floor":21.0,"turns":2.0},{"damage":2.0,"enemies":"Slavers","floor":24.0,"turns":4.0},{"damage":12.0,"enemies":"Centurion and Healer","floor":30.0,"turns":4.0},{"damage":0.0,"enemies":"Snake Plant","floor":31.0,"turns":3.0},{"damage":37.0,"enemies":"Champ","floor":33.0,"turns":11.0},{"damage":0,"enemies":"Orb Walker","floor":35,"turns":2},{"damage":16,"enemies":"3 Darklings","floor":39,"turns":5},{"damage":0,"enemies":"Giant Head","floor":40,"turns":8},{"damage":9,"enemies":"Spire Growth","floor":42,"turns":6},{"damage":20,"enemies":"Nemesis","floor":47,"turns":7},{"damage":0,"enemies":"4 Shapes","floor":48,"turns":3},{"damage":67,"enemies":"Time Eater","floor":50,"turns":12}],"seed_played":"-3165682889804425019","potions_obtained":[{"floor":0.0,"key":"Explosive Potion"},{"floor":0.0,"key":"Regen Potion"},{"floor":7.0,"key":"GhostInAJar"},{"floor":16.0,"key":"Strength Potion"},{"floor":21.0,"key":"GhostInAJar"},{"floor":24.0,"key":"Fruit Juice"},{"floor":30.0,"key":"Energy Potion"},{"floor":33.0,"key":"Regen Potion"},{"floor":35,"key":"SkillPotion"},{"floor":42,"key":"LiquidBronze"},{"floor":47,"key":"EssenceOfSteel"}],"is_trial":false,"path_per_floor":["M","?","M","$","?","R","E","R","T","R","$","?","E","T","R","B",null,"M","M","M","M","$","R","E","R","T","?","?","?","M","M","R","B",null,"M","?","?","$","M","E","R","M","T","R","$","?","E","M","R","B",null],"character_chosen":"THE_SILENT","items_purchased":["Skewer","Apotheosis","Footwork","Envenom","SpeedPotion"],"campfire_rested":3,"item_purchase_floors":[4,22,45,45,45],"current_hp_per_floor":[59,59,59,59,59,59,29,29,29,29,29,17,13,13,32,34,58,58,51,49,49,49,49,52,52,52,52,46,46,34,34,55,34,62,71,66,66,66,50,64,64,55,55,55,55,55,35,35,60,18],"gold":357,"neow_bonus":"THREE_SMALL_POTIONS","is_prod":false,"is_daily":false,"chose_seed":false,"campfire_upgraded":4,"win_rate":0,"timestamp":1554157404,"path_taken":["M","?","?","$","?","R","E","R","T","R","$","?","E","?","R","BOSS","M","M","M","M","$","R","E","R","T","?","?","?","?","M","R","BOSS","M","?","?","$","M","E","R","M","T","R","$","?","E","M","R","BOSS"],"build_version":"2019-01-23","purchased_purges":1,"victory":true,"max_hp_per_floor":[66,66,66,66,66,66,66,66,66,66,66,66,66,66,66,66,66,66,66,66,66,66,66,71,71,71,71,71,71,71,71,71,71,71,71,71,71,71,71,85,85,85,85,85,85,85,85,85,85,85],"card_choices":[{"not_picked":["Deadly Poison","Underhanded Strike"],"picked":"Calculated Gamble","floor":1.0},{"not_picked":["Deflect","Dagger Spray"],"picked":"Predator","floor":3.0},{"not_picked":["Heel Hook","Quick Slash"],"picked":"Crippling Poison","floor":7.0},{"not_picked":["Doppelganger","Prepared"],"picked":"Dash","floor":13.0},{"not_picked":["Tools of the Trade","Night Terror"],"picked":"Burst","floor":16.0},{"not_picked":["Poisoned Stab+1","Reflex"],"picked":"Bouncing Flask+1","floor":18.0},{"not_picked":["PiercingWail","Setup"],"picked":"Well Laid Plans","floor":19.0},{"not_picked":["Skewer","Underhanded Strike"],"picked":"Choke","floor":20.0},{"not_picked":["Dash","Poisoned Stab"],"picked":"Expertise","floor":21.0},{"not_picked":["Noxious Fumes","Eviscerate"],"picked":"Glass Knife","floor":24.0},{"not_picked":["Dagger Throw","Deadly Poison"],"picked":"PiercingWail+1","floor":30.0},{"not_picked":["Dagger Spray+1","Predator"],"picked":"Endless Agony","floor":31.0},{"not_picked":["Unload","Night Terror"],"picked":"A Thousand Cuts","floor":33.0},{"not_picked":["Bane","Poisoned Stab","Caltrops"],"picked":"SKIP","floor":35},{"not_picked":["Dramatic Entrance","Blind"],"picked":"Finesse","floor":36},{"not_picked":["HandOfGreed","Blind"],"picked":"Jack Of All Trades","floor":36},{"not_picked":["Deadly Poison","Flying Knee"],"picked":"Catalyst","floor":39},{"not_picked":["Flying Knee","Deflect"],"picked":"Acrobatics+1","floor":40},{"not_picked":["Cloak And Dagger","PiercingWail"],"picked":"Footwork","floor":42},{"not_picked":["Dodge and Roll","Quick Slash"],"picked":"A Thousand Cuts","floor":47},{"not_picked":["Deadly Poison","Slice"],"picked":"Finisher","floor":48}],"player_experience":1031890,"relics_obtained":[{"floor":7.0,"key":"Calipers"},{"floor":9.0,"key":"Anchor"},{"floor":13.0,"key":"Pantograph"},{"floor":14.0,"key":"Nunchaku"},{"floor":24.0,"key":"Girya"},{"floor":26.0,"key":"Matryoshka"},{"floor":40,"key":"Mango"},{"floor":43,"key":"Orichalcum"},{"floor":43,"key":"The Courier"},{"floor":47,"key":"Bag of Marbles"}],"event_choices":[{"damage_healed":0.0,"max_hp_gain":0.0,"max_hp_loss":0.0,"gold_gain":0.0,"event_name":"Accursed Blacksmith","player_choice":"Forge","floor":2.0,"gold_loss":0.0,"damage_taken":0.0,"cards_upgraded":["Neutralize"]},{"cards_removed":["Strike_G"],"damage_healed":0.0,"max_hp_gain":0.0,"max_hp_loss":0.0,"gold_gain":0.0,"event_name":"The Cleric","player_choice":"Card Removal","floor":5.0,"gold_loss":50.0,"damage_taken":0.0},{"damage_healed":0.0,"max_hp_gain":0.0,"max_hp_loss":0.0,"gold_gain":0.0,"event_name":"Scrap Ooze","player_choice":"Success","floor":12.0,"gold_loss":0.0,"damage_taken":12.0,"relics_obtained":["Vajra"]},{"cards_removed":["Crippling Poison"],"damage_healed":0.0,"max_hp_gain":0.0,"max_hp_loss":0.0,"gold_gain":0.0,"event_name":"Beggar","player_choice":"Gave Gold","floor":27.0,"gold_loss":75.0,"damage_taken":0.0},{"damage_healed":0.0,"max_hp_gain":0.0,"max_hp_loss":0.0,"gold_gain":0.0,"event_name":"Nest","player_choice":"Joined the Cult","floor":28.0,"gold_loss":0.0,"damage_taken":6.0,"cards_obtained":["RitualDagger"]},{"damage_healed":0.0,"max_hp_gain":0.0,"max_hp_loss":0.0,"gold_gain":0.0,"event_name":"Ghosts","player_choice":"Ignored","floor":29.0,"gold_loss":0.0,"damage_taken":0.0},{"damage_healed":0,"gold_gain":0,"player_choice":"Memory 2","damage_taken":5,"max_hp_gain":0,"max_hp_loss":0,"event_name":"SensoryStone","floor":36,"gold_loss":0},{"cards_removed":["Endless Agony"],"damage_healed":0,"gold_gain":0,"player_choice":"Removed Attack","damage_taken":0,"max_hp_gain":0,"max_hp_loss":0,"event_name":"Falling","floor":37,"gold_loss":0},{"damage_healed":0,"gold_gain":300,"player_choice":"Gold","damage_taken":0,"max_hp_gain":0,"max_hp_loss":0,"event_name":"Wheel of Change","floor":46,"gold_loss":0}],"is_beta":false,"boss_relics":[{"not_picked":["Busted Crown","Velvet Choker"],"picked":"Pandora\u0027s Box"},{"not_picked":["Calling Bell","Coffee Dripper"],"picked":"Runic Pyramid"}],"items_purged_floors":[11],"is_endless":false,"potions_floor_spawned":[3,7,16,21,24,30,33,35,42,47],"ascension_level":14}