{"gold_per_floor":[119,119,138,138,158,183,203,228,228,228,242,242,4,17,17,17],"floor_reached":16,"playtime":633,"items_purged":[],"score":146,"play_id":"ca0aec40-b90f-4fef-aa57-9de42225a3a0","local_time":"20190723210532","is_ascension_mode":true,"campfire_choices":[{"floor":12,"key":"REST"},{"floor":15,"key":"REST"}],"neow_cost":"NONE","seed_source_timestamp":1201295553220888,"circlet_count":0,"master_deck":["Strike_R","Strike_R","Strike_R","Strike_R","Strike_R","Defend_R","Defend_R","Defend_R","Defend_R","Bash","Pommel Strike","Decay","Metallicize","Pummel","Feed","Cleave","Shrug It Off+1","Heavy Blade"],"relics":["Burning Blood","NeowsBlessing","Anchor","Mummified Hand","Toxic Egg 2","Sling"],"potions_floor_usage":[6,7,8,8,8,10,16,16],"damage_taken":[{"damage":0,"enemies":"2 Louse","floor":1,"turns":1},{"damage":0,"enemies":"Cultist","floor":3,"turns":1},{"damage":0,"enemies":"Jaw Worm","floor":5,"turns":1},{"damage":40,"enemies":"Lagavulin","floor":6,"turns":6},{"damage":1,"enemies":"Looter","floor":7,"turns":2},{"damage":20,"enemies":"Gremlin Nob","floor":8,"turns":4},{"damage":34,"enemies":"3 Sentries","floor":10,"turns":5},{"damage":16,"enemies":"Lots of Slimes","floor":11,"turns":7},{"damage":8,"enemies":"Exordium Wildlife","floor":14,"turns":4},{"damage":65,"enemies":"Slime Boss","floor":16,"turns":11}],"seed_played":"-7524564671612529579","potions_obtained":[{"floor":4,"key":"SkillPotion"},{"floor":4,"key":"Regen Potion"},{"floor":4,"key":"EntropicBrew"},{"floor":11,"key":"AttackPotion"},{"floor":14,"key":"Block Potion"}],"is_trial":false,"path_per_floor":["M","?","M","?","M","E","M","E","T","E","M","R","$","M","R","B"],"character_chosen":"IRONCLAD","items_purchased":["Sling","Shrug It Off+1"],"campfire_rested":2,"item_purchase_floors":[13,13],"current_hp_per_floor":[80,80,80,80,80,46,59,45,45,17,10,35,35,36,62,0],"gold":17,"neow_bonus":"THREE_ENEMY_KILL","is_prod":false,"is_daily":false,"chose_seed":false,"campfire_upgraded":0,"win_rate":0,"timestamp":1563930332,"path_taken":["M","?","?","?","?","E","M","E","T","E","M","R","?","M","R","BOSS"],"build_version":"2019-07-17","purchased_purges":0,"victory":false,"max_hp_per_floor":[80,80,80,80,80,80,83,83,83,83,86,86,86,89,89,89],"card_choices":[{"not_picked":["Heavy Blade","Thunderclap"],"picked":"Pommel Strike","floor":1},{"not_picked":["Clothesline","Twin Strike"],"picked":"Metallicize","floor":3},{"not_picked":["Twin Strike","Pommel Strike"],"picked":"Pummel","floor":5},{"not_picked":["Havoc","Searing Blow"],"picked":"Feed","floor":6},{"not_picked":["Twin Strike","Perfected Strike","Bloodletting"],"picked":"SKIP","floor":7},{"not_picked":["Entrench","Infernal Blade","Wild Strike"],"picked":"SKIP","floor":8},{"not_picked":["Thunderclap","Clothesline"],"picked":"Cleave","floor":11},{"not_picked":["Body Slam","Clothesline"],"picked":"Heavy Blade","floor":14}],"player_experience":302866,"relics_obtained":[{"floor":6,"key":"Anchor"},{"floor":8,"key":"Mummified Hand"},{"floor":9,"key":"Toxic Egg 2"}],"event_choices":[{"damage_healed":0,"gold_gain":0,"player_choice":"Cursed","damage_taken":0,"max_hp_gain":0,"max_hp_loss":0,"event_name":"Wheel of Change","floor":2,"gold_loss":0,"cards_obtained":["Decay"]},{"damage_healed":0,"gold_gain":0,"player_choice":"Got Potions","damage_taken":0,"max_hp_gain":0,"max_hp_loss":0,"event_name":"Lab","floor":4,"gold_loss":0}],"is_beta":false,"boss_relics":[],"items_purged_floors":[],"is_endless":false,"potions_floor_spawned":[5,11,14],"killed_by":"Slime Boss","ascension_level":4}