{"gold_per_floor":[115,115,115,115,115,115,159,177,200,214,214,364,17,57,69,170,182,212,197,234,246,258],"floor_reached":22,"playtime":647,"items_purged":["Doubt"],"score":401,"play_id":"aff9476a-bb3e-4e33-906f-64a60814477a","local_time":"20190718203349","is_ascension_mode":true,"campfire_choices":[{"data":"Armaments","floor":6.0,"key":"SMITH"},{"data":"Bash","floor":11.0,"key":"SMITH"},{"data":"Spot Weakness","floor":15.0,"key":"SMITH"}],"neow_cost":"NONE","seed_source_timestamp":0,"circlet_count":0,"master_deck":["AscendersBane","Strike_R","Strike_R","Defend_R","Defend_R","Defend_R","Defend_R","Bash+1","Armaments+1","Injury","Shrug It Off","Rampage","Corruption","Double Tap","Spot Weakness+1","Bludgeon","Inflame+1","Reckless Charge+1","Twin Strike+1","Clothesline+1","Thunderclap","True Grit"],"special_seed":0,"relics":["Burning Blood","NeowsBlessing","Strawberry","Golden Idol","Magic Flower","Art of War","Orichalcum","Membership Card","MawBank","Astrolabe"],"potions_floor_usage":[],"damage_taken":[{"damage":0.0,"enemies":"2 Louse","floor":1.0,"turns":1.0},{"damage":0.0,"enemies":"3 Sentries","floor":7.0,"turns":2.0},{"damage":0.0,"enemies":"Small Slimes","floor":8.0,"turns":1.0},{"damage":1.0,"enemies":"Cultist","floor":10.0,"turns":3.0},{"damage":29.0,"enemies":"Lagavulin","floor":14.0,"turns":8.0},{"damage":21.0,"enemies":"The Guardian","floor":16.0,"turns":8.0},{"damage":34.0,"enemies":"3 Byrds","floor":18.0,"turns":7.0},{"damage":20,"enemies":"2 Thieves","floor":19,"turns":4},{"damage":3,"enemies":"Snecko","floor":20,"turns":4},{"damage":37,"enemies":"Shelled Parasite and Fungi","floor":22,"turns":3}],"seed_played":"-8244599338925816052","potions_obtained":[{"floor":10.0,"key":"SpeedPotion"},{"floor":14.0,"key":"PowerPotion"},{"floor":16.0,"key":"Block Potion"},{"floor":19,"key":"Fire Potion"},{"floor":20,"key":"SteroidPotion"}],"is_trial":false,"path_per_floor":["M","?","?","?","T","R","E","M","T","M","R","?","$","E","R","B",null,"M","M","M","?","M"],"character_chosen":"IRONCLAD","items_purchased":["Membership Card","Double Tap"],"campfire_rested":0,"item_purchase_floors":[13,13],"current_hp_per_floor":[74,79,68,68,68,68,77,86,86,87,87,87,87,67,67,55,79,54,43,49,36,0],"gold":258,"neow_bonus":"THREE_ENEMY_KILL","is_prod":false,"is_daily":false,"chose_seed":false,"campfire_upgraded":3,"win_rate":0,"timestamp":1563474829,"path_taken":["M","?","?","?","?","R","E","M","T","?","R","?","$","E","R","BOSS","M","M","M","?","?"],"build_version":"2019-07-17","purchased_purges":1,"victory":false,"max_hp_per_floor":[75,80,87,87,87,87,87,87,87,87,87,87,87,87,87,87,87,87,87,87,87,87],"card_choices":[{"not_picked":["Heavy Blade","Havoc"],"picked":"Armaments","floor":1.0},{"not_picked":["Inflame","Entrench"],"picked":"Shrug It Off","floor":7.0},{"not_picked":["Dropkick","Blood for Blood"],"picked":"Rampage","floor":8.0},{"not_picked":["Reckless Charge","Carnage"],"picked":"Corruption","floor":10.0},{"not_picked":["Evolve","Reaper"],"picked":"Spot Weakness","floor":14.0},{"not_picked":["Reaper","Demon Form"],"picked":"Bludgeon","floor":16.0},{"not_picked":["Pommel Strike","Twin Strike"],"picked":"Clothesline+1","floor":18.0},{"not_picked":["Evolve","Twin Strike"],"picked":"Thunderclap","floor":19},{"not_picked":["Reckless Charge","Carnage"],"picked":"True Grit","floor":20}],"player_experience":1673490,"relics_obtained":[{"floor":5.0,"key":"Magic Flower"},{"floor":7.0,"key":"Art of War"},{"floor":9.0,"key":"Orichalcum"},{"floor":14.0,"key":"MawBank"}],"event_choices":[{"damage_healed":0.0,"max_hp_gain":5.0,"max_hp_loss":0.0,"gold_gain":0.0,"event_name":"Big Fish","player_choice":"Donut","floor":2.0,"gold_loss":0.0,"damage_taken":0.0},{"damage_healed":0.0,"max_hp_gain":0.0,"max_hp_loss":0.0,"gold_gain":0.0,"event_name":"Scrap Ooze","player_choice":"Success","floor":3.0,"gold_loss":0.0,"damage_taken":18.0,"relics_obtained":["Strawberry"]},{"damage_healed":0.0,"max_hp_gain":0.0,"max_hp_loss":0.0,"gold_gain":0.0,"event_name":"Golden Idol","player_choice":"Take Wound","floor":4.0,"gold_loss":0.0,"damage_taken":0.0,"relics_obtained":["Golden Idol"],"cards_obtained":["Injury"]},{"damage_healed":0.0,"max_hp_gain":0.0,"max_hp_loss":0.0,"gold_gain":150.0,"event_name":"Liars Game","player_choice":"AGREE","floor":12.0,"gold_loss":0.0,"damage_taken":0.0,"cards_obtained":["Doubt"]},{"damage_healed":0,"gold_gain":0,"player_choice":"Damaged","damage_taken":13,"max_hp_gain":0,"max_hp_loss":0,"event_name":"Wheel of Change","floor":21,"gold_loss":0}],"is_beta":false,"boss_relics":[{"not_picked":["Empty Cage","Snecko Eye"],"picked":"Astrolabe"}],"items_purged_floors":[13],"is_endless":false,"potions_floor_spawned":[10,14,16,19,20],"killed_by":"Shelled Parasite and Fungi","ascension_level":17}