{"gold_per_floor":[117,16,34,53,28,28,47,47,47,58,58,74,87,107,107,107],"floor_reached":16,"playtime":709,"items_purged":[],"score":186,"play_id":"ca7679c7-a4ca-4592-bccc-48fbd0f091e3","local_time":"20190821121227","is_ascension_mode":true,"campfire_choices":[{"floor":8,"key":"REST"},{"floor":11,"key":"REST"},{"data":"Sunder","floor":15,"key":"SMITH"}],"neow_cost":"NONE","seed_source_timestamp":630450532925700,"circlet_count":0,"master_deck":["AscendersBane","Strike_B","Strike_B","Strike_B","Strike_B","Defend_B","Defend_B","Defend_B","Defend_B","Zap","Dualcast","Buffer","Gash","Sunder+1","Hologram","Double Energy","Go for the Eyes","Gash","Leap","Ball Lightning","Undo","Defragment","Compile Driver"],"relics":["Cracked Core","StoneCalendar"],"potions_floor_usage":[13,16],"damage_taken":[{"damage":6,"enemies":"Cultist","floor":1,"turns":5},{"damage":5,"enemies":"Small Slimes","floor":3,"turns":4},{"damage":12,"enemies":"Jaw Worm","floor":4,"turns":2},{"damage":22,"enemies":"Exordium Thugs","floor":5,"turns":4},{"damage":11,"enemies":"Exordium Wildlife","floor":7,"turns":6},{"damage":14,"enemies":"Large Slime","floor":10,"turns":5},{"damage":0,"enemies":"3 Louse","floor":12,"turns":3},{"damage":11,"enemies":"Exordium Thugs","floor":13,"turns":5},{"damage":8,"enemies":"Large Slime","floor":14,"turns":4},{"damage":33,"enemies":"The Guardian","floor":16,"turns":2}],"seed_played":"-3576769465310584414","potions_obtained":[{"floor":4,"key":"Energy Potion"},{"floor":5,"key":"FearPotion"},{"floor":7,"key":"Regen Potion"}],"is_trial":false,"path_per_floor":["M","$","M","M","M","$","M","R","T","M","R","M","M","M","R","B"],"character_chosen":"DEFECT","items_purchased":["Sunder","Hologram"],"campfire_rested":2,"item_purchase_floors":[2,2],"current_hp_per_floor":[58,58,53,41,19,19,8,29,29,15,36,36,39,31,31,0],"gold":107,"neow_bonus":"ONE_RANDOM_RARE_CARD","is_prod":false,"is_daily":false,"chose_seed":false,"campfire_upgraded":1,"win_rate":0,"timestamp":1566382347,"path_taken":["M","?","?","M","M","$","M","R","T","M","R","M","M","M","R","BOSS"],"build_version":"2019-07-17","purchased_purges":0,"victory":false,"max_hp_per_floor":[71,71,71,71,71,71,71,71,71,71,71,71,71,71,71,71],"card_choices":[{"not_picked":["Ball Lightning","Cold Snap"],"picked":"Gash","floor":1},{"not_picked":["Rebound","Scrape"],"picked":"Double Energy","floor":3},{"not_picked":["Rebound","Double Energy"],"picked":"Go for the Eyes","floor":4},{"not_picked":["Streamline","Reprogram"],"picked":"Gash","floor":5},{"not_picked":["Sweeping Beam","Loop"],"picked":"Leap","floor":7},{"not_picked":["Leap","Redo"],"picked":"Ball Lightning","floor":10},{"not_picked":["Stack","Compile Driver"],"picked":"Undo","floor":12},{"not_picked":["Cold Snap","Steam Power"],"picked":"Defragment","floor":13},{"not_picked":["Tempest","Barrage"],"picked":"Compile Driver","floor":14}],"player_experience":1932155,"relics_obtained":[{"floor":9,"key":"StoneCalendar"}],"event_choices":[],"is_beta":false,"boss_relics":[],"items_purged_floors":[],"is_endless":false,"potions_floor_spawned":[4,5,7,10],"killed_by":"The Guardian","ascension_level":18}