{"gold_per_floor":[113,131,131,149,160,160,195,195,195,195,120,120,120,132,132,132],"floor_reached":16,"playtime":1652,"items_purged":[],"score":190,"play_id":"1510db1b-a3b1-49b6-8cf0-7075d4ac479b","local_time":"20190813024733","is_ascension_mode":true,"campfire_choices":[{"data":"True Grit","floor":6,"key":"SMITH"},{"data":"Body Slam","floor":8,"key":"SMITH"},{"data":"Second Wind","floor":10,"key":"SMITH"},{"floor":12,"key":"REST"},{"data":"Inflame","floor":15,"key":"SMITH"}],"neow_cost":"NONE","seed_source_timestamp":898368748475000,"circlet_count":0,"master_deck":["AscendersBane","Strike_R","Strike_R","Strike_R","Defend_R","Defend_R","Defend_R","Defend_R","Bash","Shrug It Off","Twin Strike","Body Slam+1","Inflame+1","True Grit+1","Second Wind+1","Flex"],"relics":["Burning Blood","Bronze Scales","Molten Egg 2"],"potions_floor_usage":[7],"damage_taken":[{"damage":9,"enemies":"Cultist","floor":1,"turns":5},{"damage":14,"enemies":"Jaw Worm","floor":2,"turns":5},{"damage":5,"enemies":"2 Louse","floor":4,"turns":3},{"damage":12,"enemies":"2 Fungi Beasts","floor":5,"turns":4},{"damage":62,"enemies":"3 Sentries","floor":7,"turns":12},{"damage":6,"enemies":"Blue Slaver","floor":14,"turns":3},{"damage":67,"enemies":"Slime Boss","floor":16,"turns":7}],"seed_played":"8499957087202665284","potions_obtained":[{"floor":1,"key":"BloodPotion"},{"floor":2,"key":"LiquidBronze"},{"floor":7,"key":"Poison Potion"}],"is_trial":false,"path_per_floor":["M","M","$","M","M","R","E","R","T","R","?","R","?","M","R","B"],"character_chosen":"IRONCLAD","items_purchased":[],"campfire_rested":1,"item_purchase_floors":[],"current_hp_per_floor":[65,57,57,58,52,52,14,14,14,14,14,36,61,61,61,0],"gold":132,"neow_bonus":"TRANSFORM_CARD","is_prod":false,"is_daily":false,"chose_seed":false,"campfire_upgraded":4,"win_rate":0,"timestamp":1565657253,"path_taken":["M","M","?","M","M","R","E","R","T","R","?","R","?","M","R","BOSS"],"build_version":"2019-07-17","purchased_purges":0,"victory":false,"max_hp_per_floor":[75,75,75,75,75,75,75,75,75,75,75,75,75,75,75,75],"card_choices":[{"not_picked":["Blood for Blood","Sword Boomerang"],"picked":"Twin Strike","floor":1},{"not_picked":["Rage","Sever Soul"],"picked":"Body Slam","floor":2},{"not_picked":["Thunderclap","Wild Strike"],"picked":"Inflame","floor":4},{"not_picked":["Heavy Blade","Pommel Strike"],"picked":"True Grit","floor":5},{"not_picked":["Thunderclap","Dark Embrace"],"picked":"Second Wind","floor":7},{"not_picked":["Havoc","Second Wind"],"picked":"Flex","floor":14}],"player_experience":1863979,"relics_obtained":[{"floor":7,"key":"Bronze Scales"},{"floor":9,"key":"Molten Egg 2"}],"event_choices":[{"cards_removed":["Strike_R"],"damage_healed":0,"gold_gain":0,"player_choice":"Card Removal","damage_taken":0,"max_hp_gain":0,"max_hp_loss":0,"event_name":"The Cleric","floor":11,"gold_loss":75},{"damage_healed":25,"gold_gain":0,"player_choice":"Banana","damage_taken":0,"max_hp_gain":0,"max_hp_loss":0,"event_name":"Big Fish","floor":13,"gold_loss":0}],"is_beta":false,"boss_relics":[],"items_purged_floors":[],"is_endless":false,"potions_floor_spawned":[1,2,7],"killed_by":"Slime Boss","ascension_level":18}