{"gold_per_floor":[215,165,165,17,37,37,47,47,47,74,94,94,111,140,140,211,211,225,225,208,208,155,155,165,165,165,182,34,0,0,16,16,16],"floor_reached":33,"playtime":1757,"items_purged":[],"score":434,"play_id":"c10850fa-343f-45b8-9c49-7f7f49a0f248","local_time":"20180924194206","is_ascension_mode":true,"campfire_choices":[{"data":"Dualcast","floor":6,"key":"SMITH"},{"data":"Loop","floor":12,"key":"SMITH"},{"data":"Consume","floor":15,"key":"SMITH"},{"data":"Coolheaded","floor":23,"key":"SMITH"},{"data":"Self Repair","floor":25,"key":"SMITH"},{"floor":32,"key":"REST"}],"neow_cost":"NONE","seed_source_timestamp":58797884601485,"circlet_count":0,"master_deck":["Defend_B","Defend_B","Defend_B","Defend_B","Zap+1","Dualcast+1","AscendersBane","Ball Lightning","Steam","Consume+1","Undo","Loop+1","Self Repair+1","Coolheaded+1","Core Surge","Turbo+1","Amplify+1","Streamline+1","Leap+1","Gash+1","Cold Snap","Gash","Go for the Eyes+1","Thunder Strike+1","FTL+1"],"relics":["Cracked Core","Juzu Bracelet","Letter Opener","Sundial","Lantern","Astrolabe","MutagenicStrength","Molten Egg 2","Enchiridion"],"potions_floor_usage":[10,14,18,27,33,33],"damage_taken":[{"damage":1,"enemies":"2 Louse","floor":1,"turns":4},{"damage":2,"enemies":"Jaw Worm","floor":5,"turns":3},{"damage":0,"enemies":"Cultist","floor":7,"turns":3},{"damage":14,"enemies":"3 Sentries","floor":10,"turns":4},{"damage":0,"enemies":"Exordium Wildlife","floor":11,"turns":2},{"damage":0,"enemies":"Looter","floor":13,"turns":2},{"damage":11,"enemies":"Lagavulin","floor":14,"turns":4},{"damage":3,"enemies":"The Guardian","floor":16,"turns":12},{"damage":0,"enemies":"Chosen","floor":18,"turns":4},{"damage":9,"enemies":"2 Thieves","floor":20,"turns":4},{"damage":0,"enemies":"Centurion and Healer","floor":24,"turns":7},{"damage":4,"enemies":"Chosen and Byrds","floor":27,"turns":5},{"damage":0,"enemies":"Snecko","floor":31,"turns":6},{"damage":79,"enemies":"Collector","floor":33,"turns":10}],"seed_played":"5836152039840115756","potions_obtained":[{"floor":7,"key":"Swift Potion"},{"floor":10,"key":"FocusPotion"},{"floor":16,"key":"Poison Potion"},{"floor":18,"key":"SkillPotion"},{"floor":24,"key":"LiquidBronze"},{"floor":31,"key":"Fire Potion"}],"is_trial":false,"path_per_floor":["M","?","?","$","M","R","M","$","T","E","M","R","M","E","R","B",null,"M","?","M","?","$","R","M","R","T","M","$","?","?","M","R"],"character_chosen":"DEFECT","items_purchased":["Juzu Bracelet","Cold Snap","Thunder Strike+1"],"campfire_rested":1,"item_purchase_floors":[4,22,28],"current_hp_per_floor":[63,63,63,63,61,61,61,61,61,47,47,47,47,43,43,47,65,71,71,69,56,56,56,70,70,70,66,66,66,50,50,72,0],"gold":16,"neow_bonus":"HUNDRED_GOLD","is_prod":false,"is_daily":false,"chose_seed":false,"campfire_upgraded":5,"win_rate":0,"timestamp":1537814526,"path_taken":["M","?","?","?","M","R","M","$","T","E","M","R","M","E","R","BOSS","M","?","M","?","$","R","M","R","T","M","$","?","?","M","R","BOSS"],"build_version":"2018-09-20","purchased_purges":0,"victory":false,"max_hp_per_floor":[71,71,71,71,71,71,71,71,71,71,71,71,71,71,71,71,71,71,71,71,76,76,76,76,76,76,76,76,76,76,76,76,76],"card_choices":[{"not_picked":["Hologram","Gash"],"picked":"Ball Lightning","floor":1},{"not_picked":["Sweeping Beam","Force Field"],"picked":"Steam","floor":5},{"not_picked":["Scrape","Recycle"],"picked":"Consume","floor":7},{"not_picked":["Beam Cell","Stack"],"picked":"Undo","floor":10},{"not_picked":["Heatsinks","FTL"],"picked":"Loop","floor":11},{"not_picked":["Hello World","Rebound"],"picked":"Self Repair","floor":13},{"not_picked":["Double Energy","Streamline"],"picked":"Coolheaded","floor":14},{"not_picked":["All For One","Rainbow"],"picked":"Core Surge","floor":16},{"not_picked":["Compile Driver+1","Tempest"],"picked":"Leap+1","floor":18},{"not_picked":["Go for the Eyes","Stack+1"],"picked":"Gash+1","floor":20},{"not_picked":["Redo","Rebound"],"picked":"Gash","floor":24},{"not_picked":["Self Repair","Hologram"],"picked":"Go for the Eyes+1","floor":27},{"not_picked":["Hologram","BootSequence"],"picked":"FTL+1","floor":31}],"player_experience":770593,"relics_obtained":[{"floor":9,"key":"Letter Opener"},{"floor":10,"key":"Sundial"},{"floor":14,"key":"Lantern"},{"floor":26,"key":"Molten Egg 2"},{"floor":30,"key":"Enchiridion"}],"event_choices":[{"event_name":"The Cleric","player_choice":"Card Removal","floor":2,"damage_taken":0},{"event_name":"Living Wall","player_choice":"Grow","floor":3,"damage_taken":0},{"event_name":"Drug Dealer","player_choice":"Inject Mutagens","floor":19,"damage_taken":0},{"event_name":"Forgotten Altar","player_choice":"Shed Blood","floor":21,"damage_taken":0},{"event_name":"Masked Bandits","player_choice":"Paid Fearfully","floor":29,"damage_taken":0},{"event_name":"Cursed Tome","player_choice":"Obtained Book","floor":30,"damage_taken":0}],"is_beta":false,"boss_relics":[{"not_picked":["Runic Pyramid","Lizard Tail"],"picked":"Astrolabe"}],"items_purged_floors":[],"is_endless":false,"potions_floor_spawned":[7,10,16,18,24,31],"killed_by":"Collector","ascension_level":14}