{"gold_per_floor":[16,35,47,59,73,73,92,92,92,92,17,17,36,36,36,36],"floor_reached":16,"playtime":496,"items_purged":[],"score":178,"play_id":"9693c07e-86b6-43ed-8a1e-e3e3041be80f","local_time":"20190706122304","is_ascension_mode":true,"campfire_choices":[{"data":"Armaments","floor":6,"key":"SMITH"},{"floor":10,"key":"REST"},{"data":"Bash","floor":12,"key":"SMITH"},{"data":"True Grit","floor":15,"key":"SMITH"}],"neow_cost":"NO_GOLD","seed_source_timestamp":10526064285100,"circlet_count":0,"master_deck":["AscendersBane","Strike_R","Strike_R","Defend_R","Defend_R","Defend_R","Defend_R","Bash+1","Anger","Heavy Blade","Flex","Armaments+1","Shrug It Off","Iron Wave","True Grit+1"],"relics":["Burning Blood","Regal Pillow","Orichalcum"],"potions_floor_usage":[4,14],"damage_taken":[{"damage":6,"enemies":"Cultist","floor":1,"turns":3},{"damage":0,"enemies":"2 Louse","floor":2,"turns":3},{"damage":7,"enemies":"Small Slimes","floor":3,"turns":4},{"damage":37,"enemies":"Exordium Wildlife","floor":4,"turns":5},{"damage":9,"enemies":"2 Fungi Beasts","floor":5,"turns":5},{"damage":29,"enemies":"Large Slime","floor":7,"turns":10},{"damage":7,"enemies":"Exordium Wildlife","floor":13,"turns":4},{"damage":2,"enemies":"Red Slaver","floor":14,"turns":4},{"damage":57,"enemies":"The Guardian","floor":16,"turns":6}],"seed_played":"8276093790050369451","potions_obtained":[{"floor":2,"key":"SmokeBomb"},{"floor":3,"key":"Weak Potion"}],"is_trial":false,"path_per_floor":["M","M","M","M","M","R","M","?","T","R","?","R","M","M","R","B"],"character_chosen":"IRONCLAD","items_purchased":[],"campfire_rested":1,"item_purchase_floors":[],"current_hp_per_floor":[68,74,73,42,39,39,16,16,16,53,53,53,52,56,56,0],"gold":36,"neow_bonus":"REMOVE_TWO","is_prod":false,"is_daily":false,"chose_seed":false,"campfire_upgraded":3,"win_rate":0,"timestamp":1562408584,"path_taken":["M","M","M","?","M","R","M","?","T","R","?","R","M","M","R","BOSS"],"build_version":"2019-07-05","purchased_purges":0,"victory":false,"max_hp_per_floor":[75,75,75,75,75,75,75,75,75,75,75,75,75,75,75,75],"card_choices":[{"not_picked":["Pommel Strike","Combust"],"picked":"Anger","floor":1},{"not_picked":["Wild Strike","Cleave"],"picked":"Heavy Blade","floor":2},{"not_picked":["Blood for Blood","Iron Wave"],"picked":"Flex","floor":3},{"not_picked":["Twin Strike","Heavy Blade"],"picked":"Armaments","floor":4},{"not_picked":["Uppercut","Pommel Strike"],"picked":"Shrug It Off","floor":5},{"not_picked":["Dark Embrace","Thunderclap"],"picked":"Iron Wave","floor":7},{"not_picked":["Wild Strike","Body Slam"],"picked":"True Grit","floor":13}],"player_experience":1611086,"relics_obtained":[{"floor":9,"key":"Orichalcum"}],"event_choices":[{"damage_healed":0,"gold_gain":0,"player_choice":"Searched \u00272\u0027 times","damage_taken":0,"relics_obtained":["Regal Pillow"],"max_hp_gain":0,"max_hp_loss":0,"event_name":"Dead Adventurer","floor":8,"gold_loss":0},{"cards_removed":["Strike_R"],"damage_healed":0,"gold_gain":0,"player_choice":"Card Removal","damage_taken":0,"max_hp_gain":0,"max_hp_loss":0,"event_name":"The Cleric","floor":11,"gold_loss":75}],"is_beta":false,"boss_relics":[],"items_purged_floors":[],"is_endless":false,"potions_floor_spawned":[2,3],"killed_by":"The Guardian","ascension_level":17}