{"gold_per_floor":[111,10,160,177,21,21,49,49,103,103,130,55,55,88,88,162,162,175,175,185,197,197],"floor_reached":22,"playtime":718,"items_purged":["Strike_G","Doubt"],"score":405,"play_id":"eb3ddde0-b97d-4864-9332-e387f6f4d8c7","local_time":"20190610025952","is_ascension_mode":true,"campfire_choices":[{"data":"Neutralize","floor":6,"key":"SMITH"},{"data":"Deadly Poison","floor":8,"key":"SMITH"},{"data":"Blade Dance","floor":10,"key":"SMITH"},{"floor":15,"key":"REST"}],"neow_cost":"NONE","seed_source_timestamp":253158000068500,"circlet_count":0,"master_deck":["AscendersBane","Defend_G","Defend_G","Defend_G","Defend_G","Strike_G","Survivor","Neutralize+1","Deflect","Blade Dance+1","Deflect","Deadly Poison+1","Skewer","Poisoned Stab","Corpse Explosion","Finisher","Backstab","Choke"],"relics":["Ring of the Snake","NeowsBlessing","Smiling Mask","Oddly Smooth Stone","Frozen Egg 2","Letter Opener","Ninja Scroll","Empty Cage"],"potions_floor_usage":[11,14],"damage_taken":[{"damage":0,"enemies":"Jaw Worm","floor":1,"turns":1},{"damage":0,"enemies":"Cultist","floor":4,"turns":1},{"damage":0,"enemies":"Gremlin Nob","floor":7,"turns":2},{"damage":14,"enemies":"Lagavulin","floor":11,"turns":6},{"damage":22,"enemies":"3 Sentries","floor":14,"turns":10},{"damage":27,"enemies":"The Guardian","floor":16,"turns":10},{"damage":0,"enemies":"3 Byrds","floor":18,"turns":4},{"damage":15,"enemies":"Spheric Guardian","floor":20,"turns":4},{"damage":20,"enemies":"Shelled Parasite and Fungi","floor":21,"turns":2},{"damage":23,"enemies":"Snake Plant","floor":22,"turns":3}],"seed_played":"5569884594490438990","potions_obtained":[{"floor":11,"key":"EssenceOfSteel"}],"is_trial":false,"path_per_floor":["M","$","?","M","$","R","E","R","T","R","E","?","T","E","R","B",null,"M","?","M","M","M"],"character_chosen":"THE_SILENT","items_purchased":["Blade Dance","PowerPotion"],"campfire_rested":1,"item_purchase_floors":[2,5],"current_hp_per_floor":[59,59,59,59,59,59,59,59,59,59,45,45,45,23,42,15,53,53,53,38,18,0],"gold":197,"neow_bonus":"THREE_ENEMY_KILL","is_prod":false,"is_daily":false,"chose_seed":false,"campfire_upgraded":3,"win_rate":0,"timestamp":1560128392,"path_taken":["M","$","?","M","$","R","E","R","T","R","E","?","?","E","R","BOSS","M","?","M","M","?"],"build_version":"2019-01-23","purchased_purges":2,"victory":false,"max_hp_per_floor":[66,66,66,66,66,66,66,66,66,66,66,66,66,66,66,66,66,66,66,66,66,66],"card_choices":[{"not_picked":["Terror","Catalyst"],"picked":"Deflect","floor":1},{"not_picked":["Prepared","Underhanded Strike"],"picked":"Deflect","floor":4},{"not_picked":["Deflect","Doppelganger"],"picked":"Deadly Poison","floor":7},{"not_picked":["Sucker Punch","Poisoned Stab"],"picked":"Skewer","floor":11},{"not_picked":["Glass Knife","Dagger Spray"],"picked":"Poisoned Stab","floor":14},{"not_picked":["Malaise","Glass Knife"],"picked":"Corpse Explosion","floor":16},{"not_picked":["Underhanded Strike","Cloak And Dagger"],"picked":"Finisher","floor":18},{"not_picked":["Heel Hook+1","PiercingWail"],"picked":"Backstab","floor":20},{"not_picked":["Slice","Underhanded Strike+1"],"picked":"Choke","floor":21}],"player_experience":1264117,"relics_obtained":[{"floor":7,"key":"Smiling Mask"},{"floor":9,"key":"Oddly Smooth Stone"},{"floor":11,"key":"Frozen Egg 2"},{"floor":13,"key":"Letter Opener"},{"floor":14,"key":"Ninja Scroll"}],"event_choices":[{"damage_healed":0,"gold_gain":150,"player_choice":"AGREE","damage_taken":0,"max_hp_gain":0,"max_hp_loss":0,"event_name":"Liars Game","floor":3,"gold_loss":0,"cards_obtained":["Doubt"]},{"cards_removed":["Strike_G"],"damage_healed":0,"gold_gain":0,"player_choice":"Card Removal","damage_taken":0,"max_hp_gain":0,"max_hp_loss":0,"event_name":"The Cleric","floor":12,"gold_loss":75},{"cards_removed":["Strike_G"],"damage_healed":0,"gold_gain":0,"player_choice":"Offered Basic","damage_taken":0,"max_hp_gain":0,"max_hp_loss":0,"event_name":"Bonfire Elementals","floor":19,"gold_loss":0}],"is_beta":false,"boss_relics":[{"not_picked":["Lizard Tail","Philosopher\u0027s Stone"],"picked":"Empty Cage"}],"items_purged_floors":[2,5],"is_endless":false,"potions_floor_spawned":[11],"killed_by":"Snake Plant","ascension_level":16}