{"gold_per_floor":[111,111,127,140,26,26,26,41,68,68,85,114,114,126,126,230,230,249,276,36,36,51,84,84,94,94,19,38,52,52,62,62,167,167,178,78,78,78,78,78,95,113,113,123,123,137,148,162,162,162,162,162,4,29,29],"floor_reached":55,"playtime":3908,"items_purged":["Strike_R","Strike_R"],"score":743,"play_id":"0865d9ae-6493-4118-b8bb-e35c9ad0c9a9","local_time":"20190605204819","is_ascension_mode":false,"campfire_choices":[{"data":"Searing Blow","floor":6,"key":"SMITH"},{"data":"Searing Blow+1","floor":10,"key":"SMITH"},{"data":"Searing Blow+2","floor":13,"key":"SMITH"},{"data":"Searing Blow+3","floor":15,"key":"SMITH"},{"data":"Searing Blow+4","floor":32,"key":"SMITH"},{"data":"Ghostly","floor":40,"key":"SMITH"},{"data":"Ghostly","floor":45,"key":"SMITH"},{"floor":49,"key":"RECALL"},{"data":"Pommel Strike","floor":52,"key":"SMITH"}],"neow_cost":"PERCENT_DAMAGE","seed_source_timestamp":1046338367694385,"circlet_count":0,"master_deck":["Strike_R","Defend_R","Defend_R","Defend_R","Bash","Searing Blow+6","Flame Barrier","Inflame","Flame Barrier","Infernal Blade","Offering","Pommel Strike+1","Battle Trance+1","RitualDagger+1","Ghostly+1","Ghostly+1","Ghostly+1","Ghostly","Ghostly","Berserk","Exhume","Infernal Blade","Dramatic Entrance","Limit Break"],"relics":["Burning Blood","Lantern","Orichalcum","Coffee Dripper","Red Mask","Shuriken","Ginger","Ice Cream","Busted Crown","Whetstone"],"potions_floor_usage":[12,16,23,25,48,50,55],"damage_taken":[{"damage":0,"enemies":"2 Louse","floor":1,"turns":4},{"damage":0,"enemies":"Small Slimes","floor":3,"turns":3},{"damage":10,"enemies":"Jaw Worm","floor":4,"turns":6},{"damage":2,"enemies":"3 Louse","floor":8,"turns":4},{"damage":10,"enemies":"Exordium Wildlife","floor":11,"turns":4},{"damage":6,"enemies":"Gremlin Nob","floor":12,"turns":3},{"damage":12,"enemies":"Exordium Thugs","floor":14,"turns":5},{"damage":30,"enemies":"The Guardian","floor":16,"turns":11},{"damage":6,"enemies":"3 Byrds","floor":18,"turns":2},{"damage":22,"enemies":"Masked Bandits","floor":19,"turns":4},{"damage":6,"enemies":"Spheric Guardian","floor":22,"turns":3},{"damage":45,"enemies":"Slavers","floor":23,"turns":7},{"damage":6,"enemies":"Centurion and Healer","floor":25,"turns":2},{"damage":10,"enemies":"Chosen and Byrds","floor":28,"turns":3},{"damage":6,"enemies":"Snecko","floor":29,"turns":2},{"damage":0,"enemies":"Shelled Parasite and Fungi","floor":31,"turns":4},{"damage":1,"enemies":"Collector","floor":33,"turns":6},{"damage":6,"enemies":"3 Shapes","floor":35,"turns":4},{"damage":1,"enemies":"Orb Walker","floor":41,"turns":2},{"damage":1,"enemies":"Transient","floor":42,"turns":5},{"damage":8,"enemies":"Spire Growth","floor":44,"turns":4},{"damage":7,"enemies":"Sphere and 2 Shapes","floor":46,"turns":4},{"damage":9,"enemies":"4 Shapes","floor":47,"turns":9},{"damage":20,"enemies":"Writhing Mass","floor":48,"turns":3},{"damage":15,"enemies":"Donu and Deca","floor":50,"turns":8},{"damage":1,"enemies":"Shield and Spear","floor":54,"turns":5},{"damage":47,"enemies":"The Heart","floor":55,"turns":8}],"seed_played":"9047466471526654510","potions_obtained":[{"floor":4,"key":"Regen Potion"},{"floor":11,"key":"Strength Potion"},{"floor":12,"key":"Energy Potion"},{"floor":23,"key":"Strength Potion"},{"floor":28,"key":"Dexterity Potion"},{"floor":31,"key":"SmokeBomb"},{"floor":41,"key":"EssenceOfSteel"},{"floor":46,"key":"Strength Potion"},{"floor":47,"key":"AttackPotion"},{"floor":54,"key":"Swift Potion"}],"is_trial":false,"path_per_floor":["M","?","M","M","$","R","?","M","T","R","M","E","R","M","R","B",null,"M","?","$","?","M","E","?","M","T","$","M","M","?","M","R","B",null,"M","$","?","$","$","R","M","M","T","M","R","M","M","M","R","B",null,"R","$","E","B"],"character_chosen":"IRONCLAD","items_purchased":["Flame Barrier","Inflame","Shuriken","Infernal Blade","Dramatic Entrance"],"campfire_rested":0,"item_purchase_floors":[5,5,20,53,53],"current_hp_per_floor":[62,62,68,64,64,64,64,68,68,68,64,64,64,58,58,34,80,80,64,64,64,64,40,34,34,34,34,30,30,30,36,36,40,40,40,40,40,40,40,40,40,40,40,38,38,37,34,20,20,11,40,40,40,40,0],"gold":29,"neow_bonus":"REMOVE_TWO","is_prod":false,"is_daily":false,"chose_seed":false,"campfire_upgraded":8,"win_rate":0,"timestamp":1559782099,"path_taken":["M","?","M","M","$","R","?","M","T","R","M","E","R","M","R","BOSS","M","?","$","?","M","E","?","M","T","$","?","M","?","M","R","BOSS","M","$","?","?","$","R","M","M","T","?","R","M","M","M","R","BOSS","R","$","E","BOSS"],"build_version":"2019-01-23","purchased_purges":2,"victory":false,"max_hp_per_floor":[80,80,80,80,80,80,80,80,80,80,80,80,80,80,80,80,80,80,80,80,80,80,80,80,80,80,80,80,80,40,40,40,40,40,40,40,40,40,40,40,40,40,40,40,40,40,40,40,40,40,40,40,40,40,40],"card_choices":[{"not_picked":["Pommel Strike","Cleave"],"picked":"Searing Blow","floor":1},{"not_picked":["Metallicize","Twin Strike","Searing Blow"],"picked":"SKIP","floor":3},{"not_picked":["Warcry","Second Wind","Armaments"],"picked":"SKIP","floor":4},{"not_picked":["Clash","Havoc","Clothesline"],"picked":"SKIP","floor":8},{"not_picked":["Havoc","Cleave","Perfected Strike"],"picked":"SKIP","floor":11},{"not_picked":["Entrench","Sever Soul"],"picked":"Flame Barrier","floor":12},{"not_picked":["Clash","Twin Strike"],"picked":"Infernal Blade","floor":14},{"not_picked":["Reaper","Double Tap"],"picked":"Offering","floor":16},{"not_picked":["Cleave","Armaments","Dual Wield"],"picked":"SKIP","floor":18},{"not_picked":["Body Slam","Cleave+1"],"picked":"Pommel Strike","floor":19},{"not_picked":["Combust","Twin Strike"],"picked":"Battle Trance+1","floor":22},{"not_picked":["Blood for Blood","Wild Strike","Havoc"],"picked":"SKIP","floor":23},{"not_picked":["Iron Wave","Exhume","Rupture"],"picked":"SKIP","floor":25},{"not_picked":["Armaments","Bloodletting","True Grit"],"picked":"SKIP","floor":28},{"not_picked":["Perfected Strike","Havoc","Armaments"],"picked":"SKIP","floor":29},{"not_picked":["Clash","Havoc+1"],"picked":"Berserk","floor":31},{"not_picked":["Immolate","Bludgeon"],"picked":"Exhume","floor":33},{"not_picked":["Warcry+1"],"picked":"SKIP","floor":35},{"not_picked":["Twin Strike+1"],"picked":"SKIP","floor":41},{"not_picked":["Headbutt"],"picked":"SKIP","floor":42},{"not_picked":["Power Through+1"],"picked":"SKIP","floor":44},{"not_picked":["Twin Strike"],"picked":"SKIP","floor":46},{"not_picked":["Blood for Blood"],"picked":"SKIP","floor":47},{"not_picked":["Metallicize+1"],"picked":"SKIP","floor":48},{"not_picked":[],"picked":"Limit Break","floor":54}],"player_experience":146186,"relics_obtained":[{"floor":9,"key":"Lantern"},{"floor":12,"key":"Orichalcum"},{"floor":19,"key":"Red Mask"},{"floor":23,"key":"Ginger"},{"floor":26,"key":"Ice Cream"},{"floor":54,"key":"Whetstone"}],"event_choices":[{"cards_removed":["Defend_R"],"damage_healed":0,"gold_gain":0,"player_choice":"Forget","damage_taken":0,"max_hp_gain":0,"max_hp_loss":0,"event_name":"Living Wall","floor":2,"gold_loss":0},{"damage_healed":0,"gold_gain":0,"player_choice":"Leave","damage_taken":0,"max_hp_gain":0,"max_hp_loss":0,"event_name":"The Cleric","floor":7,"gold_loss":0},{"damage_healed":0,"gold_gain":0,"player_choice":"Fought Bandits","damage_taken":0,"max_hp_gain":0,"max_hp_loss":0,"event_name":"Masked Bandits","floor":19,"gold_loss":0},{"damage_healed":0,"gold_gain":0,"player_choice":"Ignored","damage_taken":0,"max_hp_gain":0,"max_hp_loss":0,"event_name":"Beggar","floor":21,"gold_loss":0},{"damage_healed":0,"gold_gain":0,"player_choice":"Joined the Cult","damage_taken":6,"max_hp_gain":0,"max_hp_loss":0,"event_name":"Nest","floor":24,"gold_loss":0,"cards_obtained":["RitualDagger"]},{"damage_healed":0,"gold_gain":0,"player_choice":"Became a Ghost","damage_taken":0,"max_hp_gain":0,"max_hp_loss":40,"event_name":"Ghosts","floor":30,"gold_loss":0,"cards_obtained":["Ghostly","Ghostly","Ghostly","Ghostly","Ghostly"]},{"damage_healed":0,"gold_gain":0,"player_choice":"Upgraded","damage_taken":0,"max_hp_gain":0,"max_hp_loss":0,"event_name":"Upgrade Shrine","floor":37,"gold_loss":0,"cards_upgraded":["Ghostly"]}],"is_beta":false,"boss_relics":[{"not_picked":["Eternal Feather","Pandora\u0027s Box"],"picked":"Coffee Dripper"},{"not_picked":["Mark of Pain","White Beast Statue"],"picked":"Busted Crown"}],"items_purged_floors":[27,36],"is_endless":false,"potions_floor_spawned":[4,11,12,23,28,31,41,46,47,54],"killed_by":"The Heart","ascension_level":0}