{"gold_per_floor":[113,125,139,159,84,84,102,102,102,177,189,189,219,245,245,323,323,302,313,68,68,68,68,85,96,143,167,199,199,19,19,19,19],"floor_reached":33,"playtime":1512,"items_purged":["Strike_B","Strike_B"],"score":485,"play_id":"28722e69-6bdc-427c-8a6d-9050464e8fe1","local_time":"20190815172221","is_ascension_mode":true,"campfire_choices":[{"data":"Zap","floor":6,"key":"SMITH"},{"data":"Defragment","floor":8,"key":"SMITH"},{"floor":12,"key":"REST"},{"floor":15,"key":"REST"},{"floor":23,"key":"REST"},{"floor":29,"key":"REST"},{"floor":32,"key":"REST"}],"neow_cost":"NONE","seed_source_timestamp":129828114711800,"circlet_count":0,"master_deck":["AscendersBane","Strike_B+1","Defend_B+1","Defend_B+1","Defend_B+1","Defend_B+1","Zap+1","Dualcast","Blind","Defragment+1","Cold Snap","BootSequence","Conserve Battery","Fusion","FTL+1","Rainbow","Compile Driver+1","Self Repair","Buffer","Melter","Necronomicurse","Stack+1","Static Discharge","Force Field+1","Auto Shields+1"],"relics":["Cracked Core","Pantograph","Tiny Chest","Oddly Smooth Stone","Lizard Tail","Necronomicon","Juzu Bracelet","Whetstone","Toxic Egg 2"],"potions_floor_usage":[16,24,24,28],"damage_taken":[{"damage":0,"enemies":"Cultist","floor":1,"turns":3},{"damage":7,"enemies":"2 Louse","floor":2,"turns":4},{"damage":0,"enemies":"Small Slimes","floor":3,"turns":4},{"damage":3,"enemies":"Looter","floor":4,"turns":4},{"damage":1,"enemies":"Blue Slaver","floor":7,"turns":3},{"damage":14,"enemies":"Lots of Slimes","floor":11,"turns":5},{"damage":43,"enemies":"Slime Boss","floor":16,"turns":15},{"damage":16,"enemies":"2 Thieves","floor":18,"turns":5},{"damage":0,"enemies":"3 Byrds","floor":19,"turns":5},{"damage":12,"enemies":"Snake Plant","floor":24,"turns":5},{"damage":22,"enemies":"Centurion and Healer","floor":25,"turns":13},{"damage":51,"enemies":"Book of Stabbing","floor":28,"turns":6},{"damage":74,"enemies":"Champ","floor":33,"turns":19}],"seed_played":"-3089919753315440368","potions_obtained":[{"floor":2,"key":"FearPotion"},{"floor":4,"key":"FocusPotion"},{"floor":7,"key":"LiquidBronze"},{"floor":16,"key":"SpeedPotion"},{"floor":25,"key":"FearPotion"},{"floor":28,"key":"Explosive Potion"}],"is_trial":false,"path_per_floor":["M","M","M","M","?","R","M","R","T","?","M","R","?","T","R","B",null,"M","M","$","?","?","R","M","M","T","T","E","R","$","?","R","B"],"character_chosen":"DEFECT","items_purchased":["Buffer","Melter","Auto Shields+1"],"campfire_rested":5,"item_purchase_floors":[20,20,30],"current_hp_per_floor":[64,57,57,54,54,54,53,53,53,42,28,49,38,38,59,28,60,44,44,44,23,23,44,39,24,24,24,19,40,40,40,61,0],"gold":19,"neow_bonus":"RANDOM_COLORLESS","is_prod":false,"is_daily":false,"chose_seed":false,"campfire_upgraded":2,"win_rate":0,"timestamp":1565882541,"path_taken":["M","?","M","M","?","R","M","R","T","?","M","R","?","?","R","BOSS","M","M","$","?","?","R","M","M","T","?","E","R","$","?","R","BOSS"],"build_version":"2019-07-17","purchased_purges":2,"victory":false,"max_hp_per_floor":[71,71,71,71,71,71,71,71,71,71,71,71,71,71,71,71,71,71,71,71,71,71,71,71,71,71,71,71,71,71,71,71,71],"card_choices":[{"not_picked":["Chill","Reprogram"],"picked":"Defragment","floor":1},{"not_picked":["Turbo","Steam"],"picked":"Cold Snap","floor":2},{"not_picked":["Turbo","Rebound"],"picked":"BootSequence","floor":3},{"not_picked":["White Noise","Leap"],"picked":"Conserve Battery","floor":4},{"not_picked":["Compile Driver","Barrage"],"picked":"Fusion","floor":7},{"not_picked":["Beam Cell","Turbo"],"picked":"FTL","floor":11},{"not_picked":["Meteor Strike","Hyperbeam"],"picked":"Rainbow","floor":16},{"not_picked":["Rebound","Skim"],"picked":"Compile Driver","floor":18},{"not_picked":["Beam Cell","Stack"],"picked":"Self Repair","floor":19},{"not_picked":["Streamline","Cold Snap"],"picked":"Stack+1","floor":24},{"not_picked":["BootSequence","Redo"],"picked":"Static Discharge","floor":25},{"not_picked":["Storm","Compile Driver"],"picked":"Force Field","floor":28}],"player_experience":1924486,"relics_obtained":[{"floor":9,"key":"Pantograph"},{"floor":14,"key":"Oddly Smooth Stone"},{"floor":21,"key":"Necronomicon"},{"floor":26,"key":"Juzu Bracelet"},{"floor":27,"key":"Whetstone"},{"floor":28,"key":"Toxic Egg 2"}],"event_choices":[{"cards_removed":["Strike_B"],"damage_healed":0,"gold_gain":0,"player_choice":"Card Removal","damage_taken":0,"max_hp_gain":0,"max_hp_loss":0,"event_name":"The Cleric","floor":5,"gold_loss":75},{"damage_healed":0,"gold_gain":75,"player_choice":"Gather Gold","damage_taken":11,"max_hp_gain":0,"max_hp_loss":0,"event_name":"World of Goop","floor":10,"gold_loss":0},{"damage_healed":0,"gold_gain":0,"player_choice":"Success","damage_taken":11,"relics_obtained":["Tiny Chest"],"max_hp_gain":0,"max_hp_loss":0,"event_name":"Scrap Ooze","floor":13,"gold_loss":0},{"damage_healed":0,"gold_gain":0,"player_choice":"Obtained Book","damage_taken":21,"max_hp_gain":0,"max_hp_loss":0,"event_name":"Cursed Tome","floor":21,"gold_loss":0},{"damage_healed":0,"gold_gain":0,"player_choice":"Simplicity","damage_taken":0,"max_hp_gain":0,"max_hp_loss":0,"event_name":"Back to Basics","floor":31,"gold_loss":0,"cards_upgraded":["Strike_B","Defend_B","Defend_B","Defend_B","Defend_B"]}],"is_beta":false,"boss_relics":[{"not_picked":["Calling Bell","White Beast Statue"],"picked":"Lizard Tail"}],"items_purged_floors":[20,30],"is_endless":false,"potions_floor_spawned":[2,4,7,16,18,25,28],"killed_by":"Champ","ascension_level":18}