{"path_per_floor":["M","$","?","$","T","E","?","R","T","E","M","R","?","M","R","B",null,"M","M","?","M","M"],"character_chosen":"IRONCLAD","items_purchased":["Perfected Strike","Shuriken"],"gold_per_floor":[116,91,266,17,44,70,70,70,70,100,116,116,140,152,152,251,251,267,283,283,302,312],"floor_reached":23,"campfire_rested":0,"playtime":1356,"current_hp_per_floor":[80,80,80,80,80,80,73,73,73,76,80,80,74,78,78,45,80,63,50,50,37,28],"items_purged":[],"gold":312,"play_id":"5c6c8131-fdaa-44b0-8775-99876626e93c","is_prod":false,"is_daily":false,"campfire_rituals":0,"campfire_upgraded":3,"is_hardmode":false,"path_taken":["M","$","?","$","?","E","?","R","T","E","M","R","?","M","R","BOSS","M","M","?","M","M","E"],"build_version":"2018-01-11-PROD2","purchased_purges":0,"victory":false,"master_deck":["Strike_R","Strike_R","Strike_R","Strike_R","Strike_R","Defend_R","Defend_R","Defend_R","Defend_R","Bash","Offering","Perfected Strike","Disarm","Pommel Strike","Pommel Strike","Feed","Pommel Strike","Shrug It Off","Armaments"],"max_hp_per_floor":[80,80,80,80,80,80,80,80,80,80,80,80,80,80,80,80,80,80,83,83,83,83],"relics":["Burning Blood","NeowsBlessing","Shuriken","Vajra","Dream Catcher","Paper Frog","Unceasing Top","Pen Nib","Odd Mushroom","Question Card"],"campfire_meditates":0,"card_choices":[{"not_picked":["True Grit","Clothesline"],"picked":"Offering"},{"not_picked":["Rampage","Dual Wield"],"picked":"Disarm"},{"not_picked":["Clash","Perfected Strike"],"picked":"Pommel Strike"},{"not_picked":["Brutality","Fire Breathing"],"picked":"Pommel Strike"},{"not_picked":["Brutality","Fiend Fire"],"picked":"Feed"},{"not_picked":["Rampage","Combust","Power Through"],"picked":"Pommel Strike"},{"not_picked":["Feel No Pain","Anger","Flame Barrier"],"picked":"Shrug It Off"},{"not_picked":["Infernal Blade","Heavy Blade","Bloodletting"],"picked":"Armaments"}],"player_experience":36373,"potions_floor_usage":[16,16,16,23],"damage_taken":[{"damage":0,"enemies":"Jaw Worm","floor":1,"turns":1},{"damage":0,"enemies":"Gremlin Nob","floor":6,"turns":1},{"damage":3,"enemies":"3 Sentries","floor":10,"turns":2},{"damage":2,"enemies":"Small Slimes","floor":11,"turns":4},{"damage":12,"enemies":"The Mushroom Lair","floor":13,"turns":5},{"damage":2,"enemies":"Blue Slaver","floor":14,"turns":3},{"damage":39,"enemies":"Hexaghost","floor":16,"turns":5},{"damage":23,"enemies":"Shell Parasite","floor":18,"turns":4},{"damage":22,"enemies":"3 Byrds","floor":19,"turns":4},{"damage":19,"enemies":"Snecko","floor":21,"turns":4},{"damage":15,"enemies":"Snake Plant","floor":22,"turns":2},{"damage":32,"enemies":"Slavers","floor":23,"turns":3}],"event_choices":[{"event_name":"Liars Game","player_choice":"agreed","floor":3,"damage_taken":0},{"event_name":"Scrap Ooze","player_choice":"success","floor":7,"damage_taken":7},{"event_name":"Mushrooms","player_choice":"Fought Mushrooms","floor":13,"damage_taken":0},{"event_name":"Purifier","player_choice":"One Purge","floor":20,"damage_taken":0}],"boss_relics":[{"not_picked":["Lizard Tail","Mark of Pain"],"picked":"Question Card"}],"potions_floor_spawned":[1,11,13,14,19],"seed_played":"-6635302638948715128","killed_by":"Slavers","is_trial":false}