{"gold_per_floor":[117,117,117,131,281,281,301,301,301,325,343,366,393,414,414,414],"floor_reached":16,"playtime":649,"items_purged":[],"score":169,"play_id":"f4854efd-f921-48e0-84c1-cf7f76188a82","local_time":"20190609051036","is_ascension_mode":true,"campfire_choices":[{"data":"Neutralize","floor":6,"key":"SMITH"},{"data":"Crippling Poison","floor":8,"key":"SMITH"},{"data":"Finisher","floor":15,"key":"SMITH"}],"neow_cost":"NONE","seed_source_timestamp":174672953637100,"circlet_count":0,"master_deck":["AscendersBane","Defend_G","Defend_G","Defend_G","Defend_G","Defend_G","Strike_G","Strike_G","Strike_G","Strike_G","Survivor","Neutralize+1","Leg Sweep","Malaise","Injury","Crippling Poison+1","Doubt","PiercingWail","Tools of the Trade","Backflip","Finisher+1","Dagger Spray"],"relics":["Ring of the Snake","Smiling Mask","Golden Idol","Ninja Scroll","Omamori"],"potions_floor_usage":[7,11],"damage_taken":[{"damage":0,"enemies":"2 Louse","floor":1,"turns":4},{"damage":0,"enemies":"Small Slimes","floor":4,"turns":6},{"damage":0,"enemies":"Jaw Worm","floor":7,"turns":5},{"damage":3,"enemies":"3 Louse","floor":10,"turns":3},{"damage":1,"enemies":"Gremlin Gang","floor":11,"turns":4},{"damage":3,"enemies":"Red Slaver","floor":12,"turns":5},{"damage":5,"enemies":"2 Fungi Beasts","floor":14,"turns":3},{"damage":50,"enemies":"The Guardian","floor":16,"turns":19}],"seed_played":"7628129686959728068","potions_obtained":[{"floor":1,"key":"Poison Potion"},{"floor":7,"key":"Ancient Potion"},{"floor":10,"key":"LiquidBronze"}],"is_trial":false,"path_per_floor":["M","?","?","M","?","R","M","R","T","M","M","M","T","M","R","B"],"character_chosen":"THE_SILENT","items_purchased":[],"campfire_rested":0,"item_purchase_floors":[],"current_hp_per_floor":[59,59,59,59,59,59,59,59,59,56,55,52,52,47,47,0],"gold":414,"neow_bonus":"RANDOM_COMMON_RELIC","is_prod":false,"is_daily":false,"chose_seed":false,"campfire_upgraded":3,"win_rate":0,"timestamp":1560049836,"path_taken":["M","?","?","M","?","R","M","R","T","M","M","M","?","M","R","BOSS"],"build_version":"2019-01-23","purchased_purges":0,"victory":false,"max_hp_per_floor":[66,66,66,66,66,66,66,66,66,66,66,66,66,66,66,66],"card_choices":[{"not_picked":["Dagger Spray","Deflect"],"picked":"Leg Sweep","floor":1},{"not_picked":["Underhanded Strike","Deflect"],"picked":"Crippling Poison","floor":4},{"not_picked":["Accuracy","Concentrate"],"picked":"PiercingWail","floor":7},{"not_picked":["Acrobatics","Prepared"],"picked":"Tools of the Trade","floor":10},{"not_picked":["Crippling Poison","Finisher"],"picked":"Backflip","floor":11},{"not_picked":["Dodge and Roll","Quick Slash"],"picked":"Finisher","floor":12},{"not_picked":["Dagger Throw","Crippling Poison"],"picked":"Dagger Spray","floor":14}],"player_experience":1250433,"relics_obtained":[{"floor":9,"key":"Ninja Scroll"},{"floor":13,"key":"Omamori"}],"event_choices":[{"damage_healed":0,"gold_gain":0,"cards_transformed":["Strike_G"],"player_choice":"Change","damage_taken":0,"max_hp_gain":0,"max_hp_loss":0,"event_name":"Living Wall","floor":2,"gold_loss":0,"cards_obtained":["Malaise"]},{"damage_healed":0,"gold_gain":0,"player_choice":"Take Wound","damage_taken":0,"relics_obtained":["Golden Idol"],"max_hp_gain":0,"max_hp_loss":0,"event_name":"Golden Idol","floor":3,"gold_loss":0,"cards_obtained":["Injury"]},{"damage_healed":0,"gold_gain":150,"player_choice":"AGREE","damage_taken":0,"max_hp_gain":0,"max_hp_loss":0,"event_name":"Liars Game","floor":5,"gold_loss":0,"cards_obtained":["Doubt"]}],"is_beta":false,"boss_relics":[],"items_purged_floors":[],"is_endless":false,"potions_floor_spawned":[1,7,10],"killed_by":"The Guardian","ascension_level":16}