{"gold_per_floor":[368,112,112,122,72,104,104,139,139,167,167,167,223,241,241,339,339,326,326,14,14],"floor_reached":21,"playtime":1319,"items_purged":["Strike_G","Strike_G"],"score":290,"play_id":"16e82e68-f36c-4cb3-9b9e-d16f98e3215f","local_time":"20180910153356","is_ascension_mode":true,"campfire_choices":[{"data":"Dash","floor":7,"key":"SMITH"},{"floor":11,"key":"REST"},{"data":"Calculated Gamble","floor":15,"key":"SMITH"}],"neow_cost":"TEN_PERCENT_HP_LOSS","seed_source_timestamp":2003410285095854,"circlet_count":0,"master_deck":["Defend_G","Defend_G","Defend_G","Defend_G","Defend_G","Strike_G+1","Strike_G","Survivor","Neutralize+1","AscendersBane","Dash+1","Well Laid Plans","Dagger Throw","Calculated Gamble+1","Poisoned Stab+1","PiercingWail","Escape Plan","Backflip","Bullet Time","Dagger Spray+1","Noxious Fumes","Glass Knife+1"],"relics":["Ring of the Snake","Molten Egg 2","Whetstone","PreservedInsect","Lantern","Bottled Flame","Cursed Key"],"potions_floor_usage":[6,21,21],"damage_taken":[{"damage":0,"enemies":"Small Slimes","floor":1,"turns":4},{"damage":0,"enemies":"2 Louse","floor":4,"turns":3},{"damage":22,"enemies":"Gremlin Nob","floor":6,"turns":5},{"damage":17,"enemies":"Lagavulin","floor":8,"turns":6},{"damage":5,"enemies":"3 Sentries","floor":10,"turns":8},{"damage":17,"enemies":"Lagavulin Event","floor":13,"turns":6},{"damage":0,"enemies":"Cultist","floor":14,"turns":2},{"damage":21,"enemies":"Hexaghost","floor":16,"turns":13},{"damage":14,"enemies":"2 Thieves","floor":18,"turns":4},{"damage":8,"enemies":"Colosseum Slavers","floor":21,"turns":2},{"damage":34,"enemies":"Colosseum Nobs","floor":21,"turns":4}],"seed_played":"-3129756168363118020","potions_obtained":[{"floor":1,"key":"Explosive Potion"},{"floor":10,"key":"SteroidPotion"},{"floor":18,"key":"Swift Potion"}],"is_trial":false,"path_per_floor":["M","$","?","M","?","E","R","E","T","E","R","?","?","M","R","B",null,"M","?","$"],"character_chosen":"THE_SILENT","items_purchased":["Well Laid Plans","Dagger Throw","FearPotion","Noxious Fumes","Glass Knife+1"],"campfire_rested":1,"item_purchase_floors":[2,2,2,20,20],"current_hp_per_floor":[63,63,63,63,63,41,41,24,24,19,37,58,41,41,41,20,52,38,38,38,0],"gold":14,"neow_bonus":"TWO_FIFTY_GOLD","is_prod":false,"is_daily":false,"chose_seed":false,"campfire_upgraded":2,"win_rate":0,"timestamp":1536590036,"path_taken":["M","$","?","M","?","E","R","E","T","E","R","?","?","?","R","BOSS","M","?","$","?"],"build_version":"2018-09-06","purchased_purges":2,"victory":false,"max_hp_per_floor":[63,63,63,63,63,63,63,63,63,63,63,63,63,63,63,63,63,63,63,63,63],"card_choices":[{"not_picked":["Predator","Masterful Stab"],"picked":"Dash","floor":1},{"not_picked":["Blade Dance","Deflect"],"picked":"Calculated Gamble","floor":4},{"not_picked":["Acrobatics","Masterful Stab"],"picked":"Poisoned Stab","floor":6},{"not_picked":["Backstab+1","Well Laid Plans"],"picked":"PiercingWail","floor":8},{"not_picked":["PiercingWail","Expertise"],"picked":"Escape Plan","floor":10},{"not_picked":["Eviscerate+1","Calculated Gamble"],"picked":"Backflip","floor":14},{"not_picked":["Burst","Grand Finale+1"],"picked":"Bullet Time","floor":16},{"not_picked":["Flying Knee+1","Deadly Poison"],"picked":"Dagger Spray+1","floor":18}],"player_experience":730409,"relics_obtained":[{"floor":6,"key":"Molten Egg 2"},{"floor":8,"key":"Whetstone"},{"floor":9,"key":"PreservedInsect"},{"floor":10,"key":"Lantern"},{"floor":13,"key":"Bottled Flame"}],"event_choices":[{"event_name":"Liars Game","player_choice":"disagreed","floor":3,"damage_taken":0},{"event_name":"The Cleric","player_choice":"Card Removal","floor":5,"damage_taken":0},{"event_name":"Big Fish","player_choice":"Banana","floor":12,"damage_taken":0},{"event_name":"Dead Adventurer","player_choice":"Searched \u00271\u0027 times","floor":13,"damage_taken":0},{"event_name":"N\u0027loth","player_choice":"Ignored","floor":19,"damage_taken":0},{"event_name":"Colosseum","player_choice":"Fight","floor":21,"damage_taken":0},{"event_name":"Colosseum","player_choice":"Fought Nobs","floor":21,"damage_taken":0}],"is_beta":false,"boss_relics":[{"not_picked":["HoveringKite","Fusion Hammer"],"picked":"Cursed Key"}],"items_purged_floors":[2,20],"is_endless":false,"potions_floor_spawned":[1,10,18],"killed_by":"Colosseum Nobs","ascension_level":10}