{"gold_per_floor":[113,113,113,188,188,188,223,11,34,34,69,81,107,117,117,188,188,208,59,75,87,87,87,115,115,115,145,170,4,23,42,42,42],"floor_reached":33,"playtime":1135,"items_purged":[],"score":604,"play_id":"cd660f7a-1b1a-4b1f-8f4c-a09f5fb74ee8","local_time":"20191004175313","is_ascension_mode":true,"campfire_choices":[{"data":"Shockwave","floor":6,"key":"SMITH"},{"data":"True Grit","floor":15,"key":"SMITH"},{"floor":23,"key":"DIG"},{"floor":25,"key":"DIG"},{"floor":32,"key":"DIG"}],"neow_cost":"NONE","seed_source_timestamp":2018389994111113,"circlet_count":0,"master_deck":["AscendersBane","Strike_R","Strike_R","Strike_R","Strike_R","Strike_R","Defend_R","Defend_R","Defend_R","Defend_R","Bash","Shockwave+1","Immolate","True Grit+1","Inflame","Headbutt","Reaper","Feed","Ghostly Armor","Shrug It Off","Immolate","Battle Trance","Feed"],"relics":["Burning Blood","NeowsBlessing","Art of War","Ancient Tea Set","Membership Card","PreservedInsect","Paper Frog","Meat on the Bone","Mark of Pain","Shovel","Strawberry","Juzu Bracelet","Pen Nib","Mercury Hourglass","The Courier","Red Mask","Bottled Flame","Bronze Scales","Darkstone Periapt"],"potions_floor_usage":[13,18,24,33,33],"damage_taken":[{"damage":0,"enemies":"2 Louse","floor":1,"turns":1},{"damage":0,"enemies":"3 Sentries","floor":7,"turns":1},{"damage":0,"enemies":"Gremlin Nob","floor":11,"turns":1},{"damage":4,"enemies":"Cultist","floor":12,"turns":3},{"damage":18,"enemies":"3 Sentries","floor":13,"turns":3},{"damage":4,"enemies":"Jaw Worm","floor":14,"turns":4},{"damage":23,"enemies":"Slime Boss","floor":16,"turns":5},{"damage":11,"enemies":"Spheric Guardian","floor":18,"turns":3},{"damage":14,"enemies":"2 Thieves","floor":20,"turns":3},{"damage":30,"enemies":"3 Cultists","floor":21,"turns":4},{"damage":14,"enemies":"Gremlin Leader","floor":24,"turns":5},{"damage":15,"enemies":"Book of Stabbing","floor":27,"turns":3},{"damage":0,"enemies":"Masked Bandits","floor":28,"turns":2},{"damage":26,"enemies":"Shelled Parasite and Fungi","floor":30,"turns":4},{"damage":1,"enemies":"Snecko","floor":31,"turns":3},{"damage":99,"enemies":"Collector","floor":33,"turns":7}],"seed_played":"230515796339135732","potions_obtained":[{"floor":1,"key":"GamblersBrew"},{"floor":11,"key":"DuplicationPotion"},{"floor":21,"key":"SneckoOil"},{"floor":27,"key":"Swift Potion"},{"floor":28,"key":"LiquidBronze"},{"floor":30,"key":"Dexterity Potion"}],"is_trial":false,"path_per_floor":["M","$","?","?","?","R","E","$","T","$","E","M","E","M","R","B",null,"M","$","M","M","?","R","E","R","T","E","?","$","M","M","R","B"],"character_chosen":"IRONCLAD","items_purchased":["Membership Card","Immolate","True Grit","Shovel","Bottled Flame","Bronze Scales"],"campfire_rested":0,"item_purchase_floors":[8,8,8,19,29,29],"current_hp_per_floor":[78,78,71,60,52,52,58,58,58,58,64,66,54,60,60,55,74,72,72,64,68,68,75,85,85,85,76,85,85,68,80,80,0],"gold":42,"neow_bonus":"THREE_ENEMY_KILL","is_prod":false,"is_daily":false,"chose_seed":false,"campfire_upgraded":2,"win_rate":0,"timestamp":1570225993,"path_taken":["M","$","?","?","?","R","E","$","T","$","E","?","E","M","R","BOSS","M","$","?","?","?","R","E","R","T","E","?","$","M","M","R","BOSS"],"build_version":"2019-10-04","purchased_purges":0,"victory":false,"max_hp_per_floor":[80,80,80,80,80,80,80,80,80,80,80,80,80,80,80,80,80,83,83,83,83,83,90,93,93,93,93,96,96,99,99,99,99],"card_choices":[{"not_picked":["Anger","Warcry"],"picked":"Shockwave","floor":1},{"not_picked":["Limit Break","Dual Wield","Reckless Charge"],"picked":"SKIP","floor":7},{"not_picked":["Thunderclap","Heavy Blade"],"picked":"Inflame","floor":11},{"not_picked":["Rampage","Wild Strike"],"picked":"Headbutt","floor":12},{"not_picked":["Combust","Second Wind"],"picked":"Reaper","floor":13},{"not_picked":["Iron Wave","Intimidate","Body Slam"],"picked":"SKIP","floor":14},{"not_picked":["Limit Break","Dark Embrace"],"picked":"Feed","floor":16},{"not_picked":["Wild Strike","Intimidate"],"picked":"Ghostly Armor","floor":18},{"not_picked":["Armaments","Burning Pact"],"picked":"Shrug It Off","floor":20},{"not_picked":["Ghostly Armor","Bloodletting","Perfected Strike"],"picked":"SKIP","floor":21},{"not_picked":["Perfected Strike","Corruption"],"picked":"Immolate","floor":24},{"not_picked":["Havoc","Armaments","Heavy Blade"],"picked":"SKIP","floor":27},{"not_picked":["Warcry","Sword Boomerang"],"picked":"Battle Trance","floor":30},{"not_picked":["Thunderclap","Havoc+1"],"picked":"Feed","floor":31}],"player_experience":462656,"relics_obtained":[{"floor":7,"key":"Ancient Tea Set"},{"floor":9,"key":"PreservedInsect"},{"floor":11,"key":"Paper Frog"},{"floor":13,"key":"Meat on the Bone"},{"floor":23,"key":"Strawberry"},{"floor":24,"key":"Juzu Bracelet"},{"floor":25,"key":"Pen Nib"},{"floor":26,"key":"Mercury Hourglass"},{"floor":27,"key":"The Courier"},{"floor":28,"key":"Red Mask"},{"floor":32,"key":"Darkstone Periapt"}],"event_choices":[{"damage_healed":0,"gold_gain":0,"player_choice":"Success","damage_taken":7,"relics_obtained":["Art of War"],"max_hp_gain":0,"max_hp_loss":0,"event_name":"Scrap Ooze","floor":3,"gold_loss":0},{"damage_healed":0,"gold_gain":75,"player_choice":"Gather Gold","damage_taken":11,"max_hp_gain":0,"max_hp_loss":0,"event_name":"World of Goop","floor":4,"gold_loss":0},{"damage_healed":0,"gold_gain":0,"player_choice":"Damaged","damage_taken":8,"max_hp_gain":0,"max_hp_loss":0,"event_name":"Wheel of Change","floor":5,"gold_loss":0},{"damage_healed":0,"gold_gain":0,"player_choice":"Ignored","damage_taken":0,"max_hp_gain":0,"max_hp_loss":0,"event_name":"Vampires","floor":22,"gold_loss":0},{"damage_healed":0,"gold_gain":0,"player_choice":"Fought Bandits","damage_taken":0,"max_hp_gain":0,"max_hp_loss":0,"event_name":"Masked Bandits","floor":28,"gold_loss":0}],"is_beta":true,"boss_relics":[{"not_picked":["Pandora\u0027s Box","Runic Dome"],"picked":"Mark of Pain"}],"items_purged_floors":[],"is_endless":false,"potions_floor_spawned":[1,11,21,27,28,30],"killed_by":"Collector","ascension_level":13}