{"gold_per_floor":[113,66,78,20,40,40,60,60,60,60,60,78,91,71,71,71],"floor_reached":16,"playtime":528,"items_purged":[],"score":179,"play_id":"5d2a1d90-f131-479e-9aa5-85745866a7c8","local_time":"20191007222037","is_ascension_mode":true,"campfire_choices":[{"data":"Capacitor","floor":6.0,"key":"SMITH"},{"data":"Barrage","floor":8.0,"key":"SMITH"},{"data":"Dualcast","floor":10.0,"key":"SMITH"},{"floor":15.0,"key":"REST"}],"neow_cost":"CURSE","seed_source_timestamp":107562404263600,"circlet_count":0,"master_deck":["AscendersBane","Strike_B","Strike_B","Strike_B","Strike_B","Defend_B","Defend_B","Defend_B","Defend_B","Zap","Dualcast+1","Writhe","Core Surge","Hologram","Cold Snap","Cold Snap","Capacitor+1","Barrage+1","Decay","Capacitor","Machine Learning"],"special_seed":0,"relics":["Cracked Core","Letter Opener"],"potions_floor_usage":[16],"damage_taken":[{"damage":4.0,"enemies":"Small Slimes","floor":1.0,"turns":3.0},{"damage":0.0,"enemies":"Cultist","floor":3.0,"turns":3.0},{"damage":1.0,"enemies":"2 Louse","floor":5.0,"turns":3.0},{"damage":13.0,"enemies":"Exordium Thugs","floor":7.0,"turns":6.0},{"damage":3.0,"enemies":"Blue Slaver","floor":12.0,"turns":3.0},{"damage":20.0,"enemies":"Lots of Slimes","floor":13.0,"turns":5.0},{"damage":49,"enemies":"Hexaghost","floor":16,"turns":9}],"seed_played":"-5598705358032868961","potions_obtained":[{"floor":3.0,"key":"Fire Potion"},{"floor":5.0,"key":"SteroidPotion"}],"is_trial":false,"path_per_floor":["M","?","M","$","M","R","M","R","T","R","?","M","M","?","R","B"],"character_chosen":"DEFECT","items_purchased":["Cold Snap"],"campfire_rested":1,"item_purchase_floors":[4],"current_hp_per_floor":[60,60,60,60,59,59,46,46,46,46,46,43,23,23,44,0],"gold":71,"neow_bonus":"THREE_RARE_CARDS","is_prod":false,"is_daily":false,"chose_seed":false,"campfire_upgraded":3,"win_rate":0,"timestamp":1570512037,"path_taken":["M","?","M","$","M","R","M","R","T","R","?","?","M","?","R","BOSS"],"build_version":"2019-07-17","purchased_purges":0,"victory":false,"max_hp_per_floor":[71,71,71,71,71,71,71,71,71,71,71,71,71,71,71,71],"card_choices":[{"not_picked":["Reboot","Rainbow"],"picked":"Core Surge","floor":0.0},{"not_picked":["Rip and Tear","Heatsinks"],"picked":"Hologram","floor":1.0},{"not_picked":["Streamline","Rip and Tear"],"picked":"Cold Snap","floor":3.0},{"not_picked":["Barrage","Force Field"],"picked":"Capacitor","floor":5.0},{"not_picked":["Sweeping Beam","Double Energy"],"picked":"Barrage","floor":7.0},{"not_picked":["Scrape","Rebound"],"picked":"Capacitor","floor":12.0},{"not_picked":["Turbo","Coolheaded"],"picked":"Machine Learning","floor":13.0}],"player_experience":687720,"relics_obtained":[{"floor":9.0,"key":"Letter Opener"}],"event_choices":[{"damage_healed":0.0,"max_hp_gain":0.0,"max_hp_loss":0.0,"gold_gain":0.0,"event_name":"World of Goop","player_choice":"Left Gold","floor":2.0,"gold_loss":47.0,"damage_taken":0.0},{"damage_healed":0.0,"max_hp_gain":0.0,"max_hp_loss":0.0,"gold_gain":0.0,"event_name":"Wheel of Change","player_choice":"Cursed","floor":11.0,"gold_loss":0.0,"damage_taken":0.0,"cards_obtained":["Decay"]},{"damage_healed":0.0,"max_hp_gain":0.0,"max_hp_loss":0.0,"gold_gain":0.0,"event_name":"The Woman in Blue","player_choice":"Bought 1 Potion","floor":14.0,"gold_loss":0.0,"damage_taken":0.0}],"is_beta":false,"boss_relics":[],"items_purged_floors":[],"is_endless":false,"potions_floor_spawned":[3,5,12],"killed_by":"Hexaghost","ascension_level":19}