{"gold_per_floor":[118,118,60,71,29,29,42,70,151,151,183,183,202,202,202,279,279,291,291,71,71,84,84,116,136,161,178,178,203,203,203,203,203],"floor_reached":33,"playtime":1692,"items_purged":[],"score":524,"play_id":"770a17d5-945f-4ee4-9876-45a6c7269772","local_time":"20191010203221","is_ascension_mode":true,"campfire_choices":[{"data":"Reckless Charge","floor":6,"key":"SMITH"},{"floor":10,"key":"REST"},{"data":"Uppercut","floor":15,"key":"SMITH"},{"data":"True Grit","floor":23,"key":"SMITH"},{"floor":30,"key":"REST"},{"floor":32,"key":"REST"}],"neow_cost":"NONE","seed_source_timestamp":519672975863,"circlet_count":0,"master_deck":["AscendersBane","Strike_R+1","Strike_R","Strike_R+1","Defend_R","Defend_R","Defend_R","Defend_R","Bash","True Grit+1","Shrug It Off","Reckless Charge+1","Disarm","Uppercut+1","Corruption","Feed","Shrug It Off","Feel No Pain","Flame Barrier","True Grit","Sentinel","True Grit","Evolve","Shockwave+1"],"relics":["Burning Blood","Bag of Preparation","Anchor","Ginger","Mercury Hourglass","TungstenRod","Empty Cage","Peace Pipe","Whetstone","Question Card"],"potions_floor_usage":[8,24,29,33],"damage_taken":[{"damage":6,"enemies":"Cultist","floor":1,"turns":3},{"damage":0,"enemies":"2 Louse","floor":4,"turns":3},{"damage":0,"enemies":"Small Slimes","floor":7,"turns":3},{"damage":41,"enemies":"Lagavulin","floor":8,"turns":7},{"damage":13,"enemies":"3 Sentries","floor":11,"turns":6},{"damage":15,"enemies":"Exordium Thugs","floor":13,"turns":5},{"damage":37,"enemies":"The Guardian","floor":16,"turns":15},{"damage":17,"enemies":"2 Thieves","floor":18,"turns":4},{"damage":11,"enemies":"Shell Parasite","floor":22,"turns":6},{"damage":43,"enemies":"Gremlin Leader","floor":24,"turns":8},{"damage":0,"enemies":"Snake Plant","floor":25,"turns":5},{"damage":0,"enemies":"Snecko","floor":27,"turns":6},{"damage":0,"enemies":"Colosseum Slavers","floor":28,"turns":7},{"damage":29,"enemies":"Slavers","floor":29,"turns":11},{"damage":78,"enemies":"Champ","floor":33,"turns":17}],"seed_played":"-1152741195677998899","potions_obtained":[{"floor":7,"key":"Weak Potion"},{"floor":8,"key":"Strength Potion"},{"floor":16,"key":"Explosive Potion"},{"floor":27,"key":"Energy Potion"}],"is_trial":false,"path_per_floor":["M","?","$","M","?","R","M","E","T","R","E","?","M","?","R","B",null,"M","?","$","?","M","R","E","M","T","M","?","E","R","?","R","B"],"character_chosen":"IRONCLAD","items_purchased":["Shrug It Off","Feel No Pain","Flame Barrier","True Grit"],"campfire_rested":3,"item_purchase_floors":[3,20,20,20],"current_hp_per_floor":[68,50,50,56,56,56,62,27,27,49,42,32,23,48,48,17,61,53,53,53,53,48,48,11,20,20,26,32,12,37,37,62,0],"gold":203,"neow_bonus":"RANDOM_COMMON_RELIC","is_prod":false,"is_daily":false,"chose_seed":false,"campfire_upgraded":3,"win_rate":0,"timestamp":1570753941,"path_taken":["M","?","$","M","?","R","M","E","T","R","E","?","?","?","R","BOSS","M","?","$","?","M","R","E","M","T","M","?","E","R","?","R","BOSS"],"build_version":"2019-10-10","purchased_purges":0,"victory":false,"max_hp_per_floor":[75,75,75,75,75,75,75,75,75,75,75,75,75,75,75,75,75,78,78,78,78,78,78,78,81,81,81,81,84,84,84,84,84],"card_choices":[{"not_picked":["Fire Breathing","Clash"],"picked":"True Grit","floor":1},{"not_picked":["Warcry","Havoc"],"picked":"Reckless Charge","floor":4},{"not_picked":["Heavy Blade","Havoc"],"picked":"Disarm","floor":7},{"not_picked":["Iron Wave","Anger"],"picked":"Uppercut","floor":8},{"not_picked":["Twin Strike","Intimidate","Thunderclap"],"picked":"SKIP","floor":11},{"not_picked":["Armaments","Intimidate"],"picked":"Corruption","floor":13},{"not_picked":["Juggernaut","Brutality"],"picked":"Feed","floor":16},{"not_picked":["Wild Strike","Heavy Blade"],"picked":"Shrug It Off","floor":18},{"not_picked":["Wild Strike","Perfected Strike","Twin Strike"],"picked":"SKIP","floor":22},{"not_picked":["Flex","Heavy Blade"],"picked":"Sentinel","floor":24},{"not_picked":["Warcry","Sword Boomerang"],"picked":"True Grit","floor":25},{"not_picked":["Clash","Combust"],"picked":"Evolve","floor":27},{"not_picked":["Metallicize+1","Uppercut"],"picked":"Shockwave+1","floor":29}],"player_experience":492158,"relics_obtained":[{"floor":8,"key":"Ginger"},{"floor":9,"key":"Mercury Hourglass"},{"floor":11,"key":"TungstenRod"},{"floor":24,"key":"Peace Pipe"},{"floor":26,"key":"Whetstone"},{"floor":29,"key":"Question Card"}],"event_choices":[{"damage_healed":0,"gold_gain":0,"player_choice":"Success","damage_taken":18,"relics_obtained":["Anchor"],"max_hp_gain":0,"max_hp_loss":0,"event_name":"Scrap Ooze","floor":2,"gold_loss":0},{"damage_healed":0,"gold_gain":0,"player_choice":"Left Gold","damage_taken":0,"max_hp_gain":0,"max_hp_loss":0,"event_name":"World of Goop","floor":5,"gold_loss":42},{"damage_healed":0,"gold_gain":0,"player_choice":"Damaged","damage_taken":11,"max_hp_gain":0,"max_hp_loss":0,"event_name":"Wheel of Change","floor":12,"gold_loss":0},{"damage_healed":25,"gold_gain":0,"player_choice":"Banana","damage_taken":0,"max_hp_gain":0,"max_hp_loss":0,"event_name":"Big Fish","floor":14,"gold_loss":0},{"damage_healed":0,"gold_gain":0,"player_choice":"Ignored","damage_taken":0,"max_hp_gain":0,"max_hp_loss":0,"event_name":"Beggar","floor":19,"gold_loss":0},{"damage_healed":0,"gold_gain":0,"player_choice":"Ignored","damage_taken":0,"max_hp_gain":0,"max_hp_loss":0,"event_name":"The Mausoleum","floor":21,"gold_loss":0},{"damage_healed":0,"gold_gain":0,"player_choice":"Fight","damage_taken":0,"max_hp_gain":0,"max_hp_loss":0,"event_name":"Colosseum","floor":28,"gold_loss":0},{"damage_healed":0,"gold_gain":0,"player_choice":"Fled From Nobs","damage_taken":0,"max_hp_gain":0,"max_hp_loss":0,"event_name":"Colosseum","floor":28,"gold_loss":0},{"damage_healed":0,"gold_gain":0,"player_choice":"Ignored","damage_taken":0,"max_hp_gain":0,"max_hp_loss":0,"event_name":"Vampires","floor":31,"gold_loss":0}],"is_beta":true,"boss_relics":[{"not_picked":["Tiny House","Snecko Eye"],"picked":"Empty Cage"}],"items_purged_floors":[],"is_endless":false,"potions_floor_spawned":[7,8,16,18,27],"killed_by":"Champ","ascension_level":16}