{"gold_per_floor":[118,193,193,19,32,32,51,51,51,16,16,31,31,63,63,135,135,147,166,20,20,20,20,20,20,20,33,33],"floor_reached":28,"playtime":797,"items_purged":["Strike_B","Strike_B"],"score":375,"play_id":"0371eedd-2383-48ea-9c04-7cde98d4a389","local_time":"20190520003418","is_ascension_mode":true,"campfire_choices":[{"data":"White Noise","floor":6,"key":"SMITH"},{"data":"Capacitor","floor":8,"key":"SMITH"},{"data":"Conserve Battery","floor":11,"key":"SMITH"},{"floor":15,"key":"REST"},{"data":"Fission","floor":23,"key":"SMITH"},{"data":"Sunder","floor":25,"key":"SMITH"}],"neow_cost":"NONE","seed_source_timestamp":523078110958300,"circlet_count":0,"master_deck":["AscendersBane","Strike_B","Defend_B","Defend_B","Defend_B+1","Defend_B+1","Zap+1","Dualcast","Hologram","White Noise+1","Conserve Battery+1","Beam Cell","Capacitor+1","Hologram","Sunder+1","Fission+1","Self Repair","Fusion","Self Repair","Capacitor","Go for the Eyes","Barrage+1","Loop"],"relics":["Cracked Core","War Paint","Prayer Wheel","Blood Vial","Coffee Dripper","Toxic Egg 2","Lantern"],"potions_floor_usage":[14,16,18],"damage_taken":[{"damage":6,"enemies":"2 Louse","floor":1,"turns":2},{"damage":7,"enemies":"Small Slimes","floor":5,"turns":3},{"damage":0,"enemies":"Jaw Worm","floor":7,"turns":2},{"damage":0,"enemies":"2 Fungi Beasts","floor":12,"turns":2},{"damage":43,"enemies":"Gremlin Nob","floor":14,"turns":5},{"damage":35,"enemies":"The Guardian","floor":16,"turns":12},{"damage":14,"enemies":"Chosen","floor":18,"turns":5},{"damage":18,"enemies":"3 Byrds","floor":19,"turns":6},{"damage":10,"enemies":"Centurion and Healer","floor":27,"turns":10},{"damage":48,"enemies":"Cultist and Chosen","floor":28,"turns":5}],"seed_played":"3570699648115021333","potions_obtained":[{"floor":7,"key":"Block Potion"},{"floor":14,"key":"Strength Potion"},{"floor":16,"key":"EssenceOfSteel"},{"floor":18,"key":"PowerPotion"}],"is_trial":false,"path_per_floor":["M","?","?","$","M","R","M","R","T","?","R","M","T","E","R","B",null,"M","M","$","T","?","R","$","R","T","M","M"],"character_chosen":"DEFECT","items_purchased":["White Noise","Conserve Battery","Go for the Eyes"],"campfire_rested":1,"item_purchase_floors":[4,4,20],"current_hp_per_floor":[58,47,52,52,45,45,45,45,45,64,64,64,64,21,43,10,60,48,39,39,39,39,39,39,39,39,45,0],"gold":33,"neow_bonus":"UPGRADE_CARD","is_prod":false,"is_daily":false,"chose_seed":false,"campfire_upgraded":5,"win_rate":0,"timestamp":1558305258,"path_taken":["M","?","?","?","M","R","M","R","T","?","R","M","?","E","R","BOSS","M","M","$","?","?","R","?","R","T","M","M"],"build_version":"2019-01-23","purchased_purges":2,"victory":false,"max_hp_per_floor":[71,71,76,76,76,76,76,76,76,76,76,76,76,76,76,76,76,76,76,76,76,76,76,76,76,76,76,76],"card_choices":[{"not_picked":["Stack","Go for the Eyes"],"picked":"Hologram","floor":1},{"not_picked":["Hello World","Steam"],"picked":"Beam Cell","floor":5},{"not_picked":["Cold Snap","Stack"],"picked":"Capacitor","floor":7},{"not_picked":["BootSequence","Rebound"],"picked":"Hologram","floor":12},{"not_picked":["Redo","Ball Lightning"],"picked":"Sunder","floor":14},{"not_picked":["Seek","Rainbow"],"picked":"Fission","floor":16},{"not_picked":["Barrage+1","Stack"],"picked":"Self Repair","floor":18},{"not_picked":["Sunder","Leap"],"picked":"Fusion","floor":18},{"not_picked":["Beam Cell","Gash"],"picked":"Self Repair","floor":19},{"not_picked":["Stack","Redo"],"picked":"Capacitor","floor":19},{"not_picked":["Ball Lightning","Leap+1"],"picked":"Barrage+1","floor":27},{"not_picked":["All For One","Skim+1"],"picked":"Loop","floor":27}],"player_experience":1158877,"relics_obtained":[{"floor":9,"key":"War Paint"},{"floor":13,"key":"Prayer Wheel"},{"floor":14,"key":"Blood Vial"},{"floor":21,"key":"Toxic Egg 2"},{"floor":26,"key":"Lantern"}],"event_choices":[{"damage_healed":0,"gold_gain":75,"player_choice":"Gather Gold","damage_taken":11,"max_hp_gain":0,"max_hp_loss":0,"event_name":"World of Goop","floor":2,"gold_loss":0},{"damage_healed":0,"gold_gain":0,"player_choice":"Donut","damage_taken":0,"max_hp_gain":5,"max_hp_loss":0,"event_name":"Big Fish","floor":3,"gold_loss":0},{"damage_healed":19,"gold_gain":0,"player_choice":"Healed","damage_taken":0,"max_hp_gain":0,"max_hp_loss":0,"event_name":"The Cleric","floor":10,"gold_loss":35},{"cards_removed":["Strike_B"],"damage_healed":0,"gold_gain":0,"player_choice":"Elegance","damage_taken":0,"max_hp_gain":0,"max_hp_loss":0,"event_name":"Back to Basics","floor":22,"gold_loss":0}],"is_beta":false,"boss_relics":[{"not_picked":["Busted Crown","Fusion Hammer"],"picked":"Coffee Dripper"}],"items_purged_floors":[4,20],"is_endless":false,"potions_floor_spawned":[7,14,16,18],"killed_by":"Cultist and Chosen","ascension_level":15}