{"gold_per_floor":[119,48,66,76,76,117,117,146,195,195,195,4,42,154,166,297,309,345,282,205,221,221,221,259,274,298,298],"floor_reached":27,"playtime":1235,"items_purged":["Anger"],"score":356,"play_id":"ac324888-86d4-40eb-b05a-1f43868a79ee","local_time":"20180809202206","is_ascension_mode":true,"campfire_choices":[{"data":"Inflame","floor":7,"key":"SMITH"},{"floor":10,"key":"REST"},{"floor":15,"key":"REST"},{"data":"Limit Break","floor":23,"key":"SMITH"}],"neow_cost":"NONE","seed_source_timestamp":73144931859497,"circlet_count":0,"master_deck":["Strike_R+1","Strike_R+1","Strike_R+1","Strike_R+1","Strike_R+1","Defend_R+1","Defend_R+1","Defend_R+1","Defend_R+1","Bash","AscendersBane","Battle Trance","Inflame","Inflame+1","Cleave","Rampage","Offering","Metallicize","Inflame","Limit Break+1","J.A.X.","Whirlwind"],"relics":["Burning Blood","Golden Idol","Boot","Odd Mushroom","Anchor","Mummified Hand","Orichalcum","MawBank","Snecko Eye","Mercury Hourglass","Regal Pillow"],"potions_floor_usage":[8,16,16,24,27],"damage_taken":[{"damage":1,"enemies":"2 Louse","floor":1,"turns":3},{"damage":10,"enemies":"Small Slimes","floor":3,"turns":3},{"damage":4,"enemies":"Jaw Worm","floor":4,"turns":4},{"damage":22,"enemies":"3 Sentries","floor":6,"turns":7},{"damage":16,"floor":8,"turns":3},{"damage":16,"enemies":"Lagavulin","floor":13,"turns":5},{"damage":32,"enemies":"Hexaghost","floor":16,"turns":7},{"damage":18,"enemies":"Spheric Guardian","floor":18,"turns":4},{"damage":8,"enemies":"Shell Parasite","floor":21,"turns":3},{"damage":51,"enemies":"Gremlin Leader","floor":24,"turns":5},{"damage":0,"enemies":"Snecko","floor":25,"turns":3},{"damage":18,"enemies":"Snake Plant","floor":27,"turns":3}],"seed_played":"8982580473336206185","potions_obtained":[{"floor":4,"key":"FearPotion"},{"floor":6,"key":"Poison Potion"},{"floor":13,"key":"Ancient Potion"},{"floor":18,"key":"Dexterity Potion"},{"floor":25,"key":"Block Potion"}],"is_trial":false,"path_per_floor":["M","$","M","M","?","E","R","?","T","R","T","$","E","?","R","B",null,"M","$","?","M","?","R","E","M","T"],"character_chosen":"IRONCLAD","items_purchased":["Inflame","Metallicize","Orichalcum"],"campfire_rested":2,"item_purchase_floors":[2,12,12],"current_hp_per_floor":[77,77,73,75,55,39,39,29,29,53,53,53,43,43,67,41,70,58,58,58,56,56,56,11,17,17,0],"gold":298,"neow_bonus":"THREE_CARDS","is_prod":false,"is_daily":false,"chose_seed":false,"campfire_upgraded":2,"win_rate":0,"timestamp":1533842526,"path_taken":["M","$","M","M","?","E","R","?","T","R","?","$","E","?","R","BOSS","M","$","?","M","?","R","E","?","T","M"],"build_version":"2018-08-02","purchased_purges":1,"victory":false,"max_hp_per_floor":[80,80,80,80,80,80,80,80,80,80,80,80,80,80,80,80,80,80,80,80,80,80,80,80,80,80,80],"card_choices":[{"not_picked":["Blood for Blood","Warcry"],"picked":"Battle Trance","floor":0},{"not_picked":["Heavy Blade","Wild Strike"],"picked":"Anger","floor":1},{"not_picked":["Iron Wave","Anger"],"picked":"Inflame","floor":3},{"not_picked":["Dual Wield","Power Through"],"picked":"Cleave","floor":4},{"not_picked":["Iron Wave","Sever Soul"],"picked":"Rampage","floor":6},{"not_picked":["Twin Strike","Body Slam"],"picked":"Offering","floor":8},{"not_picked":["Sever Soul","Searing Blow"],"picked":"Inflame","floor":13},{"not_picked":["Immolate","Berserk"],"picked":"Limit Break","floor":16},{"not_picked":["Rage","Rampage","Seeing Red"],"picked":"SKIP","floor":18},{"not_picked":["Fire Breathing+1","Warcry","Armaments"],"picked":"SKIP","floor":21},{"not_picked":["Intimidate","Cleave"],"picked":"Whirlwind","floor":24},{"not_picked":["Headbutt","Reckless Charge+1","Anger+1"],"picked":"SKIP","floor":25}],"player_experience":551811,"relics_obtained":[{"floor":6,"key":"Boot"},{"floor":8,"key":"Odd Mushroom"},{"floor":9,"key":"Anchor"},{"floor":11,"key":"Mummified Hand"},{"floor":13,"key":"MawBank"},{"floor":24,"key":"Mercury Hourglass"},{"floor":26,"key":"Regal Pillow"}],"event_choices":[{"event_name":"Golden Idol","player_choice":"Take Damage","floor":5,"damage_taken":0},{"event_name":"Mushrooms","player_choice":"Fought Mushrooms","floor":8,"damage_taken":0},{"event_name":"Golden Shrine","player_choice":"Pray","floor":14,"damage_taken":0},{"event_name":"Drug Dealer","player_choice":"Got JAXXED","floor":20,"damage_taken":0},{"event_name":"Back to Basics","player_choice":"Simplicity","floor":22,"damage_taken":0}],"is_beta":false,"boss_relics":[{"not_picked":["Runic Dome","Orrery"],"picked":"Snecko Eye"}],"items_purged_floors":[19],"is_endless":false,"potions_floor_spawned":[4,6,13,18,25],"killed_by":"Snake Plant","ascension_level":10}