{"gold_per_floor":[114,129,1,1,1,1,17,17,17,17,27,45,60,80,80,176,176,187,17,17,37,37,37,47,47,95,105,105,105,116,132,132,236,236,252,113,131,143,143,143,157,32,84,44,44,44,75,92,92,92],"floor_reached":50,"playtime":3150,"items_purged":["Strike_G","Strike_G","Strike_G"],"score":699,"play_id":"0a1e52d6-0f4f-4e45-ac24-3445d423285e","local_time":"20180908203723","is_ascension_mode":true,"campfire_choices":[{"data":"Neutralize","floor":6,"key":"SMITH"},{"data":"Caltrops","floor":8,"key":"SMITH"},{"floor":15,"key":"REST"},{"data":"Leg Sweep","floor":23,"key":"SMITH"},{"data":"Noxious Fumes","floor":29,"key":"SMITH"},{"floor":32,"key":"REST"},{"floor":40,"key":"REST"},{"data":"Bouncing Flask","floor":45,"key":"SMITH"},{"floor":49,"key":"REST"}],"neow_cost":"NONE","seed_source_timestamp":1846979367104030,"circlet_count":0,"master_deck":["Defend_G","Defend_G","Defend_G","Defend_G+1","Defend_G","Strike_G","Survivor","Neutralize+1","AscendersBane","Skewer","Dagger Throw","PiercingWail","Noxious Fumes+1","Caltrops+1","Leg Sweep+1","Bouncing Flask+1","Dash","Blur+1","A Thousand Cuts+1","Underhanded Strike","Writhe","Poisoned Stab","Burst","Dash+1","Night Terror","Bouncing Flask+1","Dash","Catalyst+1","Caltrops+1","Prepared+1","Distraction+1"],"relics":["Ring of the Snake","Bottled Tornado","Darkstone Periapt","Snecko Eye","War Paint","Ancient Tea Set","MutagenicStrength","Sozu","Vajra","Prayer Wheel","Kunai"],"potions_floor_usage":[16,24,38,50,50],"damage_taken":[{"damage":8,"enemies":"Small Slimes","floor":1,"turns":6},{"damage":3,"enemies":"Jaw Worm","floor":2,"turns":4},{"damage":0,"enemies":"Cultist","floor":7,"turns":3},{"damage":2,"enemies":"Exordium Thugs","floor":11,"turns":5},{"damage":10,"enemies":"3 Louse","floor":12,"turns":3},{"damage":1,"enemies":"Large Slime","floor":13,"turns":6},{"damage":0,"enemies":"Red Slaver","floor":14,"turns":5},{"damage":9,"enemies":"Hexaghost","floor":16,"turns":12},{"damage":2,"enemies":"Shell Parasite","floor":18,"turns":4},{"damage":0,"enemies":"Chosen","floor":21,"turns":4},{"damage":17,"enemies":"Snake Plant","floor":24,"turns":4},{"damage":0,"enemies":"Centurion and Healer","floor":27,"turns":6},{"damage":2,"enemies":"Cultist and Chosen","floor":30,"turns":5},{"damage":2,"enemies":"Shelled Parasite and Fungi","floor":31,"turns":4},{"damage":45,"enemies":"Champ","floor":33,"turns":14},{"damage":3,"enemies":"Orb Walker","floor":35,"turns":3},{"damage":16,"enemies":"3 Darklings","floor":37,"turns":5},{"damage":0,"enemies":"Reptomancer","floor":38,"turns":9},{"damage":0,"enemies":"Sphere and 2 Shapes","floor":41,"turns":3},{"damage":15,"enemies":"Nemesis","floor":47,"turns":7},{"damage":10,"enemies":"Maw","floor":48,"turns":6},{"damage":69,"enemies":"Donu and Deca","floor":50,"turns":7}],"seed_played":"-6403735407382120892","potions_obtained":[{"floor":7,"key":"Weak Potion"},{"floor":12,"key":"EntropicBrew"},{"floor":13,"key":"Regen Potion"},{"floor":21,"key":"SkillPotion"},{"floor":24,"key":"Explosive Potion"}],"is_trial":false,"path_per_floor":["M","M","$","?","$","R","M","R","T","?","M","M","M","M","R","B",null,"M","$","?","M","?","R","M","?","T","M","?","R","M","M","R","B",null,"M","$","M","M","?","R","M","$","T","?","R","T","E","M","R"],"character_chosen":"THE_SILENT","items_purchased":["Noxious Fumes","SpeedPotion","Underhanded Strike","Strength Potion","Dash"],"campfire_rested":4,"item_purchase_floors":[3,3,19,19,36],"current_hp_per_floor":[55,52,52,52,52,52,52,52,52,40,38,28,27,27,48,54,66,64,64,64,64,64,64,47,53,53,53,53,53,51,49,71,26,64,61,61,45,45,45,67,67,67,67,67,67,67,52,42,64,0],"gold":92,"neow_bonus":"TRANSFORM_CARD","is_prod":false,"is_daily":false,"chose_seed":false,"campfire_upgraded":5,"win_rate":0,"timestamp":1536435443,"path_taken":["M","M","$","?","?","R","M","R","T","?","M","M","?","?","R","BOSS","M","$","?","M","?","R","M","?","T","M","?","R","?","M","R","BOSS","M","$","M","M","?","R","M","$","T","?","R","?","E","M","R","BOSS"],"build_version":"2018-09-06","purchased_purges":3,"victory":false,"max_hp_per_floor":[70,70,70,70,70,70,70,70,70,70,70,70,70,70,70,70,70,70,70,70,70,70,70,70,76,76,76,76,76,76,76,76,76,76,76,76,76,76,76,76,76,76,76,76,76,76,76,76,76,76],"card_choices":[{"not_picked":["Slice","Distraction"],"picked":"Dagger Throw","floor":1},{"not_picked":["Sucker Punch","Tactician"],"picked":"PiercingWail","floor":2},{"not_picked":["Flying Knee","Distraction"],"picked":"Caltrops","floor":7},{"not_picked":["Outmaneuver","Sucker Punch"],"picked":"Leg Sweep","floor":11},{"not_picked":["Underhanded Strike","Venomology"],"picked":"Bouncing Flask","floor":12},{"not_picked":["Flying Knee","Slice"],"picked":"Dash","floor":13},{"not_picked":["Quick Slash","Underhanded Strike"],"picked":"Blur","floor":14},{"not_picked":["Tools of the Trade","Venomology"],"picked":"A Thousand Cuts","floor":16},{"not_picked":["Blade Dance","PiercingWail+1","Dagger Spray"],"picked":"SKIP","floor":18},{"not_picked":["Deflect","Slice+1","Cloak And Dagger"],"picked":"SKIP","floor":21},{"not_picked":["Acrobatics","PiercingWail","Setup+1"],"picked":"SKIP","floor":24},{"not_picked":["Sucker Punch","All Out Attack"],"picked":"Poisoned Stab","floor":27},{"not_picked":["Dodge and Roll","Crippling Poison"],"picked":"Burst","floor":30},{"not_picked":["Tactician+1","Setup+1"],"picked":"Dash+1","floor":31},{"not_picked":["After Image","Tools of the Trade"],"picked":"Night Terror","floor":33},{"not_picked":["Prepared+1","Quick Slash"],"picked":"Bouncing Flask+1","floor":35},{"not_picked":["Deflect","Acrobatics"],"picked":"Catalyst","floor":37},{"not_picked":["Dagger Throw","Distraction+1"],"picked":"Caltrops+1","floor":38},{"not_picked":["Dagger Throw","Outmaneuver"],"picked":"Prepared+1","floor":41},{"not_picked":["Quick Slash","Expertise","Venomology"],"picked":"SKIP","floor":47},{"not_picked":["Flying Knee+1","Prepared+1"],"picked":"Distraction+1","floor":48},{"not_picked":["PiercingWail+1","Masterful Stab+1","Outmaneuver+1"],"picked":"SKIP","floor":48}],"player_experience":699272,"relics_obtained":[{"floor":9,"key":"Bottled Tornado"},{"floor":26,"key":"Ancient Tea Set"},{"floor":43,"key":"Vajra"},{"floor":46,"key":"Prayer Wheel"},{"floor":47,"key":"Kunai"}],"event_choices":[{"event_name":"Golden Idol","player_choice":"Ignored","floor":4,"damage_taken":0},{"event_name":"Scrap Ooze","player_choice":"success","floor":10,"damage_taken":12},{"event_name":"Accursed Blacksmith","player_choice":"Forge","floor":20,"damage_taken":0},{"event_name":"Beggar","player_choice":"Ignored","floor":22,"damage_taken":0},{"event_name":"The Mausoleum","player_choice":"Yes","floor":25,"damage_taken":0},{"event_name":"Drug Dealer","player_choice":"Inject Mutagens","floor":28,"damage_taken":0},{"event_name":"Mysterious Sphere","player_choice":"Ignore","floor":39,"damage_taken":0},{"event_name":"Designer","player_choice":"Upgrade Card","floor":44,"damage_taken":0}],"is_beta":false,"boss_relics":[{"not_picked":["Fusion Hammer","Runic Dome"],"picked":"Snecko Eye"},{"not_picked":["Ring of the Serpent","Astrolabe"],"picked":"Sozu"}],"items_purged_floors":[19,36,42],"is_endless":false,"potions_floor_spawned":[7,12,13,14,21,24,30,33,35,37],"killed_by":"Donu and Deca","ascension_level":10}