{"gold_per_floor":[114,0,14,28,28,28,28,28,28,39,73,73,100,118,118,192,192,206,151,186,236,19,19,19,38,38,38],"floor_reached":27,"playtime":882,"items_purged":["Regret","Strike_B"],"score":416,"play_id":"ef01c3cf-aac5-4ef3-a653-ec6384394ab4","local_time":"20190519231415","is_ascension_mode":true,"campfire_choices":[{"data":"Zap","floor":6,"key":"SMITH"},{"data":"Rebound","floor":8,"key":"SMITH"},{"data":"Streamline","floor":12,"key":"SMITH"},{"floor":15,"key":"REST"},{"floor":23,"key":"REST"}],"neow_cost":"CURSE","seed_source_timestamp":80888877237856,"circlet_count":0,"master_deck":["AscendersBane","Strike_B","Strike_B","Strike_B","Defend_B","Defend_B","Defend_B","Defend_B","Zap+1","Dualcast","Conserve Battery","Sunder+1","Rebound+1","Conserve Battery","Streamline+1","Gash","Double Energy","Self Repair","Meteor Strike","Go for the Eyes","BootSequence","Self Repair","Glacier"],"relics":["Cracked Core","Ginger","Question Card","Strawberry","Blood Vial","Runic Pyramid","Tiny Chest","Red Mask","Matryoshka"],"potions_floor_usage":[16,16,18,25],"damage_taken":[{"damage":23,"enemies":"Jaw Worm","floor":1,"turns":4},{"damage":1,"enemies":"Cultist","floor":3,"turns":5},{"damage":5,"enemies":"Small Slimes","floor":4,"turns":3},{"damage":0,"enemies":"2 Fungi Beasts","floor":10,"turns":2},{"damage":15,"enemies":"3 Sentries","floor":11,"turns":4},{"damage":11,"enemies":"Lagavulin","floor":13,"turns":5},{"damage":4,"enemies":"Exordium Thugs","floor":14,"turns":2},{"damage":12,"enemies":"Slime Boss","floor":16,"turns":7},{"damage":26,"enemies":"2 Thieves","floor":18,"turns":4},{"damage":42,"enemies":"Masked Bandits","floor":20,"turns":4},{"damage":42,"enemies":"Shell Parasite","floor":25,"turns":6},{"damage":27,"enemies":"Chosen and Byrds","floor":27,"turns":4}],"seed_played":"-5467779841934576208","potions_obtained":[{"floor":3,"key":"Fire Potion"},{"floor":11,"key":"Strength Potion"},{"floor":14,"key":"SkillPotion"},{"floor":16,"key":"SkillPotion"}],"is_trial":false,"path_per_floor":["M","$","M","M","?","R","$","R","T","M","E","R","E","M","R","B",null,"M","?","?","?","$","R","$","M","T","M"],"character_chosen":"DEFECT","items_purchased":["Sunder","Regen Potion","Self Repair"],"campfire_rested":2,"item_purchase_floors":[2,22,22],"current_hp_per_floor":[41,41,40,35,35,35,35,35,35,35,27,27,16,14,37,34,67,43,43,10,10,10,33,33,21,21,0],"gold":38,"neow_bonus":"ONE_RARE_RELIC","is_prod":false,"is_daily":false,"chose_seed":false,"campfire_upgraded":3,"win_rate":0,"timestamp":1558304055,"path_taken":["M","$","M","M","?","R","?","R","T","M","E","R","E","M","R","BOSS","M","?","?","?","$","R","$","M","T","?"],"build_version":"2019-01-23","purchased_purges":2,"victory":false,"max_hp_per_floor":[71,71,71,71,71,71,71,71,71,71,78,78,78,78,78,78,78,78,78,78,78,78,78,78,78,78,78],"card_choices":[{"not_picked":["Leap","Chill"],"picked":"Conserve Battery","floor":1},{"not_picked":["Ball Lightning","Melter"],"picked":"Rebound","floor":3},{"not_picked":["Compile Driver","Rebound"],"picked":"Conserve Battery","floor":4},{"not_picked":["Gash","Hologram","Leap"],"picked":"Streamline","floor":10},{"not_picked":["Stack","Fission","Hello World"],"picked":"Gash","floor":11},{"not_picked":["Aggregate","Rebound","BootSequence"],"picked":"Double Energy","floor":13},{"not_picked":["Loop","Reprogram","White Noise"],"picked":"Self Repair","floor":14},{"not_picked":["Thunder Strike","Multi-Cast","Buffer"],"picked":"Meteor Strike","floor":16},{"not_picked":["Leap","Conserve Battery","Cold Snap"],"picked":"Go for the Eyes","floor":18},{"not_picked":["Rebound","Scrape","Coolheaded"],"picked":"BootSequence","floor":20},{"not_picked":["Static Discharge","Defragment","Ball Lightning"],"picked":"Glacier","floor":25}],"player_experience":1026509,"relics_obtained":[{"floor":9,"key":"Question Card"},{"floor":11,"key":"Strawberry"},{"floor":13,"key":"Blood Vial"},{"floor":20,"key":"Red Mask"},{"floor":26,"key":"Matryoshka"}],"event_choices":[{"damage_healed":0,"gold_gain":0,"player_choice":"Upgraded","damage_taken":0,"max_hp_gain":0,"max_hp_loss":0,"event_name":"Upgrade Shrine","floor":5,"gold_loss":0,"cards_upgraded":["Sunder"]},{"damage_healed":0,"gold_gain":0,"player_choice":"Obtained Relic","damage_taken":0,"relics_obtained":["Tiny Chest"],"max_hp_gain":0,"max_hp_loss":0,"event_name":"Addict","floor":19,"gold_loss":85},{"damage_healed":0,"gold_gain":0,"player_choice":"Fought Bandits","damage_taken":0,"max_hp_gain":0,"max_hp_loss":0,"event_name":"Masked Bandits","floor":20,"gold_loss":0},{"damage_healed":0,"gold_gain":50,"player_choice":"Pray","damage_taken":0,"max_hp_gain":0,"max_hp_loss":0,"event_name":"Golden Shrine","floor":21,"gold_loss":0}],"is_beta":false,"boss_relics":[{"not_picked":["Coffee Dripper","Philosopher\u0027s Stone"],"picked":"Runic Pyramid"}],"items_purged_floors":[2,22],"is_endless":false,"potions_floor_spawned":[3,11,14,16],"killed_by":"Chosen and Byrds","ascension_level":18}