{"gold_per_floor":[117,133,143,154,164,164,192,192,192,117,135,35,35,60,60,165,165,185,203,203,213,138,138,69,69,92,92,125,125,138,152,152,152],"floor_reached":33,"playtime":2148,"items_purged":["Strike_G","Strike_G"],"score":443,"play_id":"bc0778c0-16b6-4240-af95-3f7ebb3cbc5e","local_time":"20190930194906","is_ascension_mode":true,"campfire_choices":[{"data":"Footwork","floor":6.0,"key":"SMITH"},{"data":"Neutralize","floor":13,"key":"SMITH"},{"floor":15,"key":"REST"},{"data":"Malaise","floor":23,"key":"SMITH"},{"data":"Footwork","floor":27,"key":"SMITH"},{"data":"Footwork","floor":29,"key":"SMITH"},{"data":"Neutralize","floor":32,"key":"SMITH"}],"neow_cost":"TEN_PERCENT_HP_LOSS","seed_source_timestamp":10767632315920,"circlet_count":0,"master_deck":["AscendersBane","Defend_G+1","Defend_G","Defend_G","Survivor+1","Neutralize+1","Dagger Throw","Backflip","Footwork+1","Dodge and Roll","Adrenaline","Neutralize+1","Skewer","Malaise+1","Footwork+1","Predator","Footwork+1","Dodge and Roll","Unload","Dagger Spray"],"special_seed":0,"relics":["Ring of the Serpent","Torii","War Paint","Boot","Vajra","Pear"],"potions_floor_usage":[11,14,16,21,30,33],"damage_taken":[{"damage":1.0,"enemies":"Cultist","floor":1.0,"turns":5.0},{"damage":8.0,"enemies":"2 Louse","floor":2.0,"turns":4.0},{"damage":6.0,"enemies":"Jaw Worm","floor":3.0,"turns":4.0},{"damage":1.0,"enemies":"Red Slaver","floor":4.0,"turns":4.0},{"damage":1.0,"enemies":"2 Fungi Beasts","floor":5.0,"turns":4.0},{"damage":38.0,"enemies":"Lagavulin","floor":7.0,"turns":13.0},{"damage":0,"enemies":"Exordium Thugs","floor":11,"turns":7},{"damage":8,"enemies":"Gremlin Nob","floor":14,"turns":5},{"damage":2,"enemies":"The Guardian","floor":16,"turns":13},{"damage":2,"enemies":"Shell Parasite","floor":18,"turns":9},{"damage":2,"enemies":"Chosen","floor":19,"turns":7},{"damage":2,"enemies":"Sentry and Sphere","floor":21,"turns":12},{"damage":33,"enemies":"Gremlin Leader","floor":28,"turns":15},{"damage":2,"enemies":"3 Cultists","floor":30,"turns":7},{"damage":0,"enemies":"Centurion and Healer","floor":31,"turns":8},{"damage":29,"enemies":"Collector","floor":33,"turns":3}],"seed_played":"-4165387674598347162","potions_obtained":[{"floor":1.0,"key":"LiquidBronze"},{"floor":3.0,"key":"EssenceOfSteel"},{"floor":7.0,"key":"Regen Potion"},{"floor":11,"key":"AttackPotion"},{"floor":16,"key":"GamblersBrew"},{"floor":19,"key":"Energy Potion"},{"floor":21,"key":"Dexterity Potion"},{"floor":28,"key":"LiquidBronze"}],"is_trial":false,"path_per_floor":["M","M","M","M","M","R","E","?","T","$","M","$","R","E","R","B",null,"M","M","$","M","?","R","$","?","T","R","E","R","M","M","R","B"],"character_chosen":"THE_SILENT","items_purchased":["Footwork"],"campfire_rested":1,"item_purchase_floors":[24],"current_hp_per_floor":[62,54,48,47,46,46,8,8,8,8,23,23,23,15,33,31,55,53,51,51,49,49,49,49,49,49,49,26,26,24,24,24,0],"gold":152,"neow_bonus":"REMOVE_TWO","is_prod":false,"is_daily":false,"chose_seed":false,"campfire_upgraded":6,"win_rate":0,"timestamp":1569898146,"path_taken":["M","M","?","M","M","R","E","?","T","$","M","$","R","E","R","BOSS","M","M","$","M","?","R","$","?","T","R","E","R","M","M","R","BOSS"],"build_version":"2019-07-17","purchased_purges":2,"victory":false,"max_hp_per_floor":[63,63,63,63,63,63,63,63,63,63,63,63,63,63,63,63,63,63,63,63,63,63,63,63,63,63,63,73,73,73,73,73,73],"card_choices":[{"not_picked":["Heel Hook","Calculated Gamble"],"picked":"Dagger Throw","floor":1.0},{"not_picked":["PiercingWail","Blade Dance","Deflect"],"picked":"SKIP","floor":2.0},{"not_picked":["Bane","A Thousand Cuts"],"picked":"Backflip","floor":3.0},{"not_picked":["Prepared","Riddle With Holes"],"picked":"Footwork","floor":4.0},{"not_picked":["Masterful Stab","Reflex"],"picked":"Dodge and Roll","floor":5.0},{"not_picked":["Cloak And Dagger","Flechettes"],"picked":"Adrenaline","floor":7.0},{"not_picked":["Poisoned Stab","Deflect","Choke"],"picked":"SKIP","floor":11},{"not_picked":["Sucker Punch","Flying Knee","Cloak And Dagger"],"picked":"SKIP","floor":14},{"not_picked":["Night Terror","After Image"],"picked":"Malaise","floor":16},{"not_picked":["Deflect","Flying Knee"],"picked":"Footwork","floor":18},{"not_picked":["Slice","Calculated Gamble"],"picked":"Predator","floor":19},{"not_picked":["Skewer","Flechettes+1","Heel Hook+1"],"picked":"SKIP","floor":21},{"not_picked":["Escape Plan","Underhanded Strike","PiercingWail"],"picked":"SKIP","floor":28},{"not_picked":["Deflect","Cloak And Dagger"],"picked":"Dagger Spray","floor":30},{"not_picked":["Reflex","Slice","Sucker Punch"],"picked":"SKIP","floor":31}],"player_experience":280705,"relics_obtained":[{"floor":7.0,"key":"Torii"},{"floor":9,"key":"War Paint"},{"floor":14,"key":"Boot"},{"floor":26,"key":"Vajra"},{"floor":28,"key":"Pear"}],"event_choices":[{"damage_healed":0,"gold_gain":0,"player_choice":"2 cards matched","damage_taken":0,"max_hp_gain":0,"max_hp_loss":0,"event_name":"Match and Keep!","floor":8,"gold_loss":0,"cards_obtained":["Neutralize","Skewer"]},{"cards_removed":["Strike_G"],"damage_healed":0,"gold_gain":0,"player_choice":"Gave Gold","damage_taken":0,"max_hp_gain":0,"max_hp_loss":0,"event_name":"Beggar","floor":22,"gold_loss":75},{"damage_healed":0,"gold_gain":0,"cards_transformed":["Strike_G","Defend_G"],"player_choice":"Became Test Subject","damage_taken":0,"max_hp_gain":0,"max_hp_loss":0,"event_name":"Drug Dealer","floor":25,"gold_loss":0,"cards_obtained":["Dodge and Roll","Unload"]}],"is_beta":false,"boss_relics":[{"not_picked":["Fusion Hammer","Runic Pyramid"],"picked":"Ring of the Serpent"}],"items_purged_floors":[10,12],"is_endless":false,"potions_floor_spawned":[1,3,7,11,16,19,21,28],"killed_by":"Collector","ascension_level":12}