{"path_per_floor":["M","M","$","M","T","R","M","M","T","?","M","R","M","E","R","B",null,"M","$","?","M","$","R","T","E","T","M","E","M","R","M","R","B",null,"M","$","?","$","?","R","E","R","T","R","$","R","M","E","R","B"],"character_chosen":"IRONCLAD","items_purchased":["Medical Kit","Master of Strategy"],"gold_per_floor":[209,229,21,35,35,35,50,62,62,62,80,80,100,126,126,224,224,242,25,25,35,35,35,35,60,60,75,106,117,117,133,133,233,233,245,165,165,65,65,65,94,94,120,120,0,0,20,52,52,52],"floor_reached":51,"campfire_rested":0,"playtime":2887,"current_hp_per_floor":[64,64,64,63,63,63,66,63,63,63,66,66,59,29,29,17,80,80,80,65,66,66,66,66,69,69,72,73,79,79,82,82,69,85,85,85,85,85,85,85,80,80,80,80,80,80,85,85,85,59],"items_purged":["Combust","Decay","Writhe","Twin Strike"],"gold":52,"play_id":"fd872b89-e20c-41a2-abbd-a96ca85fe7fd","is_prod":false,"is_daily":false,"is_ascension_mode":true,"campfire_upgraded":5,"path_taken":["M","M","$","?","?","R","M","?","T","?","M","R","?","E","R","BOSS","M","$","?","M","$","R","?","E","T","M","E","?","R","?","R","BOSS","M","$","?","$","?","R","E","R","T","R","?","R","M","E","R","BOSS"],"build_version":"2018-01-25-PROD3","purchased_purges":4,"victory":true,"master_deck":["Bash+1","Dropkick","Dropkick","Thunderclap+1","Double Tap+1","Flex+1","Master of Strategy+1","Seeing Red+1","Warcry"],"max_hp_per_floor":[80,80,80,80,80,80,80,80,80,80,80,80,80,80,80,80,80,80,80,85,85,85,85,85,85,85,85,85,85,85,85,85,85,85,85,85,85,85,85,85,85,85,85,85,85,85,85,85,85,85],"relics":["Burning Blood","Medical Kit","The Courier","Anchor","Matryoshka","Pandora\u0027s Box","Centennial Puzzle","Peace Pipe","Vajra","Molten Egg","Happy Flower","Kunai","Calling Bell","War Paint","Blood Vial","Ginger","Art of War","Regal Pillow","Bronze Scales"],"card_choices":[{"not_picked":["Clothesline","Rage"],"picked":"Twin Strike"},{"not_picked":["Shrug It Off","Combust"],"picked":"Dropkick"},{"not_picked":["Clothesline","Second Wind"],"picked":"Dropkick"},{"not_picked":["Anger","Clothesline"],"picked":"Thunderclap"},{"not_picked":["Dark Embrace","Impervious"],"picked":"Double Tap"},{"not_picked":["Heavy Blade","Burning Pact"],"picked":"Seeing Red"},{"not_picked":["Infernal Blade","Disarm"],"picked":"Warcry"}],"player_experience":137965,"potions_floor_usage":[16,28,41],"damage_taken":[{"damage":22,"enemies":"Blue Slaver","floor":1,"turns":5},{"damage":6,"enemies":"2 Louse","floor":2,"turns":3},{"damage":7,"enemies":"Jaw Worm","floor":4,"turns":3},{"damage":3,"enemies":"2 Fungi Beasts","floor":7,"turns":4},{"damage":9,"enemies":"Red Slaver","floor":8,"turns":2},{"damage":3,"enemies":"Lots of Slimes","floor":11,"turns":4},{"damage":13,"enemies":"Exordium Wildlife","floor":13,"turns":3},{"damage":36,"enemies":"Lagavulin","floor":14,"turns":4},{"damage":18,"enemies":"Slime Boss","floor":16,"turns":9},{"damage":3,"enemies":"3 Byrds","floor":18,"turns":4},{"damage":5,"enemies":"Shell Parasite","floor":21,"turns":2},{"damage":3,"enemies":"Book of Stabbing","floor":25,"turns":2},{"damage":3,"enemies":"Centurion and Healer","floor":27,"turns":1},{"damage":5,"enemies":"Slavers","floor":28,"turns":3},{"damage":0,"enemies":"Chosen and Byrds","floor":29,"turns":2},{"damage":3,"enemies":"Snecko","floor":31,"turns":2},{"damage":19,"enemies":"Champ","floor":33,"turns":4},{"damage":3,"enemies":"Orb Walker","floor":35,"turns":1},{"damage":11,"enemies":"2 Orb Walkers","floor":41,"turns":3},{"damage":0,"enemies":"3 Darklings","floor":47,"turns":2},{"damage":3,"enemies":"Giant Head","floor":48,"turns":2},{"damage":32,"enemies":"Awakened One","floor":50,"turns":3}],"event_choices":[{"event_name":"Living Wall","player_choice":"Forget","floor":10,"damage_taken":0},{"event_name":"Forgotten Altar","player_choice":"Shed Blood","floor":20,"damage_taken":0},{"event_name":"Mysterious Sphere","player_choice":"Ignore","floor":39,"damage_taken":0}],"boss_relics":[{"not_picked":["White Beast Statue","Question Card"],"picked":"Pandora\u0027s Box"},{"not_picked":["Astrolabe","Velvet Choker"],"picked":"Calling Bell"}],"potions_floor_spawned":[2,8,13,14,18,28,29,35,41],"seed_played":"-2519656680829680077","ascension_level":2,"is_trial":false}