{"gold_per_floor":[116,132,132,146,159,186,186,202,202,40,40,70,70,86,86,86],"floor_reached":16,"playtime":597,"items_purged":["Strike_R"],"score":207,"play_id":"a7ad8de2-09a7-499a-955c-60b76970e61b","local_time":"20190706130752","is_ascension_mode":true,"campfire_choices":[{"data":"Armaments","floor":7,"key":"SMITH"},{"data":"Inflame","floor":15,"key":"SMITH"}],"neow_cost":"NONE","seed_source_timestamp":13112736917300,"circlet_count":0,"master_deck":["AscendersBane","Strike_R","Strike_R","Strike_R","Strike_R","Defend_R","Defend_R","Defend_R","Defend_R","Bash+1","Thunderclap","Clothesline","Armaments+1","True Grit+1","Shrug It Off","Pommel Strike+1","Inflame+1","Bloodletting","Rampage"],"relics":["Burning Blood","Nunchaku","Mummified Hand","Vajra","StoneCalendar"],"potions_floor_usage":[2,6,16,16],"damage_taken":[{"damage":7,"enemies":"2 Louse","floor":1,"turns":3},{"damage":2,"enemies":"Jaw Worm","floor":2,"turns":3},{"damage":10,"enemies":"Small Slimes","floor":4,"turns":4},{"damage":14,"enemies":"3 Louse","floor":5,"turns":5},{"damage":8,"enemies":"Gremlin Nob","floor":6,"turns":3},{"damage":7,"enemies":"Red Slaver","floor":8,"turns":6},{"damage":27,"enemies":"3 Sentries","floor":12,"turns":7},{"damage":4,"enemies":"Large Slime","floor":14,"turns":7},{"damage":12,"enemies":"Hexaghost","floor":16,"turns":4}],"seed_played":"-1596577253655208655","potions_obtained":[{"floor":1,"key":"Block Potion"},{"floor":5,"key":"SneckoOil"},{"floor":8,"key":"Strength Potion"},{"floor":14,"key":"PowerPotion"}],"is_trial":false,"path_per_floor":["M","M","?","M","M","E","R","M","T","$","?","E","?","M","R","B"],"character_chosen":"IRONCLAD","items_purchased":["Inflame"],"campfire_rested":0,"item_purchase_floors":[10],"current_hp_per_floor":[67,71,76,72,64,62,62,61,61,61,37,16,5,7,7,0],"gold":86,"neow_bonus":"UPGRADE_CARD","is_prod":false,"is_daily":false,"chose_seed":false,"campfire_upgraded":2,"win_rate":0,"timestamp":1562411272,"path_taken":["M","M","?","M","M","E","R","M","T","$","?","E","?","M","R","BOSS"],"build_version":"2019-07-05","purchased_purges":1,"victory":false,"max_hp_per_floor":[75,75,80,80,80,80,80,80,80,80,80,80,80,80,80,80],"card_choices":[{"not_picked":["Sword Boomerang","Clash"],"picked":"Thunderclap","floor":1},{"not_picked":["Fire Breathing","Sentinel"],"picked":"Clothesline","floor":2},{"not_picked":["True Grit","Havoc"],"picked":"Armaments","floor":4},{"not_picked":["Twin Strike","Clothesline"],"picked":"True Grit","floor":5},{"not_picked":["Combust","Impervious"],"picked":"Shrug It Off","floor":6},{"not_picked":["Dropkick","Heavy Blade"],"picked":"Pommel Strike","floor":8},{"not_picked":["Clothesline","Blood for Blood"],"picked":"Bloodletting","floor":12},{"not_picked":["Fire Breathing","Flex"],"picked":"Rampage","floor":14}],"player_experience":1613551,"relics_obtained":[{"floor":6,"key":"Nunchaku"},{"floor":9,"key":"Mummified Hand"},{"floor":12,"key":"Vajra"}],"event_choices":[{"damage_healed":0,"gold_gain":0,"player_choice":"Donut","damage_taken":0,"max_hp_gain":5,"max_hp_loss":0,"event_name":"Big Fish","floor":3,"gold_loss":0},{"damage_healed":0,"gold_gain":0,"player_choice":"Entered Light","damage_taken":24,"max_hp_gain":0,"max_hp_loss":0,"event_name":"Shining Light","floor":11,"gold_loss":0,"cards_upgraded":["Pommel Strike","True Grit"]},{"damage_healed":0,"gold_gain":0,"player_choice":"Success","damage_taken":11,"relics_obtained":["StoneCalendar"],"max_hp_gain":0,"max_hp_loss":0,"event_name":"Scrap Ooze","floor":13,"gold_loss":0}],"is_beta":false,"boss_relics":[],"items_purged_floors":[10],"is_endless":false,"potions_floor_spawned":[1,5,8,14],"killed_by":"Hexaghost","ascension_level":17}