{"gold_per_floor":[110,120,45,45,60,60,85,98,124,155,155,171,34,34,34,113,113,133,133,147,16,35,35,35,45,45,45,45,61,80,80,80,80],"floor_reached":33,"playtime":1289,"items_purged":["Strike_G","Strike_G"],"score":514,"play_id":"62fb7ec7-2fdb-44dc-9bbf-4ae6da77ba27","local_time":"20190123234552","is_ascension_mode":true,"campfire_choices":[{"data":"Neutralize","floor":6.0,"key":"SMITH"},{"data":"Footwork","floor":15.0,"key":"SMITH"},{"data":"After Image","floor":23.0,"key":"SMITH"},{"floor":28.0,"key":"REST"},{"floor":32,"key":"REST"}],"neow_cost":"NONE","seed_source_timestamp":1227231899265364,"circlet_count":0,"master_deck":["AscendersBane","Defend_G","Defend_G+1","Defend_G","Defend_G","Defend_G","Strike_G","Survivor+1","Neutralize","Deadly Poison","Poisoned Stab","Bouncing Flask","Neutralize+1","Crippling Poison","Dash","Poisoned Stab","Footwork+1","After Image+1","Acrobatics","Caltrops","Deadly Poison","Footwork","Cloak And Dagger","Crippling Poison","PiercingWail","Catalyst","Dodge and Roll","Blade Dance","Outmaneuver"],"special_seed":0,"relics":["Ring of the Snake","NeowsBlessing","Bag of Preparation","War Paint","Ancient Tea Set","Snecko Eye","Letter Opener"],"potions_floor_usage":[30,30],"damage_taken":[{"damage":0.0,"enemies":"Cultist","floor":1.0,"turns":1.0},{"damage":0.0,"enemies":"Small Slimes","floor":2.0,"turns":1.0},{"damage":0.0,"enemies":"2 Louse","floor":5.0,"turns":1.0},{"damage":35.0,"enemies":"Lagavulin","floor":7.0,"turns":5.0},{"damage":4.0,"enemies":"Looter","floor":8.0,"turns":3.0},{"damage":17.0,"enemies":"Gremlin Nob","floor":10.0,"turns":4.0},{"damage":8.0,"enemies":"Lots of Slimes","floor":12.0,"turns":4.0},{"damage":6.0,"enemies":"Hexaghost","floor":16.0,"turns":8.0},{"damage":18.0,"enemies":"Shell Parasite","floor":18.0,"turns":5.0},{"damage":5.0,"enemies":"Spheric Guardian","floor":20.0,"turns":3.0},{"damage":4.0,"enemies":"Chosen and Byrds","floor":22.0,"turns":6.0},{"damage":6.0,"enemies":"Cultist and Chosen","floor":25.0,"turns":6.0},{"damage":2.0,"enemies":"Sentry and Sphere","floor":29.0,"turns":4.0},{"damage":39,"enemies":"Shelled Parasite and Fungi","floor":30,"turns":8},{"damage":50,"enemies":"Automaton","floor":33,"turns":6}],"seed_played":"4076552081783012338","potions_obtained":[{"floor":5.0,"key":"Strength Potion"},{"floor":12.0,"key":"Explosive Potion"},{"floor":16.0,"key":"Regen Potion"},{"floor":18.0,"key":"Regen Potion"},{"floor":24.0,"key":"Ancient Potion"},{"floor":25.0,"key":"Fire Potion"}],"is_trial":false,"path_per_floor":["M","M","$","?","M","R","E","M","T","E","?","M","$","?","R","B",null,"M","?","M","$","M","R","?","M","T","?","R","M","M","?","R","B"],"character_chosen":"THE_SILENT","items_purchased":["Footwork","Footwork","Cloak And Dagger"],"campfire_rested":2,"item_purchase_floors":[13,21,21],"current_hp_per_floor":[59,59,59,59,59,59,24,20,20,3,25,17,17,17,17,11,52,49,49,44,44,40,40,40,34,34,34,53,51,27,27,46,0],"gold":80,"neow_bonus":"THREE_ENEMY_KILL","is_prod":false,"is_daily":false,"chose_seed":false,"campfire_upgraded":3,"win_rate":0,"timestamp":1548283552,"path_taken":["M","?","$","?","M","R","E","?","T","E","?","M","$","?","R","BOSS","M","?","M","$","?","R","?","?","T","?","R","M","M","?","R","BOSS"],"build_version":"2019-01-23","purchased_purges":2,"victory":false,"max_hp_per_floor":[66,66,66,66,66,66,66,66,66,66,66,66,66,66,66,66,66,66,66,66,66,66,66,66,66,66,66,66,66,66,66,66,66],"card_choices":[{"not_picked":["PiercingWail","Acrobatics"],"picked":"Deadly Poison","floor":1.0},{"not_picked":["Eviscerate","PiercingWail"],"picked":"Poisoned Stab","floor":2.0},{"not_picked":["Sucker Punch","Expertise","Underhanded Strike"],"picked":"SKIP","floor":5.0},{"not_picked":["Doppelganger","Deflect"],"picked":"Crippling Poison","floor":7.0},{"not_picked":["Bane","Distraction"],"picked":"Dash","floor":8.0},{"not_picked":["Terror","Slice","Calculated Gamble"],"picked":"SKIP","floor":10.0},{"not_picked":["Deflect","Quick Slash"],"picked":"Poisoned Stab","floor":12.0},{"not_picked":["Tools of the Trade","Adrenaline"],"picked":"After Image","floor":16.0},{"not_picked":["Reflex","Flying Knee"],"picked":"Acrobatics","floor":18.0},{"not_picked":["Underhanded Strike","Deflect"],"picked":"Deadly Poison","floor":20.0},{"not_picked":["Outmaneuver","Skewer"],"picked":"Crippling Poison","floor":22.0},{"not_picked":["Blade Dance","Dagger Throw"],"picked":"PiercingWail","floor":25.0},{"not_picked":["Calculated Gamble","Heel Hook"],"picked":"Catalyst","floor":29.0},{"not_picked":["PiercingWail","Outmaneuver"],"picked":"Dodge and Roll","floor":30}],"player_experience":613394,"relics_obtained":[{"floor":7.0,"key":"Bag of Preparation"},{"floor":9.0,"key":"War Paint"},{"floor":10.0,"key":"Ancient Tea Set"},{"floor":26.0,"key":"Letter Opener"}],"event_choices":[{"damage_healed":0.0,"max_hp_gain":0.0,"max_hp_loss":0.0,"gold_gain":0.0,"event_name":"Match and Keep!","player_choice":"2 cards matched","floor":4.0,"gold_loss":0.0,"damage_taken":0.0,"cards_obtained":["Bouncing Flask","Neutralize"]},{"damage_healed":22.0,"max_hp_gain":0.0,"max_hp_loss":0.0,"gold_gain":0.0,"event_name":"Big Fish","player_choice":"Banana","floor":11.0,"gold_loss":0.0,"damage_taken":0.0},{"damage_healed":0.0,"max_hp_gain":0.0,"max_hp_loss":0.0,"gold_gain":0.0,"event_name":"The Cleric","player_choice":"Leave","floor":14.0,"gold_loss":0.0,"damage_taken":0.0},{"damage_healed":0.0,"max_hp_gain":0.0,"max_hp_loss":0.0,"gold_gain":0.0,"event_name":"Match and Keep!","player_choice":"1 cards matched","floor":19.0,"gold_loss":0.0,"damage_taken":0.0,"cards_obtained":["Caltrops"]},{"damage_healed":0.0,"max_hp_gain":0.0,"max_hp_loss":0.0,"gold_gain":0.0,"event_name":"Lab","player_choice":"Got Potions","floor":24.0,"gold_loss":0.0,"damage_taken":0.0},{"damage_healed":0.0,"max_hp_gain":0.0,"max_hp_loss":0.0,"gold_gain":0.0,"event_name":"Beggar","player_choice":"Ignored","floor":27.0,"gold_loss":0.0,"damage_taken":0.0},{"damage_healed":0,"gold_gain":0,"cards_transformed":["Strike_G","Strike_G"],"player_choice":"Became Test Subject","damage_taken":0,"max_hp_gain":0,"max_hp_loss":0,"event_name":"Drug Dealer","floor":31,"gold_loss":0,"cards_obtained":["Blade Dance","Outmaneuver"]}],"is_beta":false,"boss_relics":[{"not_picked":["Pandora\u0027s Box","Philosopher\u0027s Stone"],"picked":"Snecko Eye"}],"items_purged_floors":[3,13],"is_endless":false,"potions_floor_spawned":[5,12,16,18,22,25],"killed_by":"Automaton","ascension_level":20}