{"gold_per_floor":[113,188,16,16,16,42,42,69,69,69,69],"floor_reached":11,"playtime":217,"items_purged":["Strike_G"],"score":229,"play_id":"380a65e8-3d24-4814-90f3-5b8bbe1fdacb","local_time":"20190617095549","is_ascension_mode":true,"campfire_choices":[{"data":"Neutralize","floor":10,"key":"SMITH"}],"neow_cost":"NONE","seed_source_timestamp":25882990912200,"circlet_count":0,"master_deck":["AscendersBane","Defend_G","Defend_G","Defend_G","Defend_G","Defend_G","Strike_G","Strike_G","Strike_G","Survivor","Neutralize+1","Deflect","Caltrops","Backflip","Flying Knee","Distraction","Blur"],"relics":["Ring of the Snake","NeowsBlessing","Ancient Tea Set","Torii","Question Card","Snake Skull"],"potions_floor_usage":[11],"damage_taken":[{"damage":0,"enemies":"Small Slimes","floor":1,"turns":1},{"damage":0,"enemies":"Gremlin Nob","floor":6,"turns":1},{"damage":0,"enemies":"3 Sentries","floor":8,"turns":1},{"damage":50,"enemies":"3 Sentries","floor":11,"turns":10}],"seed_played":"-5115536033098244988","potions_obtained":[{"floor":6,"key":"SkillPotion"}],"is_trial":false,"path_per_floor":["M","?","$","?","$","E","T","E","T","R","?"],"character_chosen":"THE_SILENT","items_purchased":["Caltrops","Backflip"],"campfire_rested":0,"item_purchase_floors":[3,3],"current_hp_per_floor":[59,48,48,48,48,48,48,48,48,48,0],"gold":69,"neow_bonus":"THREE_ENEMY_KILL","is_prod":false,"is_daily":false,"chose_seed":false,"campfire_upgraded":1,"win_rate":0,"timestamp":1560758149,"path_taken":["M","?","$","?","$","E","?","E","T","R","?"],"build_version":"2019-01-23","purchased_purges":1,"victory":false,"max_hp_per_floor":[66,66,66,66,66,66,66,66,66,66,66],"card_choices":[{"not_picked":["Sucker Punch","Slice"],"picked":"Deflect","floor":1},{"not_picked":["Finisher","Dodge and Roll"],"picked":"Distraction","floor":6},{"not_picked":["Dagger Throw","Dodge and Roll"],"picked":"Blur","floor":8}],"player_experience":1388093,"relics_obtained":[{"floor":6,"key":"Ancient Tea Set"},{"floor":7,"key":"Torii"},{"floor":8,"key":"Question Card"},{"floor":9,"key":"Snake Skull"}],"event_choices":[{"damage_healed":0,"gold_gain":75,"player_choice":"Gather Gold","damage_taken":11,"max_hp_gain":0,"max_hp_loss":0,"event_name":"World of Goop","floor":2,"gold_loss":0},{"damage_healed":0,"gold_gain":0,"cards_transformed":["Strike_G"],"player_choice":"Change","damage_taken":0,"max_hp_gain":0,"max_hp_loss":0,"event_name":"Living Wall","floor":4,"gold_loss":0,"cards_obtained":["Flying Knee"]},{"damage_healed":0,"gold_gain":0,"player_choice":"Searched \u00271\u0027 times","damage_taken":0,"max_hp_gain":0,"max_hp_loss":0,"event_name":"Dead Adventurer","floor":11,"gold_loss":0}],"is_beta":false,"boss_relics":[],"items_purged_floors":[3],"is_endless":false,"potions_floor_spawned":[6],"killed_by":"3 Sentries","ascension_level":16}