{"gold_per_floor":[115,13,33,33,33,71,71,106,157,192,192,216,260,64,64,159,159,174,174,174,11,11,11,28,28,28,41,41,55,74,74,74,145,145,155,155,58,73,88,88,115,115,115,115,141,157,167,182,182,182],"floor_reached":51,"playtime":2662,"items_purged":["Defend_G","Strike_G"],"score":1360,"play_id":"4a1c39b0-ad45-449d-ae3c-cd5928dbce42","local_time":"20181030215840","is_ascension_mode":true,"campfire_choices":[{"data":"Neutralize","floor":7.0,"key":"SMITH"},{"floor":11.0,"key":"REST"},{"data":"Noxious Fumes","floor":15.0,"key":"SMITH"},{"data":"Noxious Fumes","floor":23.0,"key":"SMITH"},{"data":"Footwork","floor":25.0,"key":"SMITH"},{"data":"Leg Sweep","floor":28.0,"key":"SMITH"},{"data":"Burst","floor":32.0,"key":"SMITH"},{"floor":40,"key":"REST"},{"floor":42,"key":"REST"},{"floor":44,"key":"REST"},{"data":"After Image","floor":49,"key":"SMITH"}],"neow_cost":"NONE","seed_source_timestamp":1309739346277922,"circlet_count":0,"master_deck":["Defend_G","Defend_G","Defend_G","Defend_G","Strike_G","Strike_G","Strike_G","Survivor","Neutralize+1","AscendersBane","Backflip","Heel Hook+1","Die Die Die+1","Backflip","Burst+1","Noxious Fumes+1","Deadly Poison","Noxious Fumes+1","Poisoned Stab","Corpse Explosion","Poisoned Stab","Leg Sweep+1","Deadly Poison","Well Laid Plans","Footwork+1","Heel Hook","Tools of the Trade","Tools of the Trade","Blur","Footwork","Acrobatics","Backflip","Acrobatics","Skewer","After Image+1","Noxious Fumes","Flechettes","Tactician"],"special_seed":0,"relics":["Ring of the Snake","NeowsBlessing","Bloody Idol","Orichalcum","Oddly Smooth Stone","Centennial Puzzle","Dream Catcher","Whetstone","PreservedInsect","Sozu","Darkstone Periapt","Happy Flower","Black Star","Snake Skull","Anchor","Blue Candle","Lantern","Bronze Scales"],"potions_floor_usage":[],"damage_taken":[{"damage":0.0,"enemies":"Cultist","floor":1.0,"turns":1.0},{"damage":0.0,"enemies":"Small Slimes","floor":3.0,"turns":1.0},{"damage":0.0,"enemies":"3 Sentries","floor":6.0,"turns":1.0},{"damage":35.0,"enemies":"Lagavulin","floor":8.0,"turns":8.0},{"damage":4.0,"enemies":"3 Sentries","floor":10.0,"turns":7.0},{"damage":16.0,"enemies":"Gremlin Nob","floor":13.0,"turns":5.0},{"damage":28.0,"enemies":"The Guardian","floor":16.0,"turns":8.0},{"damage":0.0,"enemies":"Chosen","floor":18.0,"turns":5.0},{"damage":0.0,"enemies":"2 Thieves","floor":24.0,"turns":2.0},{"damage":19.0,"enemies":"Centurion and Healer","floor":27.0,"turns":5.0},{"damage":0.0,"enemies":"3 Cultists","floor":29.0,"turns":3.0},{"damage":1.0,"enemies":"Snecko","floor":30.0,"turns":4.0},{"damage":24.0,"enemies":"Champ","floor":33.0,"turns":11.0},{"damage":26.0,"enemies":"3 Darklings","floor":35.0,"turns":4.0},{"damage":18,"enemies":"Orb Walker","floor":38,"turns":5},{"damage":15,"enemies":"Transient","floor":39,"turns":5},{"damage":22,"enemies":"Reptomancer","floor":41,"turns":7},{"damage":0,"enemies":"Giant Head","floor":45,"turns":8},{"damage":12,"enemies":"Spire Growth","floor":46,"turns":6},{"damage":3,"enemies":"Writhing Mass","floor":47,"turns":6},{"damage":4,"enemies":"3 Darklings","floor":48,"turns":3},{"damage":23,"enemies":"Time Eater","floor":50,"turns":13}],"seed_played":"317586914848435752","potions_obtained":[{"floor":3.0,"key":"Explosive Potion"},{"floor":8.0,"key":"Ancient Potion"},{"floor":10.0,"key":"Regen Potion"},{"floor":16.0,"key":"Fire Potion"}],"is_trial":false,"path_per_floor":["M","$","M","?","?","E","R","E","T","E","R","T","E","$","R","B",null,"M","?","?","$","$","R","M","R","T","M","R","M","M","?","R","B",null,"M","?","$","M","M","R","E","R","T","R","E","M","M","M","R","B"],"character_chosen":"THE_SILENT","items_purchased":["Backflip","Noxious Fumes","Poisoned Stab","Leg Sweep","Deadly Poison","Well Laid Plans","Footwork","Acrobatics"],"campfire_rested":4,"item_purchase_floors":[2,14,14,21,21,21,37,37],"current_hp_per_floor":[59,59,59,64,64,64,64,29,29,25,44,44,42,42,42,14,53,53,53,53,53,53,53,63,63,63,49,49,54,58,58,58,39,59,38,38,38,25,15,34,17,36,36,55,60,53,55,56,56,33],"gold":182,"neow_bonus":"THREE_ENEMY_KILL","is_prod":false,"is_daily":false,"chose_seed":false,"campfire_upgraded":7,"win_rate":0,"timestamp":1540933120,"path_taken":["M","$","?","?","?","E","R","E","T","E","R","?","E","$","R","BOSS","M","?","?","?","$","R","M","R","T","M","R","M","M","?","R","BOSS","M","?","$","?","M","R","E","R","T","R","E","M","M","M","R","BOSS"],"build_version":"2018-10-25v2","purchased_purges":2,"victory":true,"max_hp_per_floor":[66,66,66,71,66,66,66,66,66,66,66,66,66,66,66,66,66,66,66,66,66,66,66,66,66,66,66,66,66,66,66,66,66,66,66,66,66,66,66,66,66,66,66,66,66,66,66,66,66,66],"card_choices":[{"not_picked":["Underhanded Strike","Tactician","Prepared"],"picked":"SKIP","floor":1.0},{"not_picked":["Dagger Throw","Flying Knee"],"picked":"Heel Hook","floor":3.0},{"not_picked":["Bane","Blur"],"picked":"Die Die Die","floor":6.0},{"not_picked":["Caltrops","Quick Slash"],"picked":"Backflip","floor":8.0},{"not_picked":["Endless Agony","Blade Dance"],"picked":"Burst","floor":10.0},{"not_picked":["Slice","Riddle With Holes"],"picked":"Noxious Fumes","floor":11.0},{"not_picked":["Sucker Punch","Masterful Stab"],"picked":"Deadly Poison","floor":13.0},{"not_picked":["Tools of the Trade","Storm of Steel"],"picked":"Corpse Explosion","floor":16.0},{"not_picked":["Sucker Punch","Blade Dance"],"picked":"Poisoned Stab","floor":18.0},{"not_picked":["Acrobatics+1","Blade Dance"],"picked":"Footwork","floor":24.0},{"not_picked":["Cloak And Dagger","Bouncing Flask"],"picked":"Heel Hook","floor":27.0},{"not_picked":["Dagger Throw","Grand Finale","Bane"],"picked":"SKIP","floor":29.0},{"not_picked":["Poisoned Stab","Slice"],"picked":"Tools of the Trade","floor":30.0},{"not_picked":["Corpse Explosion","Unload"],"picked":"Tools of the Trade","floor":33.0},{"not_picked":["Underhanded Strike","Outmaneuver+1"],"picked":"Blur","floor":35.0},{"not_picked":["Deflect","Flying Knee"],"picked":"Backflip","floor":38},{"not_picked":["Underhanded Strike","Calculated Gamble"],"picked":"Acrobatics","floor":39},{"not_picked":["Bane+1","Grand Finale"],"picked":"Skewer","floor":40},{"not_picked":["Endless Agony","Deadly Poison"],"picked":"After Image","floor":41},{"not_picked":["Infinite Blades","Deflect"],"picked":"Noxious Fumes","floor":44},{"not_picked":["Infinite Blades+1","Prepared+1"],"picked":"Flechettes","floor":45},{"not_picked":["Bane","Slice","Quick Slash"],"picked":"SKIP","floor":46},{"not_picked":["Phantasmal Killer","Slice+1"],"picked":"Tactician","floor":47},{"not_picked":["Blade Dance","Escape Plan","Dagger Spray"],"picked":"SKIP","floor":48}],"player_experience":465751,"relics_obtained":[{"floor":6.0,"key":"Orichalcum"},{"floor":8.0,"key":"Oddly Smooth Stone"},{"floor":9.0,"key":"Centennial Puzzle"},{"floor":10.0,"key":"Dream Catcher"},{"floor":12.0,"key":"Whetstone"},{"floor":13.0,"key":"PreservedInsect"},{"floor":26.0,"key":"Darkstone Periapt"},{"floor":41,"key":"Snake Skull"},{"floor":41,"key":"Anchor"},{"floor":43,"key":"Blue Candle"},{"floor":45,"key":"Lantern"},{"floor":45,"key":"Bronze Scales"}],"event_choices":[{"damage_healed":0.0,"max_hp_gain":5.0,"max_hp_loss":0.0,"gold_gain":0.0,"event_name":"Big Fish","player_choice":"Donut","floor":4.0,"gold_loss":0.0,"damage_taken":0.0},{"damage_healed":0.0,"max_hp_gain":0.0,"max_hp_loss":5.0,"gold_gain":0.0,"event_name":"Golden Idol","player_choice":"Lose Max HP","floor":5.0,"gold_loss":0.0,"damage_taken":0.0,"relics_obtained":["Golden Idol"]},{"cards_removed":["Strike_G"],"damage_healed":0.0,"max_hp_gain":0.0,"max_hp_loss":0.0,"gold_gain":0.0,"event_name":"Purifier","player_choice":"Purged","floor":19.0,"gold_loss":0.0,"damage_taken":0.0},{"damage_healed":0.0,"max_hp_gain":0.0,"max_hp_loss":0.0,"gold_gain":0.0,"event_name":"Forgotten Altar","player_choice":"Gave Idol","floor":20.0,"relics_lost":["Golden Idol"],"gold_loss":0.0,"damage_taken":0.0,"relics_obtained":["Bloody Idol"]},{"damage_healed":0.0,"max_hp_gain":0.0,"max_hp_loss":0.0,"gold_gain":0.0,"event_name":"The Mausoleum","player_choice":"Opened","floor":31.0,"gold_loss":0.0,"damage_taken":0.0,"relics_obtained":["Happy Flower"]},{"damage_healed":0,"gold_gain":0,"player_choice":"Ignored","damage_taken":0,"max_hp_gain":0,"max_hp_loss":0,"event_name":"Mysterious Sphere","floor":36,"gold_loss":0}],"is_beta":false,"boss_relics":[{"not_picked":["Eternal Feather","Runic Pyramid"],"picked":"Sozu"},{"not_picked":["Runic Dome","Fusion Hammer"],"picked":"Black Star"}],"items_purged_floors":[2,14],"is_endless":false,"potions_floor_spawned":[3,8,10,16,18,27,29,35,41,45,46,48],"ascension_level":14}