{"gold_per_floor":[116,136,286,297,297,297,329,329,354,324,324,306,325,341,341,341],"floor_reached":16,"playtime":730,"items_purged":[],"score":179,"play_id":"a7cd6e19-968a-43d0-8a1d-62237fc989e6","local_time":"20190514201120","is_ascension_mode":true,"campfire_choices":[{"data":"Neutralize","floor":6,"key":"SMITH"},{"data":"Leg Sweep","floor":8,"key":"SMITH"},{"floor":11,"key":"REST"},{"floor":15,"key":"REST"}],"neow_cost":"TEN_PERCENT_HP_LOSS","seed_source_timestamp":75354593302500,"circlet_count":0,"master_deck":["AscendersBane","Defend_G","Defend_G","Defend_G","Defend_G","Defend_G","Strike_G","Strike_G","Strike_G","Strike_G","Strike_G","Survivor","Neutralize+1","Distraction+1","Leg Sweep+1","Doubt","Catalyst","Poisoned Stab","Dagger Spray","Crippling Poison","PiercingWail","Choke"],"relics":["Ring of the Snake","Pocketwatch","Bag of Preparation","Potion Belt"],"potions_floor_usage":[4,7,12,16],"damage_taken":[{"damage":0,"enemies":"2 Louse","floor":1,"turns":3},{"damage":1,"enemies":"Small Slimes","floor":2,"turns":5},{"damage":0,"enemies":"Cultist","floor":4,"turns":5},{"damage":40,"enemies":"Gremlin Nob","floor":7,"turns":6},{"damage":0,"enemies":"Looter","floor":10,"turns":4},{"damage":1,"enemies":"Exordium Thugs","floor":12,"turns":4},{"damage":5,"enemies":"Blue Slaver","floor":13,"turns":4},{"damage":0,"enemies":"3 Louse","floor":14,"turns":2},{"damage":49,"enemies":"The Guardian","floor":16,"turns":16}],"seed_played":"5230732551911987906","potions_obtained":[{"floor":2,"key":"GamblersBrew"},{"floor":4,"key":"Explosive Potion"},{"floor":7,"key":"SkillPotion"},{"floor":14,"key":"FearPotion"}],"is_trial":false,"path_per_floor":["M","M","?","M","?","R","E","R","T","M","R","M","M","M","R","B"],"character_chosen":"THE_SILENT","items_purchased":[],"campfire_rested":2,"item_purchase_floors":[],"current_hp_per_floor":[59,58,58,58,58,58,18,18,18,18,36,35,30,30,48,0],"gold":341,"neow_bonus":"ONE_RARE_RELIC","is_prod":false,"is_daily":false,"chose_seed":false,"campfire_upgraded":2,"win_rate":0,"timestamp":1557857480,"path_taken":["M","M","?","M","?","R","E","R","T","M","R","?","M","M","R","BOSS"],"build_version":"2019-01-23","purchased_purges":0,"victory":false,"max_hp_per_floor":[60,60,60,60,60,60,60,60,60,60,60,60,60,60,60,60],"card_choices":[{"not_picked":["Bane","Dagger Spray"],"picked":"Distraction","floor":1},{"not_picked":["Concentrate","PiercingWail"],"picked":"Leg Sweep","floor":2},{"not_picked":["Distraction","Reflex"],"picked":"Catalyst","floor":4},{"not_picked":["Dash","Blade Dance"],"picked":"Poisoned Stab","floor":7},{"not_picked":["Quick Slash","Underhanded Strike"],"picked":"Dagger Spray","floor":10},{"not_picked":["Leg Sweep","Accuracy"],"picked":"Crippling Poison","floor":12},{"not_picked":["Dagger Spray","Deflect"],"picked":"PiercingWail","floor":13},{"not_picked":["Dodge and Roll","Unload"],"picked":"Choke","floor":14}],"player_experience":1088882,"relics_obtained":[{"floor":7,"key":"Bag of Preparation"},{"floor":9,"key":"Potion Belt"}],"event_choices":[{"damage_healed":0,"gold_gain":150,"player_choice":"AGREE","damage_taken":0,"max_hp_gain":0,"max_hp_loss":0,"event_name":"Liars Game","floor":3,"gold_loss":0,"cards_obtained":["Doubt"]},{"damage_healed":0,"gold_gain":0,"player_choice":"Forge","damage_taken":0,"max_hp_gain":0,"max_hp_loss":0,"event_name":"Accursed Blacksmith","floor":5,"gold_loss":0,"cards_upgraded":["Distraction"]}],"is_beta":false,"boss_relics":[],"items_purged_floors":[],"is_endless":false,"potions_floor_spawned":[2,4,7,14],"killed_by":"The Guardian","ascension_level":15}