{"gold_per_floor":[119,130,130,101,121,121,121,157,237,37,57,57,57,70,70,161,161,182,59,78,78,78,111,111,136,136,136,11,110,160,160],"floor_reached":31,"playtime":1736,"items_purged":["Strike_G","Strike_G","Strike_G"],"score":436,"play_id":"b085622b-bf4d-40cd-ba67-3aba7ee0f79d","local_time":"20190520213958","is_ascension_mode":true,"campfire_choices":[{"data":"Neutralize","floor":6,"key":"SMITH"},{"floor":12,"key":"REST"},{"data":"Skewer","floor":15,"key":"SMITH"},{"data":"Doppelganger","floor":24,"key":"SMITH"},{"data":"Glass Knife","floor":27,"key":"SMITH"}],"neow_cost":"NONE","seed_source_timestamp":160778423607563,"circlet_count":0,"master_deck":["AscendersBane","Defend_G","Defend_G","Defend_G","Defend_G","Defend_G","Strike_G","Survivor","Neutralize+1","Poisoned Stab","Backflip","PiercingWail","Doppelganger+1","Skewer+1","Poisoned Stab","Heel Hook","Glass Knife+1","Outmaneuver+1","Backflip","Quick Slash","Ghostly","Ghostly","Ghostly","Ghostly","Ghostly","Malaise"],"relics":["Ring of the Serpent","Bloody Idol","Art of War","Tiny Chest","Orichalcum","Boot","Bottled Flame"],"potions_floor_usage":[16,16,23,31],"damage_taken":[{"damage":0,"enemies":"Small Slimes","floor":1,"turns":4},{"damage":0,"enemies":"2 Louse","floor":2,"turns":5},{"damage":0,"enemies":"Jaw Worm","floor":5,"turns":5},{"damage":33,"enemies":"Gremlin Nob","floor":8,"turns":6},{"damage":4,"enemies":"Large Slime","floor":11,"turns":8},{"damage":0,"enemies":"2 Fungi Beasts","floor":14,"turns":4},{"damage":10,"enemies":"Hexaghost","floor":16,"turns":8},{"damage":29,"enemies":"Spheric Guardian","floor":18,"turns":6},{"damage":10,"enemies":"3 Byrds","floor":20,"turns":7},{"damage":12,"enemies":"Slavers","floor":23,"turns":7},{"damage":38,"enemies":"Gremlin Leader","floor":31,"turns":6}],"seed_played":"5525308013201074724","potions_obtained":[{"floor":16,"key":"Fire Potion"},{"floor":18,"key":"Ancient Potion"},{"floor":23,"key":"FearPotion"}],"is_trial":false,"path_per_floor":["M","M","?","?","M","R","?","E","T","$","M","R","?","M","R","B",null,"M","$","M","?","?","E","R","T","T","R","$","?","?","E"],"character_chosen":"THE_SILENT","items_purchased":["Poison Potion","LiquidBronze","Backflip"],"campfire_rested":1,"item_purchase_floors":[10,10,19],"current_hp_per_floor":[63,63,46,46,46,46,39,6,6,6,2,23,28,28,28,18,61,32,32,22,22,22,15,15,20,20,20,20,25,30,0],"gold":160,"neow_bonus":"THREE_CARDS","is_prod":false,"is_daily":false,"chose_seed":false,"campfire_upgraded":4,"win_rate":0,"timestamp":1558384798,"path_taken":["M","M","?","?","M","R","?","E","T","$","M","R","?","M","R","BOSS","M","$","M","?","?","E","R","?","T","R","$","?","?","E"],"build_version":"2019-01-23","purchased_purges":3,"victory":false,"max_hp_per_floor":[70,70,70,70,70,70,70,70,70,70,70,70,75,75,75,75,75,75,75,75,37,37,37,37,37,37,37,37,37,37,37],"card_choices":[{"not_picked":["Dodge and Roll","Terror"],"picked":"Poisoned Stab","floor":0},{"not_picked":["Flying Knee","Dagger Spray"],"picked":"Backflip","floor":1},{"not_picked":["Slice","Dodge and Roll"],"picked":"PiercingWail","floor":2},{"not_picked":["Blade Dance","Dodge and Roll"],"picked":"Doppelganger","floor":5},{"not_picked":["Accuracy","Reflex"],"picked":"Skewer","floor":8},{"not_picked":["Deadly Poison","Flying Knee"],"picked":"Poisoned Stab","floor":11},{"not_picked":["Eviscerate","Flying Knee"],"picked":"Heel Hook","floor":14},{"not_picked":["Doppelganger","Venomology"],"picked":"Glass Knife","floor":16},{"not_picked":["Setup","PiercingWail"],"picked":"Outmaneuver+1","floor":18},{"not_picked":["Deflect","Poisoned Stab"],"picked":"Quick Slash","floor":20},{"not_picked":["Poisoned Stab","Grand Finale"],"picked":"Malaise","floor":23}],"player_experience":1028937,"relics_obtained":[{"floor":8,"key":"Art of War"},{"floor":9,"key":"Tiny Chest"},{"floor":23,"key":"Orichalcum"},{"floor":25,"key":"Boot"},{"floor":26,"key":"Bottled Flame"}],"event_choices":[{"damage_healed":0,"gold_gain":0,"player_choice":"Take Damage","damage_taken":17,"relics_obtained":["Golden Idol"],"max_hp_gain":0,"max_hp_loss":0,"event_name":"Golden Idol","floor":3,"gold_loss":0},{"damage_healed":0,"gold_gain":0,"player_choice":"Left Gold","damage_taken":0,"max_hp_gain":0,"max_hp_loss":0,"event_name":"World of Goop","floor":4,"gold_loss":29},{"cards_removed":["Strike_G"],"damage_healed":0,"gold_gain":0,"player_choice":"Card Removal","damage_taken":7,"max_hp_gain":0,"max_hp_loss":0,"event_name":"Golden Wing","floor":7,"gold_loss":0},{"damage_healed":0,"gold_gain":0,"player_choice":"Donut","damage_taken":0,"max_hp_gain":5,"max_hp_loss":0,"event_name":"Big Fish","floor":13,"gold_loss":0},{"damage_healed":0,"gold_gain":0,"player_choice":"Became a Ghost","damage_taken":0,"max_hp_gain":0,"max_hp_loss":38,"event_name":"Ghosts","floor":21,"gold_loss":0,"cards_obtained":["Ghostly","Ghostly","Ghostly","Ghostly","Ghostly"]},{"damage_healed":0,"gold_gain":0,"player_choice":"Gave Idol","damage_taken":0,"relics_obtained":["Bloody Idol"],"max_hp_gain":0,"max_hp_loss":0,"event_name":"Forgotten Altar","floor":22,"relics_lost":["Golden Idol"],"gold_loss":0},{"damage_healed":0,"gold_gain":99,"player_choice":"Stole From Cult","damage_taken":0,"max_hp_gain":0,"max_hp_loss":0,"event_name":"Nest","floor":29,"gold_loss":0},{"damage_healed":0,"gold_gain":100,"player_choice":"Bet on Murderer","damage_taken":0,"max_hp_gain":0,"max_hp_loss":0,"event_name":"The Joust","floor":30,"gold_loss":50}],"is_beta":false,"boss_relics":[{"not_picked":["Philosopher\u0027s Stone","Orrery"],"picked":"Ring of the Serpent"}],"items_purged_floors":[10,19,28],"is_endless":false,"potions_floor_spawned":[11,14,16,18,20,23],"killed_by":"Gremlin Leader","ascension_level":13}