{"gold_per_floor":[112,112,131,144,144,144,0,0,0,0,0,13,23,38,38,137,137,151,166,183,98,98,98,130,144,168,168,201,213,225,248,260,375,387,415,270,270,281,297,297,309,309,309,327,192,211,221,47,47,47],"floor_reached":50,"playtime":2993,"items_purged":["Strike_G","Strike_G"],"score":526,"play_id":"e6adfb4c-d202-461b-8bdd-dbd634ffcf21","local_time":"20190807182709","is_ascension_mode":true,"campfire_choices":[{"data":"Neutralize","floor":6.0,"key":"SMITH"},{"data":"Noxious Fumes","floor":8.0,"key":"SMITH"},{"data":"Quick Slash","floor":11.0,"key":"SMITH"},{"data":"Backflip","floor":15.0,"key":"SMITH"},{"data":"Glass Knife","floor":23.0,"key":"SMITH"},{"floor":27.0,"key":"REST"},{"data":"Sucker Punch","floor":30.0,"key":"SMITH"},{"floor":32.0,"key":"REST"},{"data":"Leg Sweep","floor":40.0,"key":"SMITH"},{"floor":42.0,"key":"RECALL"},{"data":"Noxious Fumes","floor":49.0,"key":"SMITH"}],"neow_cost":"PERCENT_DAMAGE","seed_source_timestamp":0,"circlet_count":0,"master_deck":["Strike_G","Defend_G","Defend_G","Defend_G","Defend_G","Survivor","Neutralize+1","Quick Slash+1","Noxious Fumes+1","Adrenaline","Backflip+1","Glass Knife+1","Bane","Blur","Sucker Punch+1","Leg Sweep+1","Backstab+1","Terror","Backflip","Night Terror","Noxious Fumes+1"],"special_seed":0,"relics":["Ring of the Snake","Velvet Choker","Pen Nib","Gremlin Horn","Happy Flower","MawBank","Calling Bell","Bag of Marbles","Mercury Hourglass","Unceasing Top","Regal Pillow","Art of War"],"potions_floor_usage":[50,50],"damage_taken":[{"damage":0.0,"enemies":"2 Louse","floor":1.0,"turns":2.0},{"damage":1.0,"enemies":"Cultist","floor":3.0,"turns":4.0},{"damage":2.0,"enemies":"Jaw Worm","floor":4.0,"turns":4.0},{"damage":0.0,"enemies":"Looter","floor":12.0,"turns":3.0},{"damage":0.0,"enemies":"Red Slaver","floor":13.0,"turns":4.0},{"damage":5.0,"enemies":"Gremlin Gang","floor":14.0,"turns":4.0},{"damage":6.0,"enemies":"Slime Boss","floor":16.0,"turns":9.0},{"damage":10.0,"enemies":"3 Byrds","floor":18.0,"turns":5.0},{"damage":3.0,"enemies":"2 Thieves","floor":19.0,"turns":4.0},{"damage":2.0,"enemies":"Snecko","floor":20.0,"turns":5.0},{"damage":16.0,"enemies":"Gremlin Leader","floor":24.0,"turns":7.0},{"damage":10.0,"enemies":"Snake Plant","floor":25.0,"turns":4.0},{"damage":0.0,"enemies":"Book of Stabbing","floor":28.0,"turns":7.0},{"damage":0.0,"enemies":"Cultist and Chosen","floor":31.0,"turns":6.0},{"damage":57.0,"enemies":"Collector","floor":33.0,"turns":16.0},{"damage":0.0,"enemies":"Orb Walker","floor":35.0,"turns":3.0},{"damage":0.0,"enemies":"3 Shapes","floor":38.0,"turns":2.0},{"damage":0.0,"enemies":"3 Darklings","floor":39.0,"turns":5.0},{"damage":0.0,"enemies":"4 Shapes","floor":41.0,"turns":6.0},{"damage":0.0,"enemies":"Jaw Worm Horde","floor":44.0,"turns":3.0},{"damage":21.0,"enemies":"Maw","floor":46.0,"turns":6.0},{"damage":5.0,"enemies":"Sphere and 2 Shapes","floor":47.0,"turns":6.0},{"damage":51,"enemies":"Donu and Deca","floor":50,"turns":7}],"seed_played":"-8325866666106785237","potions_obtained":[{"floor":5.0,"key":"SneckoOil"},{"floor":5.0,"key":"AttackPotion"},{"floor":5.0,"key":"Strength Potion"},{"floor":12.0,"key":"Strength Potion"},{"floor":14.0,"key":"Strength Potion"},{"floor":16.0,"key":"SpeedPotion"},{"floor":18.0,"key":"GhostInAJar"},{"floor":25.0,"key":"SpeedPotion"},{"floor":31.0,"key":"SteroidPotion"},{"floor":33.0,"key":"AttackPotion"},{"floor":35.0,"key":"Regen Potion"},{"floor":44.0,"key":"LiquidBronze"},{"floor":47.0,"key":"Dexterity Potion"}],"is_trial":false,"path_per_floor":["M","?","M","M","?","R","$","R","T","$","R","M","M","M","R","B",null,"M","M","M","?","?","R","E","M","T","R","E","?","R","M","R","B",null,"M","$","?","M","M","R","M","R","T","M","$","M","M","$","R","B"],"character_chosen":"THE_SILENT","items_purchased":["Noxious Fumes","Adrenaline","Leg Sweep","Night Terror","Noxious Fumes"],"campfire_rested":2,"item_purchase_floors":[7,7,36,45,48],"current_hp_per_floor":[49,49,48,46,46,46,46,46,46,46,46,46,46,41,41,35,70,60,57,55,55,42,42,26,16,16,38,38,38,38,38,60,3,75,75,75,75,75,75,75,75,75,75,75,75,54,49,49,49,0],"gold":47,"neow_bonus":"REMOVE_TWO","is_prod":false,"is_daily":false,"chose_seed":false,"campfire_upgraded":8,"win_rate":0,"timestamp":1565227629,"path_taken":["M","?","?","M","?","R","$","R","T","?","R","?","M","M","R","BOSS","M","M","M","?","?","R","E","M","T","R","E","?","R","M","R","BOSS","M","$","?","M","?","R","M","R","T","M","$","M","M","$","R","BOSS"],"build_version":"2019-07-17","purchased_purges":2,"victory":false,"max_hp_per_floor":[70,70,70,70,70,70,70,70,70,70,70,70,70,70,70,70,70,70,70,70,70,75,75,75,75,75,75,75,75,75,75,75,75,75,75,75,75,75,75,75,75,75,75,75,75,75,75,75,75,75],"card_choices":[{"not_picked":["Cloak And Dagger","Poisoned Stab","Slice"],"picked":"SKIP","floor":1.0},{"not_picked":["Deflect","Accuracy"],"picked":"Quick Slash","floor":3.0},{"not_picked":["All Out Attack","Prepared","Tactician"],"picked":"SKIP","floor":4.0},{"not_picked":["Calculated Gamble","Acrobatics","Dagger Throw"],"picked":"SKIP","floor":12.0},{"not_picked":["PiercingWail","Prepared"],"picked":"Backflip","floor":13.0},{"not_picked":["Poisoned Stab","Corpse Explosion","Cloak And Dagger"],"picked":"SKIP","floor":14.0},{"not_picked":["Adrenaline","After Image"],"picked":"Glass Knife","floor":16.0},{"not_picked":["Slice+1","Poisoned Stab+1"],"picked":"Bane","floor":18.0},{"not_picked":["Quick Slash","Caltrops","All Out Attack"],"picked":"SKIP","floor":19.0},{"not_picked":["Backflip","Dagger Throw"],"picked":"Blur","floor":20.0},{"not_picked":["Escape Plan","Cloak And Dagger"],"picked":"Sucker Punch","floor":24.0},{"not_picked":["Cloak And Dagger","Corpse Explosion","Dagger Throw+1"],"picked":"SKIP","floor":25.0},{"not_picked":["Prepared+1","Quick Slash","Acrobatics"],"picked":"SKIP","floor":28.0},{"not_picked":["Flying Knee","Dagger Throw","Crippling Poison+1"],"picked":"SKIP","floor":31.0},{"not_picked":["Cloak And Dagger","Flying Knee+1","Outmaneuver"],"picked":"SKIP","floor":35.0},{"not_picked":["Crippling Poison+1","Caltrops+1"],"picked":"Backstab+1","floor":38.0},{"not_picked":["Quick Slash","Underhanded Strike","Poisoned Stab"],"picked":"SKIP","floor":39.0},{"not_picked":["Endless Agony","Dagger Spray"],"picked":"Terror","floor":41.0},{"not_picked":["Escape Plan","Expertise+1"],"picked":"Backflip","floor":44.0},{"not_picked":["Wraith Form v2","Heel Hook+1","Prepared"],"picked":"SKIP","floor":46.0},{"not_picked":["Caltrops+1","Infinite Blades","Dodge and Roll+1"],"picked":"SKIP","floor":47.0}],"player_experience":159802,"relics_obtained":[{"floor":24.0,"key":"Gremlin Horn"},{"floor":26.0,"key":"Happy Flower"},{"floor":28.0,"key":"MawBank"},{"floor":34.0,"key":"Bag of Marbles"},{"floor":34.0,"key":"Mercury Hourglass"},{"floor":34.0,"key":"Unceasing Top"},{"floor":43.0,"key":"Art of War"}],"event_choices":[{"cards_removed":["Strike_G"],"damage_healed":0.0,"max_hp_gain":0.0,"max_hp_loss":0.0,"gold_gain":0.0,"event_name":"Purifier","player_choice":"Purged","floor":2.0,"gold_loss":0.0,"damage_taken":0.0},{"damage_healed":0.0,"max_hp_gain":0.0,"max_hp_loss":0.0,"gold_gain":0.0,"event_name":"Lab","player_choice":"Got Potions","floor":5.0,"gold_loss":0.0,"damage_taken":0.0},{"damage_healed":0.0,"max_hp_gain":0.0,"max_hp_loss":0.0,"gold_gain":0.0,"event_name":"Addict","player_choice":"Obtained Relic","floor":21.0,"gold_loss":85.0,"damage_taken":0.0,"relics_obtained":["Pen Nib"]},{"damage_healed":0.0,"max_hp_gain":5.0,"max_hp_loss":0.0,"gold_gain":0.0,"event_name":"Forgotten Altar","player_choice":"Shed Blood","floor":22.0,"gold_loss":0.0,"damage_taken":18.0},{"damage_healed":0.0,"max_hp_gain":0.0,"max_hp_loss":0.0,"gold_gain":0.0,"event_name":"N\u0027loth","player_choice":"Ignored","floor":29.0,"gold_loss":0.0,"damage_taken":0.0},{"damage_healed":0.0,"max_hp_gain":0.0,"max_hp_loss":0.0,"gold_gain":0.0,"event_name":"WeMeetAgain","player_choice":"Gave Potion","floor":37.0,"gold_loss":0.0,"damage_taken":0.0,"relics_obtained":["Regal Pillow"]}],"is_beta":false,"boss_relics":[{"not_picked":["Busted Crown","Eternal Feather"],"picked":"Velvet Choker"},{"not_picked":["Philosopher\u0027s Stone","Snecko Eye"],"picked":"Calling Bell"}],"items_purged_floors":[36,48],"is_endless":false,"potions_floor_spawned":[12,14,16,18,25,31,33,35,44,47],"killed_by":"Donu and Deca","ascension_level":1}