{"gold_per_floor":[109,34,34,50,65,65,94,94,94,94,122,122,10,22,22,99,99,119,130,180,198,198],"floor_reached":22,"playtime":770,"items_purged":["Strike_G"],"score":349,"play_id":"b3c14a3b-793d-4fb5-b26c-de0743f311b3","local_time":"20190616065725","is_ascension_mode":true,"campfire_choices":[{"data":"Storm of Steel","floor":6,"key":"SMITH"},{"data":"Accuracy","floor":8,"key":"SMITH"},{"floor":10,"key":"REST"},{"data":"Burst","floor":12,"key":"SMITH"},{"data":"Choke","floor":15,"key":"SMITH"}],"neow_cost":"NONE","seed_source_timestamp":369299472570100,"circlet_count":0,"master_deck":["AscendersBane","Survivor","Neutralize+1","Storm of Steel+1","Dagger Spray","Backflip","Bouncing Flask","Accuracy+1","Burst+1","Footwork","Choke+1","A Thousand Cuts","PiercingWail","Phantasmal Killer","Flying Knee","Backstab","After Image","Burst","Unload","Corpse Explosion","Acrobatics+1","Blade Dance","Infinite Blades"],"relics":["Ring of the Snake","Ice Cream","Meat on the Bone","Ninja Scroll","Pandora\u0027s Box"],"potions_floor_usage":[21,21,21,21],"damage_taken":[{"damage":0,"enemies":"2 Louse","floor":1,"turns":4},{"damage":12,"enemies":"Jaw Worm","floor":4,"turns":3},{"damage":0,"enemies":"Cultist","floor":5,"turns":4},{"damage":36,"enemies":"Lagavulin","floor":7,"turns":9},{"damage":17,"enemies":"Gremlin Nob","floor":11,"turns":4},{"damage":0,"enemies":"2 Fungi Beasts","floor":14,"turns":2},{"damage":27,"enemies":"Hexaghost","floor":16,"turns":11},{"damage":11,"enemies":"Spheric Guardian","floor":18,"turns":3},{"damage":4,"enemies":"Chosen","floor":19,"turns":4},{"damage":3,"enemies":"Centurion and Healer","floor":21,"turns":5},{"damage":42,"enemies":"Snake Plant","floor":22,"turns":2}],"seed_played":"-2312266166289799898","potions_obtained":[{"floor":5,"key":"SpeedPotion"},{"floor":11,"key":"Fire Potion"},{"floor":18,"key":"AttackPotion"},{"floor":19,"key":"EntropicBrew"}],"is_trial":false,"path_per_floor":["M","?","?","M","M","R","E","R","T","R","E","R","$","M","R","B",null,"M","M","?","M","M"],"character_chosen":"THE_SILENT","items_purchased":["Footwork"],"campfire_rested":1,"item_purchase_floors":[13],"current_hp_per_floor":[59,59,59,47,47,47,11,11,11,30,25,25,25,37,37,22,55,44,40,40,37,0],"gold":198,"neow_bonus":"ONE_RANDOM_RARE_CARD","is_prod":false,"is_daily":false,"chose_seed":false,"campfire_upgraded":4,"win_rate":0,"timestamp":1560661045,"path_taken":["M","?","?","?","M","R","E","R","T","R","E","R","$","M","R","BOSS","M","M","?","M","M"],"build_version":"2019-01-23","purchased_purges":1,"victory":false,"max_hp_per_floor":[66,66,66,66,66,66,66,66,66,66,66,66,66,66,66,66,66,66,66,66,66,66],"card_choices":[{"not_picked":["Backflip","Flechettes"],"picked":"Dagger Spray","floor":1},{"not_picked":["Deadly Poison","Blur"],"picked":"Backflip","floor":4},{"not_picked":["Dagger Throw","All Out Attack"],"picked":"Bouncing Flask","floor":5},{"not_picked":["Deadly Poison","Expertise"],"picked":"Accuracy","floor":7},{"not_picked":["Dash","Escape Plan"],"picked":"Burst","floor":11},{"not_picked":["Tactician","Leg Sweep"],"picked":"Choke","floor":14},{"not_picked":["Tools of the Trade","Storm of Steel"],"picked":"A Thousand Cuts","floor":16},{"not_picked":["Heel Hook","Concentrate"],"picked":"Acrobatics+1","floor":18},{"not_picked":["Cloak And Dagger","Bane"],"picked":"Blade Dance","floor":19},{"not_picked":["Calculated Gamble","Cloak And Dagger"],"picked":"Infinite Blades","floor":21}],"player_experience":1367584,"relics_obtained":[{"floor":7,"key":"Ice Cream"},{"floor":9,"key":"Meat on the Bone"},{"floor":11,"key":"Ninja Scroll"}],"event_choices":[{"cards_removed":["Strike_G"],"damage_healed":0,"gold_gain":0,"player_choice":"Card Removal","damage_taken":0,"max_hp_gain":0,"max_hp_loss":0,"event_name":"The Cleric","floor":2,"gold_loss":75},{"damage_healed":0,"gold_gain":0,"player_choice":"Upgraded","damage_taken":0,"max_hp_gain":0,"max_hp_loss":0,"event_name":"Upgrade Shrine","floor":3,"gold_loss":0,"cards_upgraded":["Neutralize"]},{"damage_healed":0,"gold_gain":100,"player_choice":"Bet on Murderer","damage_taken":0,"max_hp_gain":0,"max_hp_loss":0,"event_name":"The Joust","floor":20,"gold_loss":50}],"is_beta":false,"boss_relics":[{"not_picked":["Runic Dome","Cursed Key"],"picked":"Pandora\u0027s Box"}],"items_purged_floors":[13],"is_endless":false,"potions_floor_spawned":[5,11,18,19],"killed_by":"Snake Plant","ascension_level":16}