{"gold_per_floor":[115,8,8,85,105,105,134,134,134,160,160,160,171,204,204,275,275,294,310,321,5,15,15,25,44,44,64,64,84,9,26,26,100,100,113,126,126,26,43,43,55,11,60,77,94,94,94],"floor_reached":47,"playtime":2152,"items_purged":["Strike_B","Scrape+1"],"score":1027,"play_id":"322d3e98-44ce-4181-ba26-cea7ea6e4007","local_time":"20190311005518","is_ascension_mode":true,"campfire_choices":[{"data":"Capacitor","floor":6.0,"key":"SMITH"},{"floor":11.0,"key":"REST"},{"data":"Defragment","floor":15.0,"key":"SMITH"},{"floor":23.0,"key":"REST"},{"data":"Loop","floor":28.0,"key":"SMITH"},{"floor":32.0,"key":"RECALL"},{"data":"Loop","floor":40.0,"key":"SMITH"}],"neow_cost":"NONE","seed_source_timestamp":1945659636134496,"circlet_count":0,"master_deck":["AscendersBane","Strike_B+1","Defend_B","Defend_B","Defend_B","Defend_B","Doom and Gloom+1","Capacitor+1","Cold Snap","Glacier","Glacier","Coolheaded","Loop+1","Defragment+1","Multi-Cast","Barrage","Barrage+1","Cold Snap","White Noise","Compile Driver","Consume+1","Coolheaded+1","Seek","Rebound+1","Echo Form+1","Sweeping Beam","Madness","Loop+1","BootSequence+1","Double Energy","Loop+1"],"special_seed":0,"relics":["Cracked Core","NeowsBlessing","Bird Faced Urn","Mango","Sundial","Vajra","Sozu","ClockworkSouvenir","Symbiotic Virus","Astrolabe","Bronze Scales"],"potions_floor_usage":[],"damage_taken":[{"damage":0.0,"enemies":"2 Louse","floor":1.0,"turns":1.0},{"damage":0.0,"enemies":"Small Slimes","floor":5.0,"turns":1.0},{"damage":0.0,"enemies":"Gremlin Nob","floor":7.0,"turns":1.0},{"damage":28.0,"enemies":"3 Sentries","floor":10.0,"turns":6.0},{"damage":1.0,"enemies":"Jaw Worm","floor":13.0,"turns":5.0},{"damage":26.0,"enemies":"Lagavulin","floor":14.0,"turns":6.0},{"damage":26.0,"enemies":"Slime Boss","floor":16.0,"turns":9.0},{"damage":10.0,"enemies":"Shell Parasite","floor":18.0,"turns":3.0},{"damage":9.0,"enemies":"Spheric Guardian","floor":19.0,"turns":6.0},{"damage":21.0,"enemies":"Snecko","floor":20.0,"turns":5.0},{"damage":4.0,"enemies":"Centurion and Healer","floor":22.0,"turns":9.0},{"damage":6.0,"enemies":"Chosen and Byrds","floor":24.0,"turns":6.0},{"damage":9.0,"enemies":"Snake Plant","floor":25.0,"turns":5.0},{"damage":1.0,"enemies":"Cultist and Chosen","floor":27.0,"turns":5.0},{"damage":3.0,"enemies":"Snecko","floor":29.0,"turns":5.0},{"damage":16.0,"enemies":"Chosen and Byrds","floor":31.0,"turns":5.0},{"damage":5.0,"enemies":"Champ","floor":33.0,"turns":13.0},{"damage":2.0,"enemies":"Orb Walker","floor":35.0,"turns":3.0},{"damage":18.0,"enemies":"3 Shapes","floor":36.0,"turns":7.0},{"damage":18.0,"enemies":"Maw","floor":39.0,"turns":7.0},{"damage":32,"enemies":"Transient","floor":41,"turns":6},{"damage":17,"enemies":"Spire Growth","floor":44,"turns":6},{"damage":43,"enemies":"Jaw Worm Horde","floor":45,"turns":8},{"damage":22,"enemies":"Sphere and 2 Shapes","floor":47,"turns":2}],"seed_played":"-5624153480952152840","potions_obtained":[{"floor":10.0,"key":"EssenceOfSteel"},{"floor":13.0,"key":"EssenceOfSteel"}],"is_trial":false,"path_per_floor":["M","$","?","?","M","R","E","?","T","E","R","?","M","E","R","B",null,"M","M","M","$","M","R","M","M","T","M","R","M","?","M","R","B",null,"M","M","?","$","M","R","M","$","T","M","M","?","M"],"character_chosen":"DEFECT","items_purchased":["Capacitor","Cold Snap","Cold Snap","ClockworkSouvenir","Double Energy"],"campfire_rested":2,"item_purchase_floors":[2,2,21,21,42],"current_hp_per_floor":[64,64,64,64,64,64,64,43,57,31,56,61,64,40,40,20,73,65,62,47,47,49,76,78,77,77,84,84,87,87,79,79,82,88,90,80,80,80,72,72,52,52,52,49,16,16,0],"gold":94,"neow_bonus":"THREE_ENEMY_KILL","is_prod":false,"is_daily":false,"chose_seed":false,"campfire_upgraded":4,"win_rate":0,"timestamp":1552262118,"path_taken":["M","$","?","?","M","R","E","?","T","E","R","?","?","E","R","BOSS","M","M","M","$","M","R","M","M","T","M","R","M","?","M","R","BOSS","M","M","?","$","M","R","M","$","T","M","M","?","?"],"build_version":"2019-01-23","purchased_purges":2,"victory":false,"max_hp_per_floor":[71,71,71,71,71,71,71,71,85,85,85,90,90,90,90,90,90,90,90,90,90,90,90,90,90,90,90,90,90,90,90,90,90,90,90,90,90,90,90,90,90,90,90,90,90,90,90],"card_choices":[{"not_picked":["Hologram","Go for the Eyes"],"picked":"Doom and Gloom","floor":1.0},{"not_picked":["Leap","Hologram"],"picked":"Glacier","floor":5.0},{"not_picked":["Undo","Stack"],"picked":"Coolheaded","floor":7.0},{"not_picked":["Scrape","Rebound"],"picked":"Loop","floor":10.0},{"not_picked":["Stack","Sweeping Beam"],"picked":"Barrage","floor":13.0},{"not_picked":["Electrodynamics","Leap"],"picked":"Defragment","floor":14.0},{"not_picked":["Amplify","All For One"],"picked":"Multi-Cast","floor":16.0},{"not_picked":["Hologram","Gash+1"],"picked":"Barrage","floor":18.0},{"not_picked":["Force Field","Steam Power"],"picked":"Barrage+1","floor":19.0},{"not_picked":["Hologram","Fusion","Beam Cell"],"picked":"SKIP","floor":20.0},{"not_picked":["Turbo","Steam"],"picked":"White Noise","floor":22.0},{"not_picked":["Leap","Streamline","Gash+1"],"picked":"SKIP","floor":24.0},{"not_picked":["Beam Cell+1","Genetic Algorithm"],"picked":"Compile Driver","floor":25.0},{"not_picked":["Turbo","Streamline"],"picked":"Consume+1","floor":27.0},{"not_picked":["Gash","Scrape","Aggregate"],"picked":"SKIP","floor":29.0},{"not_picked":["Sunder","Conserve Battery"],"picked":"Coolheaded+1","floor":31.0},{"not_picked":["Fission","Hyperbeam"],"picked":"Seek","floor":33.0},{"not_picked":["Auto Shields+1","Gash"],"picked":"Sweeping Beam","floor":35.0},{"not_picked":["Redo","Hologram","Tempest"],"picked":"SKIP","floor":36.0},{"not_picked":["Jack Of All Trades","PanicButton"],"picked":"Madness","floor":37.0},{"not_picked":["Beam Cell","Compile Driver"],"picked":"Loop","floor":39.0},{"not_picked":["Reprogram","Double Energy"],"picked":"BootSequence+1","floor":41},{"not_picked":["Rebound","Streamline","Compile Driver"],"picked":"SKIP","floor":44},{"not_picked":["Sweeping Beam","Stack"],"picked":"Loop+1","floor":45}],"player_experience":695302,"relics_obtained":[{"floor":7.0,"key":"Bird Faced Urn"},{"floor":9.0,"key":"Mango"},{"floor":10.0,"key":"Sundial"},{"floor":14.0,"key":"Vajra"},{"floor":26.0,"key":"Symbiotic Virus"},{"floor":43,"key":"Bronze Scales"}],"event_choices":[{"damage_healed":0.0,"max_hp_gain":0.0,"max_hp_loss":0.0,"gold_gain":0.0,"cards_transformed":["Strike_B"],"event_name":"Living Wall","player_choice":"Change","floor":3.0,"gold_loss":0.0,"damage_taken":0.0,"cards_obtained":["Glacier"]},{"damage_healed":0.0,"max_hp_gain":0.0,"max_hp_loss":0.0,"gold_gain":77.0,"event_name":"Golden Wing","player_choice":"Gained Gold","floor":4.0,"gold_loss":0.0,"damage_taken":0.0},{"damage_healed":0.0,"max_hp_gain":0.0,"max_hp_loss":0.0,"gold_gain":0.0,"event_name":"Shining Light","player_choice":"Entered Light","floor":8.0,"gold_loss":0.0,"damage_taken":21.0,"cards_upgraded":["Doom and Gloom","Strike_B"]},{"damage_healed":0.0,"max_hp_gain":5.0,"max_hp_loss":0.0,"gold_gain":0.0,"event_name":"Big Fish","player_choice":"Donut","floor":12.0,"gold_loss":0.0,"damage_taken":0.0},{"cards_removed":["Strike_B"],"damage_healed":0.0,"max_hp_gain":0.0,"max_hp_loss":0.0,"gold_gain":0.0,"event_name":"Beggar","player_choice":"Gave Gold","floor":30.0,"gold_loss":75.0,"damage_taken":0.0},{"damage_healed":0.0,"max_hp_gain":0.0,"max_hp_loss":0.0,"gold_gain":0.0,"event_name":"SensoryStone","player_choice":"Memory 1","floor":37.0,"gold_loss":0.0,"damage_taken":0.0},{"damage_healed":0,"gold_gain":0,"player_choice":"Ignored","damage_taken":0,"max_hp_gain":0,"max_hp_loss":0,"event_name":"SecretPortal","floor":46,"gold_loss":0}],"is_beta":false,"boss_relics":[{"not_picked":["Fusion Hammer","Runic Dome"],"picked":"Sozu"},{"not_picked":["Tiny House","Nuclear Battery"],"picked":"Astrolabe"}],"items_purged_floors":[21,38],"is_endless":false,"potions_floor_spawned":[10,13,18,20,24,27,36,39,44],"killed_by":"Sphere and 2 Shapes","ascension_level":20}