{"gold_per_floor":[112,126,276,276,294,294,369,400,400,418,40,40,73,20,20,93,93,103,103,116,16,16,16,16],"floor_reached":24,"playtime":744,"items_purged":["Doubt","Shame"],"score":384,"play_id":"53469756-d3fd-41ed-bc85-7d6857041e49","local_time":"20190825145529","is_ascension_mode":true,"campfire_choices":[{"data":"Buffer","floor":6,"key":"SMITH"},{"floor":15,"key":"REST"},{"floor":23,"key":"REST"}],"neow_cost":"NONE","seed_source_timestamp":985805510529000,"circlet_count":0,"master_deck":["AscendersBane","Zap+1","Dualcast","Conserve Battery","Leap","Buffer+1","Defragment","Coolheaded","Defragment","White Noise","BootSequence","Capacitor","Ball Lightning","Seek","Electrodynamics","Consume","Storm","Barrage","Streamline","Streamline","Biased Cognition","Defragment","Stack+1"],"relics":["Cracked Core","Question Card","Letter Opener","Blood Vial","Pantograph","Pandora\u0027s Box","Boot"],"potions_floor_usage":[8,13,20,24],"damage_taken":[{"damage":0,"enemies":"Cultist","floor":1,"turns":3},{"damage":2,"enemies":"Jaw Worm","floor":2,"turns":3},{"damage":4,"enemies":"2 Louse","floor":5,"turns":2},{"damage":37,"enemies":"Lagavulin","floor":8,"turns":10},{"damage":0,"enemies":"Large Slime","floor":10,"turns":6},{"damage":6,"enemies":"3 Sentries","floor":13,"turns":9},{"damage":27,"enemies":"The Guardian","floor":16,"turns":10},{"damage":4,"enemies":"Spheric Guardian","floor":18,"turns":3},{"damage":26,"enemies":"2 Thieves","floor":20,"turns":3},{"damage":59,"enemies":"Gremlin Leader","floor":24,"turns":2}],"seed_played":"-5798677719227972024","potions_obtained":[{"floor":2,"key":"SkillPotion"},{"floor":13,"key":"Explosive Potion"},{"floor":16,"key":"GamblersBrew"}],"is_trial":false,"path_per_floor":["M","M","?","?","M","R","?","E","T","M","$","?","E","$","R","B",null,"M","?","M","$","?","R","E"],"character_chosen":"DEFECT","items_purchased":["Defragment","White Noise","BootSequence","Dexterity Potion","Ball Lightning"],"campfire_rested":2,"item_purchase_floors":[11,11,11,11,14],"current_hp_per_floor":[64,62,62,62,58,58,47,10,10,12,12,12,8,8,29,29,61,59,59,35,35,35,56,0],"gold":16,"neow_bonus":"UPGRADE_CARD","is_prod":false,"is_daily":false,"chose_seed":false,"campfire_upgraded":1,"win_rate":0,"timestamp":1566737729,"path_taken":["M","M","?","?","?","R","?","E","T","M","$","?","E","?","R","BOSS","M","?","M","$","?","R","E"],"build_version":"2019-07-17","purchased_purges":2,"victory":false,"max_hp_per_floor":[71,71,71,71,71,71,71,71,71,71,71,71,71,71,71,71,71,71,71,71,71,71,71,71],"card_choices":[{"not_picked":["Compile Driver","Rebound"],"picked":"Conserve Battery","floor":1},{"not_picked":["Steam","Rip and Tear"],"picked":"Leap","floor":2},{"not_picked":["Ball Lightning","Cold Snap","Loop"],"picked":"Buffer","floor":5},{"not_picked":["Steam","Barrage","Darkness"],"picked":"Defragment","floor":8},{"not_picked":["Beam Cell","Recycle","Streamline"],"picked":"Coolheaded","floor":10},{"not_picked":["Force Field","Chill","Hologram"],"picked":"Capacitor","floor":13},{"not_picked":["All For One","Amplify","Reboot"],"picked":"Seek","floor":16},{"not_picked":["White Noise","Leap","Streamline+1"],"picked":"Defragment","floor":18},{"not_picked":["Rebound","Chaos","Beam Cell+1"],"picked":"Stack+1","floor":20}],"player_experience":1967802,"relics_obtained":[{"floor":4,"key":"Question Card"},{"floor":8,"key":"Letter Opener"},{"floor":9,"key":"Blood Vial"},{"floor":13,"key":"Pantograph"}],"event_choices":[{"damage_healed":0,"gold_gain":150,"player_choice":"AGREE","damage_taken":0,"max_hp_gain":0,"max_hp_loss":0,"event_name":"Liars Game","floor":3,"gold_loss":0,"cards_obtained":["Doubt"]},{"damage_healed":0,"gold_gain":0,"player_choice":"Relic","damage_taken":0,"max_hp_gain":0,"max_hp_loss":0,"event_name":"Wheel of Change","floor":4,"gold_loss":0},{"damage_healed":0,"gold_gain":75,"player_choice":"Gather Gold","damage_taken":11,"max_hp_gain":0,"max_hp_loss":0,"event_name":"World of Goop","floor":7,"gold_loss":0},{"damage_healed":0,"gold_gain":0,"player_choice":"Fled","damage_taken":0,"max_hp_gain":0,"max_hp_loss":0,"event_name":"Scrap Ooze","floor":12,"gold_loss":0},{"damage_healed":0,"gold_gain":0,"player_choice":"Stole Relic","damage_taken":0,"relics_obtained":["Boot"],"max_hp_gain":0,"max_hp_loss":0,"event_name":"Addict","floor":19,"gold_loss":0,"cards_obtained":["Shame"]},{"cards_removed":["Blizzard"],"damage_healed":0,"gold_gain":0,"player_choice":"Elegance","damage_taken":0,"max_hp_gain":0,"max_hp_loss":0,"event_name":"Back to Basics","floor":22,"gold_loss":0}],"is_beta":false,"boss_relics":[{"not_picked":["FrozenCore","Snecko Eye"],"picked":"Pandora\u0027s Box"}],"items_purged_floors":[11,21],"is_endless":false,"potions_floor_spawned":[2,13,16,18],"killed_by":"Gremlin Leader","ascension_level":18}