{"gold_per_floor":[114,189,208,208,208,248,248,292,292,292,141,41,62,77,77,167,167,181,205,205,205,205,205,221,221,221,221,275,299,25,25,25,25],"floor_reached":33,"playtime":974,"items_purged":["Defend_R","Defend_R","Defend_R"],"score":480,"play_id":"3fd2410f-068d-405d-acf4-6cdeaa26962c","local_time":"20190306040229","is_ascension_mode":true,"campfire_choices":[{"data":"Double Tap","floor":7,"key":"SMITH"},{"data":"Bash","floor":10,"key":"SMITH"},{"data":"True Grit","floor":15,"key":"SMITH"},{"data":"Spot Weakness","floor":23,"key":"SMITH"},{"data":"Dark Embrace","floor":25,"key":"SMITH"},{"data":"Perfected Strike","floor":27,"key":"SMITH"},{"data":"Limit Break","floor":32,"key":"SMITH"}],"neow_cost":"NONE","seed_source_timestamp":84873871544600,"circlet_count":0,"master_deck":["AscendersBane","Defend_R","Bash+1","Headbutt","Double Tap+1","Perfected Strike+1","Pommel Strike","Spot Weakness+1","Headbutt","True Grit+1","Dark Embrace+1","Flame Barrier+1","Clash+1","Clash","Anger","Clash","Limit Break+1","Bite","Bite","Bite","Bite","Bite"],"relics":["Burning Blood","NeowsBlessing","Golden Idol","FossilizedHelix","Bag of Marbles","Turnip","Sozu","Ornamental Fan","Nilry\u0027s Codex","Pear","Boot"],"potions_floor_usage":[16,16],"damage_taken":[{"damage":0,"enemies":"2 Louse","floor":1,"turns":2},{"damage":0,"enemies":"Jaw Worm","floor":3,"turns":1},{"damage":0,"enemies":"Lagavulin","floor":6,"turns":1},{"damage":35,"enemies":"3 Sentries","floor":8,"turns":9},{"damage":0,"enemies":"Cultist","floor":13,"turns":3},{"damage":11,"enemies":"3 Louse","floor":14,"turns":3},{"damage":20,"enemies":"Hexaghost","floor":16,"turns":8},{"damage":0,"enemies":"Chosen","floor":18,"turns":3},{"damage":12,"enemies":"Spheric Guardian","floor":19,"turns":5},{"damage":18,"enemies":"Cultist and Chosen","floor":24,"turns":6},{"damage":0,"enemies":"Chosen and Byrds","floor":29,"turns":4},{"damage":82,"enemies":"Collector","floor":33,"turns":8}],"seed_played":"6773320691745365902","potions_obtained":[{"floor":8,"key":"SkillPotion"},{"floor":14,"key":"Poison Potion"}],"is_trial":false,"path_per_floor":["M","?","M","?","?","E","R","E","T","R","$","$","M","M","R","B",null,"M","M","?","?","?","R","M","R","T","R","T","M","$","?","R","B"],"character_chosen":"IRONCLAD","items_purchased":["Spot Weakness","Limit Break"],"campfire_rested":0,"item_purchase_floors":[11,30],"current_hp_per_floor":[78,67,73,78,57,63,63,34,34,34,34,34,40,35,35,21,69,75,69,69,53,53,53,41,41,51,51,51,57,57,57,57,0],"gold":25,"neow_bonus":"THREE_ENEMY_KILL","is_prod":false,"is_daily":false,"chose_seed":false,"campfire_upgraded":7,"win_rate":0,"timestamp":1551841349,"path_taken":["M","?","M","?","?","E","R","E","T","R","?","$","?","M","R","BOSS","M","M","?","?","?","R","M","R","T","R","?","?","$","?","R","BOSS"],"build_version":"2019-01-23","purchased_purges":3,"victory":false,"max_hp_per_floor":[80,80,80,85,85,85,85,85,85,85,85,85,85,85,85,85,85,85,85,85,85,85,85,85,85,95,95,95,95,95,66,66,66],"card_choices":[{"not_picked":["Wild Strike","Iron Wave"],"picked":"Headbutt","floor":1},{"not_picked":["Thunderclap","Anger"],"picked":"Double Tap","floor":3},{"not_picked":["Dual Wield","Double Tap"],"picked":"Perfected Strike","floor":6},{"not_picked":["Intimidate","True Grit"],"picked":"Pommel Strike","floor":8},{"not_picked":["Evolve","Intimidate"],"picked":"Headbutt","floor":13},{"not_picked":["Havoc","Metallicize"],"picked":"True Grit","floor":14},{"not_picked":["Brutality","Demon Form"],"picked":"Dark Embrace","floor":16},{"not_picked":["Hemokinesis","Shockwave"],"picked":"Flame Barrier+1","floor":18},{"not_picked":["Heavy Blade","Combust"],"picked":"Clash+1","floor":19},{"not_picked":["Headbutt","Flame Barrier"],"picked":"Anger","floor":24},{"not_picked":["True Grit","Flex"],"picked":"Clash","floor":29}],"player_experience":938537,"relics_obtained":[{"floor":6,"key":"FossilizedHelix"},{"floor":8,"key":"Bag of Marbles"},{"floor":9,"key":"Turnip"},{"floor":21,"key":"Nilry\u0027s Codex"},{"floor":26,"key":"Pear"},{"floor":28,"key":"Boot"}],"event_choices":[{"damage_healed":0,"gold_gain":75,"player_choice":"Gather Gold","damage_taken":11,"max_hp_gain":0,"max_hp_loss":0,"event_name":"World of Goop","floor":2,"gold_loss":0},{"damage_healed":0,"gold_gain":0,"player_choice":"Donut","damage_taken":0,"max_hp_gain":5,"max_hp_loss":0,"event_name":"Big Fish","floor":4,"gold_loss":0},{"damage_healed":0,"gold_gain":0,"player_choice":"Take Damage","damage_taken":21,"relics_obtained":["Golden Idol"],"max_hp_gain":0,"max_hp_loss":0,"event_name":"Golden Idol","floor":5,"gold_loss":0},{"damage_healed":0,"gold_gain":0,"player_choice":"Opened","damage_taken":0,"relics_obtained":["Ornamental Fan"],"max_hp_gain":0,"max_hp_loss":0,"event_name":"The Mausoleum","floor":20,"gold_loss":0},{"damage_healed":0,"gold_gain":0,"player_choice":"Obtained Book","damage_taken":16,"max_hp_gain":0,"max_hp_loss":0,"event_name":"Cursed Tome","floor":21,"gold_loss":0},{"damage_healed":0,"gold_gain":0,"player_choice":"Read","damage_taken":0,"max_hp_gain":0,"max_hp_loss":0,"event_name":"The Library","floor":22,"gold_loss":0,"cards_obtained":["Clash"]},{"damage_healed":0,"gold_gain":0,"player_choice":"Became a vampire","damage_taken":0,"max_hp_gain":0,"max_hp_loss":29,"event_name":"Vampires","floor":31,"gold_loss":0,"cards_obtained":["Bite","Bite","Bite","Bite","Bite"]}],"is_beta":false,"boss_relics":[{"not_picked":["Runic Pyramid","Coffee Dripper"],"picked":"Sozu"}],"items_purged_floors":[11,12,30],"is_endless":false,"potions_floor_spawned":[8,14,19,24],"killed_by":"Collector","ascension_level":13}