{"path_per_floor":["M","M","?","?","?","E","M","R","T","?","E","R","M","?","R","B",null,"M","M","M","?","M","M","R","$","T","$","R","M","R","M","R"],"character_chosen":"IRONCLAD","items_purchased":["Molten Egg 2","Flash of Steel"],"gold_per_floor":[114,129,129,129,129,162,180,180,180,180,206,206,219,244,244,342,342,358,370,385,413,432,447,447,14,14,14,14,29,29,44,44,44],"floor_reached":33,"campfire_rested":3,"playtime":1694,"item_purchase_floors":[25,25],"current_hp_per_floor":[74,79,79,61,45,29,33,57,57,57,54,54,52,49,49,23,66,54,49,35,16,14,13,37,37,37,37,37,43,67,73,73,0],"items_purged":["Defend_R"],"gold":44,"score":373,"play_id":"f2465bf5-df17-4205-bfad-2c9e41b8799c","local_time":"20180621223908","is_prod":false,"is_daily":false,"chose_seed":false,"is_ascension_mode":true,"campfire_upgraded":4,"win_rate":0,"timestamp":1529617148,"campfire_choices":[{"floor":8,"key":"REST"},{"data":"Barricade","floor":12,"key":"SMITH"},{"data":"Rampage","floor":15,"key":"SMITH"},{"floor":24,"key":"REST"},{"data":"Fiend Fire","floor":28,"key":"SMITH"},{"floor":30,"key":"REST"},{"data":"Armaments","floor":32,"key":"SMITH"}],"path_taken":["M","M","?","?","?","E","M","R","T","?","E","R","?","?","R","BOSS","M","M","?","?","M","M","R","$","T","?","R","?","R","M","R","BOSS"],"build_version":"2018-06-14v2","seed_source_timestamp":619735193837407,"purchased_purges":1,"victory":false,"master_deck":["Strike_R","Strike_R+1","Strike_R","Strike_R","Defend_R","Defend_R","Bash+1","Armaments+1","Flame Barrier+1","Infernal Blade","Barricade+1","Flex","Rampage+1","Body Slam","Fiend Fire+1","Spot Weakness","Bludgeon","Shrug It Off","Metallicize+1","Thunderclap+1","Shrug It Off+1","Flash of Steel+1","Evolve","Sword Boomerang+1"],"max_hp_per_floor":[80,80,80,80,80,80,80,80,80,80,80,80,80,80,80,80,80,80,80,80,80,80,80,80,80,80,80,80,80,80,80,80,80],"relics":["Burning Blood","Centennial Puzzle","Paper Frog","Orichalcum","Happy Flower","Odd Mushroom","Orrery","Red Mask","Molten Egg 2","Ornamental Fan"],"card_choices":[{"not_picked":["Clash","Perfected Strike"],"picked":"Armaments","floor":1},{"not_picked":["Evolve","Heavy Blade"],"picked":"Flame Barrier","floor":2},{"not_picked":["Corruption","Evolve"],"picked":"Infernal Blade","floor":6},{"not_picked":["Entrench","Iron Wave"],"picked":"Barricade","floor":7},{"not_picked":["Shrug It Off","True Grit"],"picked":"Rampage","floor":11},{"not_picked":["Warcry","Shrug It Off"],"picked":"Body Slam","floor":13},{"not_picked":["Dark Embrace","Brutality"],"picked":"Fiend Fire","floor":16},{"not_picked":["Dual Wield","Flex"],"picked":"Spot Weakness","floor":17},{"not_picked":["Cleave","Searing Blow"],"picked":"Bludgeon","floor":17},{"not_picked":["Body Slam","Rupture"],"picked":"Shrug It Off","floor":17},{"not_picked":["Headbutt","Iron Wave"],"picked":"Metallicize+1","floor":18},{"not_picked":["True Grit+1","Shrug It Off"],"picked":"Thunderclap+1","floor":19},{"not_picked":["Dark Embrace","Perfected Strike"],"picked":"Shrug It Off+1","floor":20},{"not_picked":["Warcry","Clothesline","Pommel Strike"],"picked":"SKIP","floor":22},{"not_picked":["Iron Wave","Infernal Blade","Perfected Strike"],"picked":"SKIP","floor":23},{"not_picked":["Bloodletting","Fire Breathing+1"],"picked":"Evolve","floor":29},{"not_picked":["Seeing Red","Shrug It Off"],"picked":"Sword Boomerang+1","floor":31}],"player_experience":468555,"potions_floor_usage":[11,14,16,18,22,23,33],"damage_taken":[{"damage":4,"enemies":"2 Louse","floor":1,"turns":3},{"damage":1,"enemies":"Cultist","floor":2,"turns":4},{"damage":22,"enemies":"Gremlin Nob","floor":6,"turns":5},{"damage":2,"enemies":"Jaw Worm","floor":7,"turns":3},{"damage":9,"enemies":"Lagavulin","floor":11,"turns":7},{"damage":8,"enemies":"Blue Slaver","floor":13,"turns":4},{"damage":9,"floor":14,"turns":3},{"damage":32,"enemies":"Slime Boss","floor":16,"turns":4},{"damage":18,"enemies":"2 Thieves","floor":18,"turns":4},{"damage":11,"enemies":"Shell Parasite","floor":19,"turns":5},{"damage":20,"enemies":"Centurion and Healer","floor":20,"turns":5},{"damage":25,"floor":21,"turns":5},{"damage":8,"enemies":"Chosen and Byrds","floor":22,"turns":5},{"damage":7,"enemies":"Snake Plant","floor":23,"turns":5},{"damage":0,"enemies":"Cultist and Chosen","floor":29,"turns":7},{"damage":0,"enemies":"Centurion and Healer","floor":31,"turns":6},{"damage":98,"enemies":"Collector","floor":33,"turns":7}],"relics_obtained":[{"floor":6,"key":"Paper Frog"},{"floor":9,"key":"Orichalcum"},{"floor":11,"key":"Happy Flower"},{"floor":14,"key":"Odd Mushroom"},{"floor":21,"key":"Red Mask"},{"floor":26,"key":"Ornamental Fan"}],"event_choices":[{"event_name":"Purifier","player_choice":"One Purge","floor":3,"damage_taken":0},{"event_name":"Scrap Ooze","player_choice":"success","floor":4,"damage_taken":18},{"event_name":"Shining Light","player_choice":"Entered Light","floor":5,"damage_taken":0},{"event_name":"Transmorgrifier","player_choice":"Transform","floor":10,"damage_taken":0},{"event_name":"Mushrooms","player_choice":"Fought Mushrooms","floor":14,"damage_taken":0},{"event_name":"Masked Bandits","player_choice":"Fought over 385 gold","floor":21,"damage_taken":0}],"boss_relics":[{"not_picked":["Philosopher\u0027s Stone","Calling Bell"],"picked":"Orrery"}],"items_purged_floors":[25],"is_endless":false,"potions_floor_spawned":[2,6,7,13,16,21,23],"seed_played":"-946083794059240468","killed_by":"Collector","ascension_level":9,"potions_obtained":[{"floor":2,"key":"LiquidBronze"},{"floor":6,"key":"Block Potion"},{"floor":7,"key":"Fire Potion"},{"floor":13,"key":"SpeedPotion"},{"floor":16,"key":"AttackPotion"},{"floor":21,"key":"Weak Potion"},{"floor":23,"key":"SteroidPotion"}],"is_trial":false}