{"gold_per_floor":[19,19,29,29,46,46,77,77,77,102,112,143,143,143,143,143],"floor_reached":16,"playtime":829,"items_purged":[],"score":212,"play_id":"ca0efce1-c51a-423d-ae94-118aee337277","local_time":"20190523181335","is_ascension_mode":true,"campfire_choices":[{"data":"True Grit","floor":6,"key":"SMITH"},{"data":"Feel No Pain","floor":8,"key":"SMITH"},{"data":"True Grit","floor":13,"key":"SMITH"},{"data":"Body Slam","floor":15,"key":"SMITH"}],"neow_cost":"NO_GOLD","seed_source_timestamp":845807054298900,"circlet_count":0,"master_deck":["AscendersBane","Strike_R","Strike_R","Defend_R","Defend_R","Defend_R","Defend_R","Bash","True Grit+1","Feel No Pain+1","Power Through","Second Wind","Headbutt","Body Slam+1","True Grit+1","Injury"],"relics":["Burning Blood","Letter Opener","Meat on the Bone","Champion Belt","Bag of Preparation","Golden Idol"],"potions_floor_usage":[7,10,16],"damage_taken":[{"damage":11,"enemies":"Cultist","floor":1,"turns":4},{"damage":8,"enemies":"2 Louse","floor":3,"turns":5},{"damage":3,"enemies":"Jaw Worm","floor":5,"turns":5},{"damage":48,"enemies":"Lagavulin","floor":7,"turns":14},{"damage":8,"enemies":"3 Sentries","floor":10,"turns":21},{"damage":0,"enemies":"Exordium Wildlife","floor":11,"turns":5},{"damage":42,"enemies":"Lagavulin","floor":12,"turns":11},{"damage":32,"enemies":"Hexaghost","floor":16,"turns":14}],"seed_played":"-3581693186145083937","potions_obtained":[{"floor":3,"key":"LiquidBronze"},{"floor":7,"key":"BloodPotion"},{"floor":10,"key":"Dexterity Potion"}],"is_trial":false,"path_per_floor":["M","$","M","?","M","R","E","R","T","E","M","E","R","?","R","B"],"character_chosen":"IRONCLAD","items_purchased":[],"campfire_rested":0,"item_purchase_floors":[],"current_hp_per_floor":[63,63,61,54,57,57,15,15,15,32,50,26,26,26,26,0],"gold":143,"neow_bonus":"REMOVE_TWO","is_prod":false,"is_daily":false,"chose_seed":false,"campfire_upgraded":4,"win_rate":0,"timestamp":1558628015,"path_taken":["M","?","M","?","M","R","E","R","T","E","M","E","R","?","R","BOSS"],"build_version":"2019-01-23","purchased_purges":0,"victory":false,"max_hp_per_floor":[75,75,75,75,75,75,75,75,75,75,75,75,75,75,75,75],"card_choices":[{"not_picked":["Iron Wave","Cleave"],"picked":"True Grit","floor":1},{"not_picked":["Armaments","Sword Boomerang"],"picked":"Feel No Pain","floor":3},{"not_picked":["Sword Boomerang","Warcry"],"picked":"Power Through","floor":5},{"not_picked":["Juggernaut","Clothesline"],"picked":"Second Wind","floor":7},{"not_picked":["Heavy Blade","Cleave"],"picked":"Headbutt","floor":10},{"not_picked":["Sword Boomerang","Shrug It Off"],"picked":"Body Slam","floor":11},{"not_picked":["Clothesline","Hemokinesis"],"picked":"True Grit","floor":12}],"player_experience":1189133,"relics_obtained":[{"floor":7,"key":"Letter Opener"},{"floor":9,"key":"Meat on the Bone"},{"floor":10,"key":"Champion Belt"},{"floor":12,"key":"Bag of Preparation"}],"event_choices":[{"cards_removed":["Strike_R"],"damage_healed":0,"gold_gain":0,"player_choice":"Card Removal","damage_taken":7,"max_hp_gain":0,"max_hp_loss":0,"event_name":"Golden Wing","floor":4,"gold_loss":0},{"damage_healed":0,"gold_gain":0,"player_choice":"Take Wound","damage_taken":0,"relics_obtained":["Golden Idol"],"max_hp_gain":0,"max_hp_loss":0,"event_name":"Golden Idol","floor":14,"gold_loss":0,"cards_obtained":["Injury"]}],"is_beta":false,"boss_relics":[],"items_purged_floors":[],"is_endless":false,"potions_floor_spawned":[3,7,10],"killed_by":"Hexaghost","ascension_level":16}