{"gold_per_floor":[118,118,131,131,131,131,164,164,187,211,227,227,227,9,9,105,105,123,46,46,46],"floor_reached":21,"playtime":953,"items_purged":["Strike_B"],"score":324,"play_id":"fdec56a9-b871-4631-a510-9f7de651993d","local_time":"20190818125757","is_ascension_mode":true,"campfire_choices":[{"data":"Defragment","floor":6,"key":"SMITH"},{"data":"Genetic Algorithm","floor":8,"key":"SMITH"},{"data":"Capacitor","floor":13,"key":"SMITH"},{"data":"Barrage","floor":15,"key":"SMITH"}],"neow_cost":"NONE","seed_source_timestamp":905550383185762,"circlet_count":0,"master_deck":["AscendersBane","Strike_B","Strike_B","Defend_B","Defend_B","Defend_B","Defend_B","Zap","Dualcast","Genetic Algorithm+1","Defragment+1","BootSequence","Genetic Algorithm","Capacitor+1","Barrage+1","Skim","Seek","BootSequence","Cold Snap","Auto Shields"],"relics":["Eternal Feather","Art of War","Golden Idol","Thread and Needle","Regal Pillow","Calling Bell","Blood Vial","Prayer Wheel","Nloth\u0027s Gift"],"potions_floor_usage":[7,16,16],"damage_taken":[{"damage":4,"enemies":"Jaw Worm","floor":1,"turns":4},{"damage":3,"enemies":"Small Slimes","floor":3,"turns":4},{"damage":34,"enemies":"3 Sentries","floor":7,"turns":11},{"damage":0,"enemies":"2 Louse","floor":10,"turns":4},{"damage":10,"enemies":"2 Fungi Beasts","floor":11,"turns":5},{"damage":44,"enemies":"Slime Boss","floor":16,"turns":11},{"damage":36,"enemies":"3 Byrds","floor":18,"turns":7},{"damage":40,"enemies":"Chosen","floor":21,"turns":5}],"seed_played":"6975187846212039138","potions_obtained":[{"floor":1,"key":"EssenceOfSteel"},{"floor":7,"key":"SteroidPotion"},{"floor":11,"key":"Dexterity Potion"}],"is_trial":false,"path_per_floor":["M","?","M","?","?","R","E","R","T","M","M","?","R","$","R","B",null,"M","$","?","M"],"character_chosen":"DEFECT","items_purchased":["Barrage","Skim","Auto Shields"],"campfire_rested":0,"item_purchase_floors":[14,14,19],"current_hp_per_floor":[60,49,46,39,39,45,11,17,17,17,7,28,37,37,46,2,49,15,15,15,0],"gold":46,"neow_bonus":"BOSS_RELIC","is_prod":false,"is_daily":false,"chose_seed":false,"campfire_upgraded":4,"win_rate":0,"timestamp":1566158277,"path_taken":["M","?","M","?","?","R","E","R","T","M","M","?","R","$","R","BOSS","M","$","?","M"],"build_version":"2019-07-17","purchased_purges":1,"victory":false,"max_hp_per_floor":[71,71,71,71,64,64,64,64,64,64,64,64,64,64,64,64,64,64,64,64,64],"card_choices":[{"not_picked":["BootSequence","Double Energy"],"picked":"Genetic Algorithm","floor":1},{"not_picked":["Storm","Auto Shields"],"picked":"Defragment","floor":3},{"not_picked":["Barrage","Turbo"],"picked":"BootSequence","floor":7},{"not_picked":["Compile Driver","BootSequence"],"picked":"Genetic Algorithm","floor":10},{"not_picked":["Tempest","Steam Power"],"picked":"Capacitor","floor":11},{"not_picked":["Hyperbeam","Biased Cognition"],"picked":"Seek","floor":16},{"not_picked":["Heatsinks","Steam Power+1"],"picked":"BootSequence","floor":18},{"not_picked":["Barrage","Consume"],"picked":"Cold Snap","floor":18}],"player_experience":174746,"relics_obtained":[{"floor":7,"key":"Thread and Needle"},{"floor":9,"key":"Regal Pillow"},{"floor":17,"key":"Blood Vial"},{"floor":17,"key":"Ornamental Fan"},{"floor":17,"key":"Prayer Wheel"}],"event_choices":[{"damage_healed":0,"gold_gain":0,"player_choice":"Success","damage_taken":11,"relics_obtained":["Art of War"],"max_hp_gain":0,"max_hp_loss":0,"event_name":"Scrap Ooze","floor":2,"gold_loss":0},{"cards_removed":["Strike_B"],"damage_healed":0,"gold_gain":0,"player_choice":"Card Removal","damage_taken":7,"max_hp_gain":0,"max_hp_loss":0,"event_name":"Golden Wing","floor":4,"gold_loss":0},{"damage_healed":0,"gold_gain":0,"player_choice":"Lose Max HP","damage_taken":0,"relics_obtained":["Golden Idol"],"max_hp_gain":0,"max_hp_loss":7,"event_name":"Golden Idol","floor":5,"gold_loss":0},{"damage_healed":21,"gold_gain":0,"player_choice":"Banana","damage_taken":0,"max_hp_gain":0,"max_hp_loss":0,"event_name":"Big Fish","floor":12,"gold_loss":0},{"damage_healed":0,"gold_gain":0,"player_choice":"Traded Relic","damage_taken":0,"relics_obtained":["Nloth\u0027s Gift"],"max_hp_gain":0,"max_hp_loss":0,"event_name":"N\u0027loth","floor":20,"relics_lost":["Ornamental Fan"],"gold_loss":0}],"is_beta":false,"boss_relics":[{"not_picked":["Sozu","Inserter"],"picked":"Calling Bell"}],"items_purged_floors":[14],"is_endless":false,"potions_floor_spawned":[1,7,11],"killed_by":"Chosen","ascension_level":17}