{"gold_per_floor":[116,127,52,67,67,93,93,119,146,146,162,172,172,222,222,297,297,307,318,318,329,6,6,6],"floor_reached":24,"playtime":934,"items_purged":["Strike_R","Strike_R"],"score":412,"play_id":"7d27f208-7e5e-4dea-bc0e-e097a2039e61","local_time":"20190705184822","is_ascension_mode":true,"campfire_choices":[{"data":"Uppercut","floor":7,"key":"SMITH"},{"floor":10,"key":"REST"},{"data":"Combust","floor":13,"key":"SMITH"},{"data":"Combust","floor":15,"key":"SMITH"},{"data":"Inflame","floor":23,"key":"SMITH"}],"neow_cost":"NONE","seed_source_timestamp":690642391676424,"circlet_count":0,"master_deck":["AscendersBane","Strike_R","Strike_R","Defend_R","Defend_R","Defend_R","Defend_R","Uppercut+1","Shrug It Off","Combust+1","Shrug It Off","Reaper","Combust+1","Pommel Strike","Bludgeon","Pommel Strike+1","Second Wind","Feel No Pain","Shockwave","Bandage Up","Inflame+1"],"relics":["Burning Blood","Pen Nib","Red Skull","Potion Belt","Black Star"],"potions_floor_usage":[6,8,16,16,24],"damage_taken":[{"damage":11,"enemies":"2 Louse","floor":1,"turns":3},{"damage":2,"enemies":"Cultist","floor":2,"turns":4},{"damage":10,"enemies":"Small Slimes","floor":4,"turns":4},{"damage":33,"enemies":"Lagavulin","floor":6,"turns":7},{"damage":29,"enemies":"3 Sentries","floor":8,"turns":7},{"damage":27,"enemies":"Exordium Thugs","floor":11,"turns":6},{"damage":11,"enemies":"Large Slime","floor":12,"turns":5},{"damage":34,"enemies":"Hexaghost","floor":16,"turns":8},{"damage":22,"enemies":"3 Byrds","floor":18,"turns":3},{"damage":7,"enemies":"Chosen","floor":19,"turns":5},{"damage":22,"enemies":"Snake Plant","floor":21,"turns":3},{"damage":64,"enemies":"Book of Stabbing","floor":24,"turns":5}],"seed_played":"-8590124139630557857","potions_obtained":[{"floor":2,"key":"PowerPotion"},{"floor":6,"key":"AttackPotion"},{"floor":11,"key":"Energy Potion"},{"floor":12,"key":"Swift Potion"},{"floor":16,"key":"Explosive Potion"},{"floor":18,"key":"Weak Potion"}],"is_trial":false,"path_per_floor":["M","M","$","M","?","E","R","E","T","R","M","M","R","?","R","B",null,"M","M","?","M","$","R","E"],"character_chosen":"IRONCLAD","items_purchased":["Shockwave","Bandage Up","Inflame"],"campfire_rested":1,"item_purchase_floors":[22,22,22],"current_hp_per_floor":[63,67,67,63,63,36,36,25,25,47,30,32,32,32,32,11,59,43,46,61,45,45,45,0],"gold":6,"neow_bonus":"TRANSFORM_CARD","is_prod":false,"is_daily":false,"chose_seed":false,"campfire_upgraded":4,"win_rate":0,"timestamp":1562348902,"path_taken":["M","M","$","M","?","E","R","E","T","R","?","M","R","?","R","BOSS","M","M","?","M","$","R","E"],"build_version":"2019-07-01","purchased_purges":2,"victory":false,"max_hp_per_floor":[75,75,75,75,75,75,75,75,75,75,75,75,75,75,75,75,75,75,75,75,75,75,75,75],"card_choices":[{"not_picked":["Twin Strike","Thunderclap"],"picked":"Shrug It Off","floor":1},{"not_picked":["Warcry","Havoc"],"picked":"Combust","floor":2},{"not_picked":["Hemokinesis","Corruption"],"picked":"Shrug It Off","floor":4},{"not_picked":["Rage","Havoc"],"picked":"Reaper","floor":6},{"not_picked":["Sever Soul","Carnage"],"picked":"Combust","floor":8},{"not_picked":["Warcry","Body Slam"],"picked":"Pommel Strike","floor":11},{"not_picked":["Iron Wave","Flex","Fire Breathing"],"picked":"SKIP","floor":12},{"not_picked":["Fiend Fire","Impervious"],"picked":"Bludgeon","floor":16},{"not_picked":["Havoc","Metallicize"],"picked":"Pommel Strike+1","floor":18},{"not_picked":["Havoc","Armaments"],"picked":"Second Wind","floor":19},{"not_picked":["Iron Wave","Wild Strike"],"picked":"Feel No Pain","floor":21}],"player_experience":1131937,"relics_obtained":[{"floor":6,"key":"Pen Nib"},{"floor":8,"key":"Red Skull"},{"floor":9,"key":"Potion Belt"}],"event_choices":[{"cards_removed":["Bash"],"damage_healed":0,"gold_gain":0,"player_choice":"Card Removal","damage_taken":0,"max_hp_gain":0,"max_hp_loss":0,"event_name":"Wheel of Change","floor":5,"gold_loss":0},{"damage_healed":0,"gold_gain":50,"player_choice":"Pray","damage_taken":0,"max_hp_gain":0,"max_hp_loss":0,"event_name":"Golden Shrine","floor":14,"gold_loss":0},{"damage_healed":15,"gold_gain":0,"player_choice":"Heal","damage_taken":0,"max_hp_gain":0,"max_hp_loss":0,"event_name":"The Library","floor":20,"gold_loss":0}],"is_beta":false,"boss_relics":[{"not_picked":["White Beast Statue","Coffee Dripper"],"picked":"Black Star"}],"items_purged_floors":[3,22],"is_endless":false,"potions_floor_spawned":[2,6,11,12,16,18],"killed_by":"Book of Stabbing","ascension_level":20}