{"gold_per_floor":[117,137,137,137,150,150,186,207,285,285,299,299,337,487,487,487],"floor_reached":16,"playtime":428,"items_purged":[],"score":204,"play_id":"19fe44c4-50af-4a9b-ba36-5913ae2dad60","local_time":"20190722021821","is_ascension_mode":true,"campfire_choices":[{"data":"Loop","floor":6,"key":"SMITH"},{"data":"Coolheaded","floor":10,"key":"SMITH"},{"data":"Compile Driver","floor":12,"key":"SMITH"},{"floor":15,"key":"REST"}],"neow_cost":"NONE","seed_source_timestamp":59415922428800,"circlet_count":0,"master_deck":["AscendersBane","Strike_B","Strike_B","Strike_B","Strike_B","Defend_B","Defend_B","Defend_B","Defend_B","Zap+1","Dualcast","Ball Lightning","Loop+1","Injury","BootSequence","Coolheaded+1","Compile Driver+1","Double Energy","Redo","Doubt"],"relics":["Cracked Core","Golden Idol","Pocketwatch","Lantern","Ornamental Fan","Juzu Bracelet"],"potions_floor_usage":[7,7,11,16],"damage_taken":[{"damage":3,"enemies":"2 Louse","floor":1,"turns":2},{"damage":2,"enemies":"Jaw Worm","floor":2,"turns":3},{"damage":0,"enemies":"Small Slimes","floor":5,"turns":2},{"damage":1,"enemies":"Lagavulin","floor":7,"turns":5},{"damage":0,"enemies":"Red Slaver","floor":8,"turns":3},{"damage":20,"enemies":"Lots of Slimes","floor":11,"turns":3},{"damage":12,"enemies":"3 Sentries","floor":13,"turns":7},{"damage":36,"enemies":"Slime Boss","floor":16,"turns":6}],"seed_played":"7598747534966701258","potions_obtained":[{"floor":1,"key":"FearPotion"},{"floor":5,"key":"SkillPotion"},{"floor":8,"key":"Block Potion"},{"floor":13,"key":"Block Potion"}],"is_trial":false,"path_per_floor":["M","M","?","?","M","R","E","M","T","R","M","R","E","?","R","B"],"character_chosen":"DEFECT","items_purchased":[],"campfire_rested":1,"item_purchase_floors":[],"current_hp_per_floor":[61,59,59,48,48,48,47,47,47,47,27,27,15,15,36,0],"gold":487,"neow_bonus":"UPGRADE_CARD","is_prod":false,"is_daily":false,"chose_seed":false,"campfire_upgraded":3,"win_rate":0,"timestamp":1563754701,"path_taken":["M","M","?","?","M","R","E","M","T","R","M","R","E","?","R","BOSS"],"build_version":"2019-07-17","purchased_purges":0,"victory":false,"max_hp_per_floor":[71,71,71,71,71,71,71,71,71,71,71,71,71,71,71,71],"card_choices":[{"not_picked":["Chaos","Go for the Eyes"],"picked":"Ball Lightning","floor":1},{"not_picked":["Turbo","Hologram"],"picked":"Loop","floor":2},{"not_picked":["Cold Snap","Recycle"],"picked":"BootSequence","floor":5},{"not_picked":["Beam Cell","Multi-Cast"],"picked":"Coolheaded","floor":7},{"not_picked":["Coolheaded","Force Field"],"picked":"Compile Driver","floor":8},{"not_picked":["Coolheaded","FTL"],"picked":"Double Energy","floor":11},{"not_picked":["Steam Power","Sweeping Beam"],"picked":"Redo","floor":13}],"player_experience":1725593,"relics_obtained":[{"floor":7,"key":"Lantern"},{"floor":9,"key":"Ornamental Fan"},{"floor":13,"key":"Juzu Bracelet"}],"event_choices":[{"damage_healed":0,"gold_gain":0,"player_choice":"Take Wound","damage_taken":0,"relics_obtained":["Golden Idol"],"max_hp_gain":0,"max_hp_loss":0,"event_name":"Golden Idol","floor":3,"gold_loss":0,"cards_obtained":["Injury"]},{"damage_healed":0,"gold_gain":0,"player_choice":"Success","damage_taken":11,"relics_obtained":["Pocketwatch"],"max_hp_gain":0,"max_hp_loss":0,"event_name":"Scrap Ooze","floor":4,"gold_loss":0},{"damage_healed":0,"gold_gain":150,"player_choice":"AGREE","damage_taken":0,"max_hp_gain":0,"max_hp_loss":0,"event_name":"Liars Game","floor":14,"gold_loss":0,"cards_obtained":["Doubt"]}],"is_beta":false,"boss_relics":[],"items_purged_floors":[],"is_endless":false,"potions_floor_spawned":[1,5,8,13],"killed_by":"Slime Boss","ascension_level":17}