{"gold_per_floor":[110,110,110,110,128,128,146,146,169,204,225,225,243,258,258,258],"floor_reached":16,"playtime":534,"items_purged":[],"score":194,"play_id":"be1fa00c-12da-45a6-a0bc-3290a59eebf4","local_time":"20190808145037","is_ascension_mode":true,"campfire_choices":[{"data":"Clothesline","floor":6,"key":"SMITH"},{"floor":8,"key":"REST"},{"data":"Armaments","floor":12,"key":"SMITH"},{"data":"Bash","floor":15,"key":"SMITH"}],"neow_cost":"NONE","seed_source_timestamp":510862210828400,"circlet_count":0,"master_deck":["AscendersBane","Strike_R","Strike_R","Strike_R","Strike_R","Strike_R","Defend_R","Defend_R","Defend_R","Defend_R+1","Bash+1","Blind+1","Clothesline+1","Metallicize","Anger","Seeing Red","Armaments+1","Feed","Headbutt"],"relics":["Burning Blood","Golden Idol","Bronze Scales","Smiling Mask"],"potions_floor_usage":[10],"damage_taken":[{"damage":10,"enemies":"2 Louse","floor":1,"turns":3},{"damage":12,"enemies":"Small Slimes","floor":5,"turns":3},{"damage":5,"enemies":"Jaw Worm","floor":7,"turns":4},{"damage":34,"enemies":"Lagavulin","floor":10,"turns":8},{"damage":9,"enemies":"Red Slaver","floor":11,"turns":5},{"damage":23,"enemies":"Exordium Thugs","floor":13,"turns":5},{"damage":1,"enemies":"Blue Slaver","floor":14,"turns":3},{"damage":16,"enemies":"Hexaghost","floor":16,"turns":9}],"seed_played":"-6379350379026639505","potions_obtained":[{"floor":7,"key":"Swift Potion"},{"floor":13,"key":"FearPotion"},{"floor":14,"key":"Fire Potion"}],"is_trial":false,"path_per_floor":["M","?","?","?","M","R","M","R","T","E","M","R","M","M","R","B"],"character_chosen":"IRONCLAD","items_purchased":[],"campfire_rested":1,"item_purchase_floors":[],"current_hp_per_floor":[64,41,41,41,35,35,36,58,58,30,27,27,10,15,15,0],"gold":258,"neow_bonus":"RANDOM_COLORLESS","is_prod":false,"is_daily":false,"chose_seed":false,"campfire_upgraded":3,"win_rate":0,"timestamp":1565268637,"path_taken":["M","?","?","?","M","R","M","R","T","E","M","R","M","M","R","BOSS"],"build_version":"2019-07-17","purchased_purges":0,"victory":false,"max_hp_per_floor":[75,75,75,75,75,75,75,75,75,75,75,75,75,75,75,75],"card_choices":[{"not_picked":["Body Slam","Infernal Blade"],"picked":"Clothesline","floor":1},{"not_picked":["Body Slam","Reckless Charge"],"picked":"Metallicize","floor":5},{"not_picked":["Warcry","Havoc"],"picked":"Anger","floor":7},{"not_picked":["Twin Strike","Bloodletting"],"picked":"Seeing Red","floor":10},{"not_picked":["Heavy Blade","Searing Blow"],"picked":"Armaments","floor":11},{"not_picked":["Heavy Blade","Wild Strike"],"picked":"Feed","floor":13},{"not_picked":["Reckless Charge","Warcry"],"picked":"Headbutt","floor":14}],"player_experience":1815646,"relics_obtained":[{"floor":9,"key":"Bronze Scales"},{"floor":10,"key":"Smiling Mask"}],"event_choices":[{"damage_healed":0,"gold_gain":0,"player_choice":"Entered Light","damage_taken":23,"max_hp_gain":0,"max_hp_loss":0,"event_name":"Shining Light","floor":2,"gold_loss":0,"cards_upgraded":["Blind","Defend_R"]},{"damage_healed":0,"gold_gain":0,"player_choice":"Take Wound","damage_taken":0,"relics_obtained":["Golden Idol"],"max_hp_gain":0,"max_hp_loss":0,"event_name":"Golden Idol","floor":3,"gold_loss":0,"cards_obtained":["Injury"]},{"cards_removed":["Injury"],"damage_healed":0,"gold_gain":0,"player_choice":"Forget","damage_taken":0,"max_hp_gain":0,"max_hp_loss":0,"event_name":"Living Wall","floor":4,"gold_loss":0}],"is_beta":false,"boss_relics":[],"items_purged_floors":[],"is_endless":false,"potions_floor_spawned":[7,13,14],"killed_by":"Hexaghost","ascension_level":18}