{"gold_per_floor":[113,113,132,16,16,47,47,63,63,63,92,109,109,126,126,199,199,214,214,225,225,140,140,158,158,158,170,207,219,231,243,255,345,357,381,4,15,15,31,31],"floor_reached":40,"playtime":1459,"items_purged":["Decay"],"score":855,"play_id":"3365195a-f549-4d2e-a413-b94a7a0ddeea","local_time":"20190813001922","is_ascension_mode":true,"campfire_choices":[{"data":"Spot Weakness","floor":10,"key":"SMITH"},{"data":"Armaments","floor":13,"key":"SMITH"},{"data":"Feel No Pain","floor":15,"key":"SMITH"},{"data":"Feel No Pain","floor":23,"key":"SMITH"},{"data":"Bludgeon","floor":25,"key":"SMITH"},{"floor":27,"key":"REST"},{"floor":32,"key":"REST"}],"neow_cost":"NONE","seed_source_timestamp":889667998608200,"circlet_count":0,"master_deck":["AscendersBane","Strike_R","Strike_R","Strike_R","Defend_R","Defend_R","Defend_R","Bash","Battle Trance","Iron Wave","Feel No Pain+1","Headbutt","Spot Weakness+1","Body Slam","Pommel Strike","Shockwave","Armaments+1","Feel No Pain+1","True Grit","Uppercut","Exhume","Headbutt","Perfected Strike+1","Writhe","Power Through","Bludgeon+1","Reckless Charge","Havoc","Feed","Perfected Strike","Wild Strike+1","Battle Trance+1","Twin Strike","Heavy Blade+1","Power Through+1"],"relics":["Burning Blood","NeowsBlessing","Pantograph","Prayer Wheel","Matryoshka","Pen Nib","Busted Crown","Shuriken","Smiling Mask","MawBank","Ice Cream","Bird Faced Urn","Toxic Egg 2","Bottled Tornado","Runic Cube","StoneCalendar","Sundial"],"potions_floor_usage":[14,18,28,28,37,39,40],"damage_taken":[{"damage":0,"enemies":"2 Louse","floor":1,"turns":1},{"damage":0,"enemies":"Jaw Worm","floor":3,"turns":1},{"damage":0,"enemies":"Gremlin Nob","floor":6,"turns":1},{"damage":12,"enemies":"Small Slimes","floor":8,"turns":5},{"damage":30,"enemies":"Lagavulin","floor":11,"turns":7},{"damage":5,"enemies":"2 Fungi Beasts","floor":12,"turns":4},{"damage":8,"enemies":"3 Louse","floor":14,"turns":3},{"damage":46,"enemies":"Hexaghost","floor":16,"turns":14},{"damage":21,"enemies":"Shell Parasite","floor":18,"turns":6},{"damage":11,"enemies":"Chosen","floor":20,"turns":5},{"damage":10,"enemies":"Centurion and Healer","floor":24,"turns":6},{"damage":42,"enemies":"Gremlin Leader","floor":28,"turns":5},{"damage":63,"enemies":"Collector","floor":33,"turns":9},{"damage":42,"enemies":"3 Darklings","floor":35,"turns":7},{"damage":23,"enemies":"3 Shapes","floor":37,"turns":5},{"damage":9,"enemies":"Writhing Mass","floor":39,"turns":5},{"damage":40,"enemies":"Nemesis","floor":40,"turns":2}],"seed_played":"-7182685876647481558","potions_obtained":[{"floor":1,"key":"Strength Potion"},{"floor":12,"key":"SteroidPotion"},{"floor":16,"key":"Dexterity Potion"},{"floor":24,"key":"Explosive Potion"},{"floor":33,"key":"Block Potion"},{"floor":35,"key":"SkillPotion"},{"floor":39,"key":"Energy Potion"}],"is_trial":false,"path_per_floor":["M","?","M","$","?","E","?","M","T","R","E","M","R","M","R","B",null,"M","?","M","?","?","R","M","R","T","R","E","T","$","?","R","B",null,"M","$","M","T","M","E"],"character_chosen":"IRONCLAD","items_purchased":["Feel No Pain","Headbutt","StoneCalendar"],"campfire_rested":2,"item_purchase_floors":[4,4,36],"current_hp_per_floor":[74,79,80,80,73,79,74,68,68,68,44,45,45,43,43,28,67,52,52,47,47,47,47,43,43,43,67,31,31,31,31,55,25,66,34,34,25,25,26,0],"gold":31,"neow_bonus":"THREE_ENEMY_KILL","is_prod":false,"is_daily":false,"chose_seed":false,"campfire_upgraded":5,"win_rate":0,"timestamp":1565648362,"path_taken":["M","?","M","$","?","E","?","M","T","R","E","M","R","M","R","BOSS","M","?","M","?","?","R","?","R","T","R","E","?","?","?","R","BOSS","M","$","M","?","M","E"],"build_version":"2019-07-17","purchased_purges":1,"victory":false,"max_hp_per_floor":[75,80,80,80,80,80,80,80,80,80,80,80,80,80,80,80,80,80,80,80,80,80,80,80,80,80,80,80,80,80,80,80,80,80,80,80,84,84,84,84],"card_choices":[{"not_picked":["Wild Strike","Warcry"],"picked":"Battle Trance","floor":1},{"not_picked":["Entrench","Cleave"],"picked":"Iron Wave","floor":3},{"not_picked":["Shrug It Off","Evolve"],"picked":"Spot Weakness","floor":6},{"not_picked":["Cleave","Inflame"],"picked":"Body Slam","floor":8},{"not_picked":["Combust","Sentinel"],"picked":"Pommel Strike","floor":8},{"not_picked":["Pommel Strike","Iron Wave"],"picked":"Shockwave","floor":11},{"not_picked":["Thunderclap","Warcry"],"picked":"Armaments","floor":12},{"not_picked":["Second Wind","Wild Strike"],"picked":"Feel No Pain","floor":12},{"not_picked":["Bloodletting","Pommel Strike"],"picked":"True Grit","floor":14},{"not_picked":["Feel No Pain","Perfected Strike"],"picked":"Uppercut","floor":14},{"not_picked":["Impervious","Immolate"],"picked":"Exhume","floor":16},{"not_picked":[],"picked":"Headbutt","floor":18},{"not_picked":[],"picked":"Perfected Strike+1","floor":18},{"not_picked":["Cleave"],"picked":"SKIP","floor":20},{"not_picked":["Headbutt"],"picked":"SKIP","floor":20},{"not_picked":[],"picked":"Reckless Charge","floor":24},{"not_picked":[],"picked":"Havoc","floor":24},{"not_picked":["Pommel Strike"],"picked":"SKIP","floor":28},{"not_picked":[],"picked":"Feed","floor":33},{"not_picked":[],"picked":"Perfected Strike","floor":35},{"not_picked":[],"picked":"Wild Strike+1","floor":35},{"not_picked":[],"picked":"Battle Trance+1","floor":37},{"not_picked":[],"picked":"Twin Strike","floor":37},{"not_picked":[],"picked":"Heavy Blade+1","floor":39},{"not_picked":[],"picked":"Power Through+1","floor":39}],"player_experience":1856155,"relics_obtained":[{"floor":6,"key":"Pantograph"},{"floor":9,"key":"Matryoshka"},{"floor":11,"key":"Pen Nib"},{"floor":26,"key":"MawBank"},{"floor":26,"key":"Ice Cream"},{"floor":28,"key":"Bird Faced Urn"},{"floor":29,"key":"Toxic Egg 2"},{"floor":29,"key":"Bottled Tornado"},{"floor":38,"key":"Sundial"}],"event_choices":[{"damage_healed":0,"gold_gain":0,"player_choice":"Donut","damage_taken":0,"max_hp_gain":5,"max_hp_loss":0,"event_name":"Big Fish","floor":2,"gold_loss":0},{"cards_removed":["Strike_R"],"damage_healed":0,"gold_gain":0,"player_choice":"Card Removal","damage_taken":7,"max_hp_gain":0,"max_hp_loss":0,"event_name":"Golden Wing","floor":5,"gold_loss":0},{"damage_healed":0,"gold_gain":0,"player_choice":"Success","damage_taken":5,"relics_obtained":["Prayer Wheel"],"max_hp_gain":0,"max_hp_loss":0,"event_name":"Scrap Ooze","floor":7,"gold_loss":0},{"damage_healed":0,"gold_gain":0,"player_choice":"Opened","damage_taken":0,"relics_obtained":["Shuriken"],"max_hp_gain":0,"max_hp_loss":0,"event_name":"The Mausoleum","floor":19,"gold_loss":0,"cards_obtained":["Writhe"]},{"damage_healed":0,"gold_gain":0,"cards_transformed":["Strike_R","Defend_R"],"player_choice":"Became Test Subject","damage_taken":0,"max_hp_gain":0,"max_hp_loss":0,"event_name":"Drug Dealer","floor":21,"gold_loss":0,"cards_obtained":["Power Through","Bludgeon"]},{"damage_healed":0,"gold_gain":0,"player_choice":"Obtained Relic","damage_taken":0,"relics_obtained":["Smiling Mask"],"max_hp_gain":0,"max_hp_loss":0,"event_name":"Addict","floor":22,"gold_loss":85},{"damage_healed":0,"gold_gain":0,"player_choice":"Cursed","damage_taken":0,"max_hp_gain":0,"max_hp_loss":0,"event_name":"Wheel of Change","floor":31,"gold_loss":0,"cards_obtained":["Decay"]}],"is_beta":false,"boss_relics":[{"not_picked":["Coffee Dripper","Black Blood"],"picked":"Busted Crown"},{"not_picked":["Orrery","Runic Dome"],"picked":"Runic Cube"}],"items_purged_floors":[36],"is_endless":false,"potions_floor_spawned":[1,12,16,24,33,35,39],"killed_by":"Nemesis","ascension_level":18}