{"gold_per_floor":[115,115,130,210,226,176,176,220,269,39,83,108,131,59,59,187,187,211,126,126,126,151,151,25,25,25,55,55,80,105,38,38,169,169,190,17,33,158,183,183,214,237,262,57,70,70,88,124,124,124],"floor_reached":51,"playtime":3254,"items_purged":["Strike_G","Strike_G"],"score":1170,"play_id":"4f667d92-f5fd-4f55-b899-24d1eee50386","local_time":"20181027125929","is_ascension_mode":true,"campfire_choices":[{"data":"Skewer","floor":7.0,"key":"SMITH"},{"data":"Adrenaline","floor":15.0,"key":"SMITH"},{"data":"Catalyst","floor":23.0,"key":"SMITH"},{"floor":25.0,"key":"REST"},{"data":"Bouncing Flask","floor":28.0,"key":"SMITH"},{"floor":32.0,"key":"REST"},{"floor":40,"key":"REST"},{"floor":46,"key":"REST"},{"floor":49,"key":"REST"}],"neow_cost":"NONE","seed_source_timestamp":0,"circlet_count":0,"master_deck":["Defend_G","Defend_G","Defend_G","Defend_G","Defend_G","Strike_G","Strike_G","Survivor","Neutralize","AscendersBane","Predator+1","Skewer+1","Escape Plan","All Out Attack+1","Crippling Poison","Bouncing Flask+1","Escape Plan","Adrenaline+1","Acrobatics","Deadly Poison","Catalyst","Blur","Catalyst+1","Corpse Explosion","Backflip","Well Laid Plans","Deadly Poison+1","Catalyst+1","Night Terror+1","Backflip+1","Leg Sweep+1","Deadly Poison+1","Acrobatics+1","Catalyst+1","Doppelganger+1","Parasite","Acrobatics+1","Wraith Form v2","Expertise+1"],"special_seed":0,"relics":["Orrery","Golden Idol","Snake Skull","PreservedInsect","Lee\u0027s Waffle","Question Card","Snecko Eye","Bird Faced Urn","Toxic Egg 2","Tiny Chest","Lizard Tail","Thread and Needle","Du-Vu Doll","Whetstone","Lantern"],"potions_floor_usage":[45,47,50,50],"damage_taken":[{"damage":0.0,"enemies":"Small Slimes","floor":1.0,"turns":3.0},{"damage":4.0,"enemies":"Jaw Worm","floor":3.0,"turns":4.0},{"damage":4.0,"enemies":"2 Louse","floor":5.0,"turns":3.0},{"damage":28.0,"enemies":"Gremlin Nob","floor":8.0,"turns":5.0},{"damage":8.0,"enemies":"Lagavulin","floor":11.0,"turns":3.0},{"damage":10.0,"enemies":"Gremlin Gang","floor":12.0,"turns":3.0},{"damage":1.0,"enemies":"Blue Slaver","floor":13.0,"turns":4.0},{"damage":54.0,"enemies":"Slime Boss","floor":16.0,"turns":10.0},{"damage":19.0,"enemies":"Spheric Guardian","floor":18.0,"turns":4.0},{"damage":13.0,"enemies":"Colosseum Slavers","floor":20.0,"turns":3.0},{"damage":0.0,"enemies":"Chosen","floor":22.0,"turns":3.0},{"damage":23.0,"enemies":"Centurion and Healer","floor":29.0,"turns":6.0},{"damage":0.0,"enemies":"3 Cultists","floor":30.0,"turns":2.0},{"damage":9.0,"enemies":"Automaton","floor":33.0,"turns":5.0},{"damage":34.0,"enemies":"Orb Walker","floor":35.0,"turns":4.0},{"damage":7.0,"enemies":"3 Shapes","floor":37.0,"turns":3.0},{"damage":0.0,"enemies":"Mind Bloom Boss Battle","floor":38.0,"turns":4.0},{"damage":21.0,"enemies":"Spire Growth","floor":39.0,"turns":4.0},{"damage":8,"enemies":"Reptomancer","floor":41,"turns":4},{"damage":26,"enemies":"Writhing Mass","floor":42,"turns":3},{"damage":0,"enemies":"Transient","floor":45,"turns":5},{"damage":1,"enemies":"Jaw Worm Horde","floor":47,"turns":4},{"damage":32,"enemies":"Nemesis","floor":48,"turns":5},{"damage":18,"enemies":"Donu and Deca","floor":50,"turns":4}],"seed_played":"4563653625835381046","potions_obtained":[{"floor":1.0,"key":"Block Potion"},{"floor":8.0,"key":"Regen Potion"},{"floor":11.0,"key":"Swift Potion"},{"floor":16.0,"key":"Fire Potion"},{"floor":29.0,"key":"Block Potion"},{"floor":33.0,"key":"GamblersBrew"},{"floor":39.0,"key":"Explosive Potion"},{"floor":45,"key":"Block Potion"},{"floor":47,"key":"Strength Potion"},{"floor":48,"key":"Energy Potion"}],"is_trial":false,"path_per_floor":["M","?","M","?","M","?","R","E","T","$","E","M","M","$","R","B",null,"M","?","?","?","M","R","$","R","T","?","R","M","M","$","R","B",null,"M","$","M","?","M","R","E","M","T","$","M","R","M","E","R","B"],"character_chosen":"THE_SILENT","items_purchased":["Lee\u0027s Waffle","Acrobatics","Catalyst","PowerPotion","Catalyst+1","Leg Sweep+1","PowerPotion","Wraith Form v2"],"campfire_rested":5,"item_purchase_floors":[10,10,14,24,31,36,44,44],"current_hp_per_floor":[63,63,59,59,55,55,55,27,27,72,64,54,53,53,53,4,55,36,36,23,47,47,47,47,68,68,68,68,47,47,47,68,63,70,38,38,31,33,14,35,27,1,1,1,7,28,29,36,57,41],"gold":124,"neow_bonus":"BOSS_RELIC","is_prod":false,"is_daily":false,"chose_seed":false,"campfire_upgraded":4,"win_rate":0,"timestamp":1540641569,"path_taken":["M","?","M","?","?","?","R","E","T","$","E","?","M","$","R","BOSS","M","?","?","?","M","R","$","R","T","?","R","M","?","?","R","BOSS","M","$","?","?","M","R","E","M","T","?","M","R","M","E","R","BOSS"],"build_version":"2018-10-25v2","purchased_purges":2,"victory":true,"max_hp_per_floor":[70,65,65,65,65,65,65,65,65,72,72,72,72,72,72,72,72,72,72,72,72,72,72,72,72,72,72,72,72,72,72,72,72,72,72,72,72,72,72,72,72,72,72,72,72,72,72,72,72,72],"card_choices":[{"not_picked":["Deadly Poison","Riddle With Holes"],"picked":"Predator","floor":0.0},{"not_picked":["Accuracy","Slice"],"picked":"Skewer","floor":0.0},{"not_picked":["Riddle With Holes","Blade Dance"],"picked":"Escape Plan","floor":0.0},{"not_picked":["Bane","Deflect"],"picked":"All Out Attack","floor":0.0},{"not_picked":["Cloak And Dagger","Calculated Gamble"],"picked":"Crippling Poison","floor":1.0},{"not_picked":["Accuracy","Deadly Poison"],"picked":"Bouncing Flask","floor":3.0},{"not_picked":["Cloak And Dagger","Dagger Throw"],"picked":"Escape Plan","floor":5.0},{"not_picked":["All Out Attack","Acrobatics"],"picked":"Adrenaline","floor":8.0},{"not_picked":["Sucker Punch","Dagger Spray"],"picked":"Deadly Poison","floor":11.0},{"not_picked":["Tactician","Blade Dance","Terror"],"picked":"Catalyst","floor":12.0},{"not_picked":["Reflex","Skewer","Blade Dance"],"picked":"Blur","floor":13.0},{"not_picked":["Glass Knife","Doppelganger","Burst"],"picked":"Corpse Explosion","floor":16.0},{"not_picked":["Terror","Acrobatics","PiercingWail"],"picked":"Backflip","floor":18.0},{"not_picked":["Deflect","Riddle With Holes","Cloak And Dagger+1"],"picked":"Well Laid Plans","floor":22.0},{"not_picked":["Prepared+1","Deflect+1","Slice","Tactician+1"],"picked":"SKIP","floor":29.0},{"not_picked":["Outmaneuver+1","Blade Dance+1","Slice+1"],"picked":"Deadly Poison+1","floor":30.0},{"not_picked":["Unload","Envenom","Tools of the Trade"],"picked":"Night Terror+1","floor":33.0},{"not_picked":["Calculated Gamble+1","Prepared+1","Dash"],"picked":"Backflip+1","floor":35.0},{"not_picked":["Dash+1","Underhanded Strike","Blade Dance+1"],"picked":"Deadly Poison+1","floor":37.0},{"not_picked":["Flying Knee+1","Blade Dance+1","PiercingWail+1"],"picked":"Acrobatics+1","floor":38.0},{"not_picked":["Bane","Prepared+1","Outmaneuver+1"],"picked":"Catalyst+1","floor":39.0},{"not_picked":["Catalyst+1","Dagger Throw+1","Accuracy"],"picked":"Doppelganger+1","floor":41},{"not_picked":["Slice","Backstab+1","Sucker Punch"],"picked":"Acrobatics+1","floor":42},{"not_picked":["Flying Knee","Deadly Poison+1","Reflex+1"],"picked":"Expertise+1","floor":45},{"not_picked":["Footwork","Caltrops","Sucker Punch","Prepared+1"],"picked":"SKIP","floor":47},{"not_picked":["Skewer","Deflect+1","Dagger Throw","A Thousand Cuts"],"picked":"SKIP","floor":48}],"player_experience":910298,"relics_obtained":[{"floor":8.0,"key":"Snake Skull"},{"floor":9.0,"key":"PreservedInsect"},{"floor":11.0,"key":"Question Card"},{"floor":26.0,"key":"Toxic Egg 2"},{"floor":38.0,"key":"Thread and Needle"},{"floor":41,"key":"Du-Vu Doll"},{"floor":43,"key":"Whetstone"},{"floor":48,"key":"Lantern"}],"event_choices":[{"damage_healed":0.0,"max_hp_gain":0.0,"max_hp_loss":5.0,"gold_gain":0.0,"event_name":"Golden Idol","player_choice":"Lose Max HP","floor":2.0,"gold_loss":0.0,"damage_taken":0.0,"relics_obtained":["Golden Idol"]},{"damage_healed":0.0,"max_hp_gain":0.0,"max_hp_loss":0.0,"gold_gain":80.0,"event_name":"Golden Wing","player_choice":"Gained Gold","floor":4.0,"gold_loss":0.0,"damage_taken":0.0},{"cards_removed":["Strike_G"],"damage_healed":0.0,"max_hp_gain":0.0,"max_hp_loss":0.0,"gold_gain":0.0,"event_name":"The Cleric","player_choice":"Card Removal","floor":6.0,"gold_loss":50.0,"damage_taken":0.0},{"damage_healed":0.0,"max_hp_gain":0.0,"max_hp_loss":0.0,"gold_gain":0.0,"event_name":"Addict","player_choice":"Obtained Relic","floor":19.0,"gold_loss":85.0,"damage_taken":0.0,"relics_obtained":["Bird Faced Urn"]},{"damage_healed":0.0,"max_hp_gain":0.0,"max_hp_loss":0.0,"gold_gain":0.0,"event_name":"Colosseum","player_choice":"Fight","floor":20.0,"gold_loss":0.0,"damage_taken":0.0},{"damage_healed":0.0,"max_hp_gain":0.0,"max_hp_loss":0.0,"gold_gain":0.0,"event_name":"Colosseum","player_choice":"Fled From Nobs","floor":20.0,"gold_loss":0.0,"damage_taken":0.0},{"damage_healed":24.0,"max_hp_gain":0.0,"max_hp_loss":0.0,"gold_gain":0.0,"event_name":"The Library","player_choice":"Heal","floor":21.0,"gold_loss":0.0,"damage_taken":0.0},{"damage_healed":0.0,"max_hp_gain":0.0,"max_hp_loss":0.0,"gold_gain":0.0,"event_name":"WeMeetAgain","player_choice":"Gave Potion","floor":27.0,"gold_loss":0.0,"damage_taken":0.0,"relics_obtained":["Tiny Chest"]},{"damage_healed":0.0,"max_hp_gain":0.0,"max_hp_loss":0.0,"gold_gain":0.0,"event_name":"MindBloom","player_choice":"Fight","floor":38.0,"gold_loss":0.0,"damage_taken":0.0}],"is_beta":false,"boss_relics":[{"not_picked":["Eternal Feather","Velvet Choker"],"picked":"Snecko Eye"},{"not_picked":["Calling Bell","Coffee Dripper"],"picked":"Lizard Tail"}],"items_purged_floors":[24,36],"is_endless":false,"potions_floor_spawned":[1,8,11,16,20,29,33,39,45,47,48],"ascension_level":11}