{"gold_per_floor":[116,116,116,166,186,186,222,243,267,288,288,307,307],"floor_reached":13,"playtime":432,"items_purged":[],"score":170,"play_id":"d864682f-abf9-4a08-9e9c-6f9c359b32ff","local_time":"20190629183728","is_ascension_mode":true,"campfire_choices":[{"floor":6,"key":"REST"}],"neow_cost":"NONE","seed_source_timestamp":172083191839214,"circlet_count":0,"master_deck":["AscendersBane","Strike_B","Strike_B","Strike_B","Strike_B","Defend_B","Defend_B","Defend_B","Defend_B","Zap","Dualcast","Finesse","Streamline","Beam Cell","Chill","Auto Shields","Genetic Algorithm","Sweeping Beam"],"relics":["Cracked Core","Golden Idol","Ornamental Fan","Potion Belt","Art of War","Mummified Hand"],"potions_floor_usage":[13],"damage_taken":[{"damage":0,"enemies":"2 Louse","floor":1,"turns":3},{"damage":10,"enemies":"Jaw Worm","floor":5,"turns":3},{"damage":19,"enemies":"Lagavulin","floor":7,"turns":6},{"damage":4,"enemies":"Small Slimes","floor":8,"turns":3},{"damage":1,"enemies":"2 Fungi Beasts","floor":10,"turns":3},{"damage":0,"enemies":"Exordium Wildlife","floor":12,"turns":3},{"damage":28,"enemies":"Gremlin Nob","floor":13,"turns":3}],"seed_played":"1235210187577378247","potions_obtained":[{"floor":1,"key":"FearPotion"},{"floor":8,"key":"Energy Potion"}],"is_trial":false,"path_per_floor":["M","?","T","?","M","R","E","M","T","M","T","M","E"],"character_chosen":"DEFECT","items_purchased":[],"campfire_rested":1,"item_purchase_floors":[],"current_hp_per_floor":[64,40,40,40,30,51,32,28,28,27,27,27,0],"gold":307,"neow_bonus":"RANDOM_COLORLESS","is_prod":false,"is_daily":false,"chose_seed":false,"campfire_upgraded":0,"win_rate":0,"timestamp":1561829848,"path_taken":["M","?","?","?","M","R","E","M","T","M","?","M","E"],"build_version":"2019-01-23","purchased_purges":0,"victory":false,"max_hp_per_floor":[71,71,71,71,71,71,71,71,71,71,71,71,71],"card_choices":[{"not_picked":["Turbo","White Noise"],"picked":"Streamline","floor":1},{"not_picked":["Go for the Eyes","Turbo"],"picked":"Beam Cell","floor":5},{"not_picked":["Beam Cell","Static Discharge"],"picked":"Chill","floor":7},{"not_picked":["Steam","Ball Lightning"],"picked":"Auto Shields","floor":8},{"not_picked":["Ball Lightning","Sweeping Beam"],"picked":"Genetic Algorithm","floor":10},{"not_picked":["Rebound","Stack"],"picked":"Sweeping Beam","floor":12}],"player_experience":1119896,"relics_obtained":[{"floor":3,"key":"Ornamental Fan"},{"floor":7,"key":"Potion Belt"},{"floor":9,"key":"Art of War"},{"floor":11,"key":"Mummified Hand"}],"event_choices":[{"damage_healed":0,"gold_gain":0,"player_choice":"Take Damage","damage_taken":24,"relics_obtained":["Golden Idol"],"max_hp_gain":0,"max_hp_loss":0,"event_name":"Golden Idol","floor":2,"gold_loss":0},{"damage_healed":0,"gold_gain":50,"player_choice":"Gained Gold","damage_taken":0,"max_hp_gain":0,"max_hp_loss":0,"event_name":"Golden Wing","floor":4,"gold_loss":0}],"is_beta":false,"boss_relics":[],"items_purged_floors":[],"is_endless":false,"potions_floor_spawned":[1,8],"killed_by":"Gremlin Nob","ascension_level":20}