{"gold_per_floor":[118,118,118,418,441,441,504,504,585,585],"floor_reached":10,"playtime":358,"items_purged":[],"score":128,"play_id":"37d38843-3488-43e2-b8dc-a42911204d41","local_time":"20190215201517","is_ascension_mode":true,"campfire_choices":[{"floor":6.0,"key":"REST"},{"floor":8.0,"key":"REST"}],"neow_cost":"PERCENT_DAMAGE","seed_source_timestamp":167679989142768,"circlet_count":0,"master_deck":["AscendersBane","Defend_G","Defend_G","Defend_G","Defend_G","Defend_G","Strike_G","Strike_G","Strike_G","Strike_G","Survivor","Neutralize","Infinite Blades","Corpse Explosion","Leg Sweep","Dagger Spray"],"special_seed":0,"relics":["Ring of the Snake","Golden Idol","Old Coin","Tiny Chest","Bottled Tornado"],"potions_floor_usage":[10],"damage_taken":[{"damage":0.0,"enemies":"Cultist","floor":1.0,"turns":4.0},{"damage":3.0,"enemies":"Small Slimes","floor":5.0,"turns":4.0},{"damage":37.0,"enemies":"Lagavulin","floor":7.0,"turns":8.0},{"damage":47,"enemies":"Gremlin Nob","floor":10,"turns":4}],"seed_played":"-8750366533124603390","potions_obtained":[{"floor":1.0,"key":"Weak Potion"},{"floor":7.0,"key":"EssenceOfSteel"}],"is_trial":false,"path_per_floor":["M","?","?","?","M","R","E","R","T","E"],"character_chosen":"THE_SILENT","items_purchased":[],"campfire_rested":2,"item_purchase_floors":[],"current_hp_per_floor":[56,56,56,30,27,48,11,32,32,0],"gold":585,"neow_bonus":"TWENTY_PERCENT_HP_BONUS","is_prod":false,"is_daily":false,"chose_seed":false,"campfire_upgraded":0,"win_rate":0,"timestamp":1550258117,"path_taken":["M","?","?","?","M","R","E","R","T","E"],"build_version":"2019-01-23","purchased_purges":0,"victory":false,"max_hp_per_floor":[78,71,71,71,71,71,71,71,71,71],"card_choices":[{"not_picked":["Slice","Distraction"],"picked":"Infinite Blades","floor":1.0},{"not_picked":["Terror","Blade Dance"],"picked":"Leg Sweep","floor":5.0},{"not_picked":["Underhanded Strike","PiercingWail"],"picked":"Dagger Spray","floor":7.0}],"player_experience":635950,"relics_obtained":[{"floor":7.0,"key":"Tiny Chest"},{"floor":9.0,"key":"Bottled Tornado"}],"event_choices":[{"damage_healed":0.0,"max_hp_gain":0.0,"max_hp_loss":7.0,"gold_gain":0.0,"event_name":"Golden Idol","player_choice":"Lose Max HP","floor":2.0,"gold_loss":0.0,"damage_taken":0.0,"relics_obtained":["Golden Idol"]},{"damage_healed":0.0,"max_hp_gain":0.0,"max_hp_loss":0.0,"gold_gain":0.0,"cards_transformed":["Strike_G"],"event_name":"Living Wall","player_choice":"Change","floor":3.0,"gold_loss":0.0,"damage_taken":0.0,"cards_obtained":["Corpse Explosion"]},{"damage_healed":0.0,"max_hp_gain":0.0,"max_hp_loss":0.0,"gold_gain":0.0,"event_name":"Scrap Ooze","player_choice":"Success","floor":4.0,"gold_loss":0.0,"damage_taken":26.0,"relics_obtained":["Old Coin"]}],"is_beta":false,"boss_relics":[],"items_purged_floors":[],"is_endless":false,"potions_floor_spawned":[1,7],"killed_by":"Gremlin Nob","ascension_level":20}