{"gold_per_floor":[20,40,40,56,73,73,73,99,179,191,8,25,25,43,43,115,115,130,146,172,8,8],"floor_reached":22,"playtime":1242,"items_purged":["Strike_R"],"score":401,"play_id":"efd69a98-a39c-4a5d-b7bf-ea1d053f03cb","local_time":"20190707085522","is_ascension_mode":true,"campfire_choices":[{"floor":6.0,"key":"REST"},{"floor":13.0,"key":"REST"},{"data":"Flame Barrier","floor":15.0,"key":"SMITH"}],"neow_cost":"NO_GOLD","seed_source_timestamp":0,"circlet_count":0,"master_deck":["AscendersBane","Strike_R","Strike_R","Strike_R","Strike_R","Defend_R","Defend_R","Defend_R","Defend_R","Bash","Disarm","Body Slam","Disarm","Anger","Disarm","Entrench","Shockwave","Purity","Flame Barrier+1","Barricade","Disarm","Disarm","Discovery"],"special_seed":0,"relics":["Burning Blood","StoneCalendar","Charon\u0027s Ashes","Kunai","Runic Pyramid","Red Mask"],"potions_floor_usage":[20],"damage_taken":[{"damage":15.0,"enemies":"Small Slimes","floor":1.0,"turns":5.0},{"damage":10.0,"enemies":"Jaw Worm","floor":2.0,"turns":6.0},{"damage":7.0,"enemies":"2 Louse","floor":4.0,"turns":4.0},{"damage":19.0,"enemies":"Looter","floor":5.0,"turns":5.0},{"damage":64.0,"enemies":"Gremlin Nob","floor":8.0,"turns":6.0},{"damage":11.0,"enemies":"3 Louse","floor":10.0,"turns":5.0},{"damage":3.0,"enemies":"Blue Slaver","floor":12.0,"turns":4.0},{"damage":8.0,"enemies":"Gremlin Gang","floor":14.0,"turns":3.0},{"damage":15.0,"enemies":"Hexaghost","floor":16.0,"turns":11.0},{"damage":0,"enemies":"3 Byrds","floor":18,"turns":6},{"damage":25,"enemies":"Shell Parasite","floor":19,"turns":7},{"damage":57,"enemies":"Masked Bandits","floor":20,"turns":5},{"damage":19,"enemies":"Centurion and Healer","floor":22,"turns":4}],"seed_played":"-8023860059599926114","potions_obtained":[{"floor":2.0,"key":"Fire Potion"},{"floor":4.0,"key":"LiquidBronze"},{"floor":5.0,"key":"Fruit Juice"},{"floor":8.0,"key":"Swift Potion"},{"floor":16.0,"key":"Strength Potion"},{"floor":19,"key":"Regen Potion"}],"is_trial":false,"path_per_floor":["M","M","$","M","M","R","?","E","T","M","$","M","R","M","R","B",null,"M","M","?","$","M"],"character_chosen":"IRONCLAD","items_purchased":["Shockwave","Purity","Discovery"],"campfire_rested":2,"item_purchase_floors":[11,11,21],"current_hp_per_floor":[59,55,55,54,46,70,70,12,12,7,7,10,34,32,32,23,66,72,53,16,16,0],"gold":8,"neow_bonus":"ONE_RARE_RELIC","is_prod":false,"is_daily":false,"chose_seed":false,"campfire_upgraded":1,"win_rate":0,"timestamp":1562486122,"path_taken":["M","M","$","M","M","R","?","E","T","M","$","M","R","M","R","BOSS","M","M","?","$","M"],"build_version":"2019-07-05","purchased_purges":1,"victory":false,"max_hp_per_floor":[75,75,75,75,80,80,80,80,80,80,80,80,80,80,80,80,80,80,80,80,80,80],"card_choices":[{"not_picked":["Warcry","Combust"],"picked":"Disarm","floor":1.0},{"not_picked":["Clash","Pommel Strike"],"picked":"Body Slam","floor":2.0},{"not_picked":["Shrug It Off","Iron Wave"],"picked":"Disarm","floor":4.0},{"not_picked":["Havoc","Sever Soul"],"picked":"Anger","floor":5.0},{"not_picked":["Wild Strike","Searing Blow"],"picked":"Disarm","floor":8.0},{"not_picked":["Warcry","Whirlwind"],"picked":"Entrench","floor":10.0},{"not_picked":["Anger","Combust"],"picked":"Flame Barrier","floor":12.0},{"not_picked":["Heavy Blade","Limit Break","Wild Strike"],"picked":"SKIP","floor":14.0},{"not_picked":["Exhume","Double Tap"],"picked":"Barricade","floor":16.0},{"not_picked":["Intimidate","Anger+1"],"picked":"Disarm","floor":18},{"not_picked":["Iron Wave","Clash"],"picked":"Disarm","floor":19}],"player_experience":1135409,"relics_obtained":[{"floor":8.0,"key":"Charon\u0027s Ashes"},{"floor":9.0,"key":"Kunai"},{"floor":20,"key":"Red Mask"}],"event_choices":[{"damage_healed":0.0,"max_hp_gain":0.0,"max_hp_loss":0.0,"gold_gain":0.0,"event_name":"Liars Game","player_choice":"Ignored","floor":7.0,"gold_loss":0.0,"damage_taken":0.0},{"damage_healed":0,"gold_gain":0,"player_choice":"Fought Bandits","damage_taken":0,"max_hp_gain":0,"max_hp_loss":0,"event_name":"Masked Bandits","floor":20,"gold_loss":0}],"is_beta":false,"boss_relics":[{"not_picked":["Busted Crown","Sozu"],"picked":"Runic Pyramid"}],"items_purged_floors":[21],"is_endless":false,"potions_floor_spawned":[2,4,5,8,16,19],"killed_by":"Centurion and Healer","ascension_level":20}