{"gold_per_floor":[114,114,127,127,142,142,160,110,181,204,204,242,242,242,242,368,368,391,412,430,138,163,163,199,215,285,285,300,300,215,215,215,346,346,359,359,37,50,4,4],"floor_reached":40,"playtime":1489,"items_purged":["Injury","Strike_B"],"score":629,"play_id":"0418bc24-b86b-4161-afce-55cc3142f094","local_time":"20190213003228","is_ascension_mode":true,"campfire_choices":[{"data":"Zap","floor":6,"key":"SMITH"},{"floor":11,"key":"REST"},{"floor":13,"key":"REST"},{"data":"Electrodynamics","floor":15,"key":"SMITH"},{"data":"Buffer","floor":23,"key":"SMITH"},{"data":"Defragment","floor":27,"key":"SMITH"},{"data":"Fission","floor":29,"key":"SMITH"},{"data":"Seek","floor":32,"key":"SMITH"}],"neow_cost":"NONE","seed_source_timestamp":90581796844100,"circlet_count":0,"master_deck":["AscendersBane","Strike_B","Strike_B","Defend_B+1","Defend_B","Defend_B","Zap+1","Dualcast","Seek+1","Cold Snap","Ball Lightning","Hologram","Beam Cell","Ball Lightning+1","Electrodynamics+1","Buffer+1","Self Repair","Go for the Eyes+1","Melter+1","Defragment+1","Melter+1","Conserve Battery","Conserve Battery","Fission+1","Stack+1","Coolheaded+1","Creative AI","Capacitor","Streamline+1","Redo"],"relics":["Cracked Core","Golden Idol","Molten Egg 2","Vajra","Omamori","Coffee Dripper","Centennial Puzzle","Symbiotic Virus","Blood Vial","Busted Crown","Bag of Preparation"],"potions_floor_usage":[3,10,16,22,24,28,33],"damage_taken":[{"damage":0,"enemies":"Small Slimes","floor":1,"turns":4},{"damage":3,"enemies":"2 Louse","floor":3,"turns":2},{"damage":0,"enemies":"Jaw Worm","floor":5,"turns":3},{"damage":4,"enemies":"2 Fungi Beasts","floor":7,"turns":3},{"damage":12,"enemies":"Exordium Thugs","floor":10,"turns":4},{"damage":13,"enemies":"Lagavulin","floor":12,"turns":5},{"damage":12,"enemies":"Slime Boss","floor":16,"turns":6},{"damage":15,"enemies":"Shell Parasite","floor":18,"turns":4},{"damage":0,"enemies":"Spheric Guardian","floor":19,"turns":3},{"damage":11,"enemies":"Snecko","floor":20,"turns":4},{"damage":11,"enemies":"Centurion and Healer","floor":22,"turns":5},{"damage":10,"enemies":"Slavers","floor":24,"turns":4},{"damage":16,"enemies":"Shelled Parasite and Fungi","floor":25,"turns":4},{"damage":0,"enemies":"Cultist and Chosen","floor":28,"turns":5},{"damage":4,"enemies":"Collector","floor":33,"turns":7},{"damage":16,"enemies":"Orb Walker","floor":35,"turns":3},{"damage":3,"enemies":"3 Shapes","floor":38,"turns":2},{"damage":61,"enemies":"Giant Head","floor":40,"turns":8}],"seed_played":"-5485834022633702297","potions_obtained":[{"floor":1,"key":"SkillPotion"},{"floor":3,"key":"SpeedPotion"},{"floor":12,"key":"EssenceOfSteel"},{"floor":20,"key":"SteroidPotion"},{"floor":22,"key":"Dexterity Potion"},{"floor":24,"key":"SteroidPotion"},{"floor":33,"key":"FocusPotion"},{"floor":35,"key":"SteroidPotion"}],"is_trial":false,"path_per_floor":["M","?","M","?","M","R","M","?","T","M","R","E","R","T","R","B",null,"M","M","M","$","M","R","E","M","T","R","M","R","?","?","R","B",null,"M","?","$","M","$","E"],"character_chosen":"DEFECT","items_purchased":["Defragment","Melter+1","PowerPotion","Conserve Battery","Capacitor","Bag of Preparation","Redo"],"campfire_rested":2,"item_purchase_floors":[21,21,21,21,37,37,39],"current_hp_per_floor":[68,68,65,50,50,50,46,46,46,34,56,43,65,65,65,53,70,55,62,51,51,54,54,44,35,35,35,42,42,42,39,39,44,67,53,53,53,59,59,0],"gold":4,"neow_bonus":"ONE_RANDOM_RARE_CARD","is_prod":false,"is_daily":false,"chose_seed":false,"campfire_upgraded":6,"win_rate":0,"timestamp":1550014348,"path_taken":["M","?","M","?","M","R","M","?","T","M","R","E","R","?","R","BOSS","M","M","M","$","M","R","E","M","T","R","M","R","?","?","R","BOSS","M","?","$","M","$","E"],"build_version":"2019-01-23","purchased_purges":2,"victory":false,"max_hp_per_floor":[75,75,75,75,75,75,75,75,75,75,75,75,75,75,75,75,75,75,75,75,75,75,75,75,75,75,75,75,75,75,75,75,75,75,75,75,75,75,75,75],"card_choices":[{"not_picked":["Tempest","Reprogram"],"picked":"Cold Snap","floor":1},{"not_picked":["Go for the Eyes","Cold Snap"],"picked":"Ball Lightning","floor":3},{"not_picked":["Sweeping Beam","Hello World"],"picked":"Hologram","floor":5},{"not_picked":["Loop","Blizzard"],"picked":"Beam Cell","floor":7},{"not_picked":["Hologram","Coolheaded"],"picked":"Ball Lightning+1","floor":10},{"not_picked":["Fusion","Auto Shields"],"picked":"Electrodynamics","floor":12},{"not_picked":["Thunder Strike+1","Electrodynamics"],"picked":"Buffer","floor":16},{"not_picked":["Hello World","Force Field+1"],"picked":"Self Repair","floor":18},{"not_picked":["Rebound+1","Loop"],"picked":"Go for the Eyes+1","floor":19},{"not_picked":["Go for the Eyes+1","Compile Driver+1"],"picked":"Melter+1","floor":20},{"not_picked":["Ball Lightning+1","Reprogram+1"],"picked":"Conserve Battery","floor":22},{"not_picked":["Consume","Loop"],"picked":"Fission","floor":24},{"not_picked":["Cold Snap+1","Turbo"],"picked":"Stack+1","floor":25},{"not_picked":["Melter+1","Stack"],"picked":"Coolheaded+1","floor":28},{"not_picked":["Multi-Cast","Seek"],"picked":"Creative AI","floor":33},{"not_picked":["Rebound+1"],"picked":"SKIP","floor":35},{"not_picked":[],"picked":"Streamline+1","floor":38}],"player_experience":756730,"relics_obtained":[{"floor":9,"key":"Molten Egg 2"},{"floor":12,"key":"Vajra"},{"floor":14,"key":"Omamori"},{"floor":24,"key":"Centennial Puzzle"},{"floor":26,"key":"Symbiotic Virus"}],"event_choices":[{"damage_healed":0,"gold_gain":0,"player_choice":"Take Wound","damage_taken":0,"relics_obtained":["Golden Idol"],"max_hp_gain":0,"max_hp_loss":0,"event_name":"Golden Idol","floor":2,"gold_loss":0,"cards_obtained":["Injury"]},{"damage_healed":0,"gold_gain":0,"player_choice":"Entered Light","damage_taken":15,"max_hp_gain":0,"max_hp_loss":0,"event_name":"Shining Light","floor":4,"gold_loss":0,"cards_upgraded":["Defend_B","Defend_B"]},{"cards_removed":["Strike_B"],"damage_healed":0,"gold_gain":0,"player_choice":"Card Removal","damage_taken":0,"max_hp_gain":0,"max_hp_loss":0,"event_name":"The Cleric","floor":8,"gold_loss":50},{"damage_healed":0,"gold_gain":0,"player_choice":"Obtained Relic","damage_taken":0,"relics_obtained":["Blood Vial"],"max_hp_gain":0,"max_hp_loss":0,"event_name":"Addict","floor":30,"gold_loss":85},{"damage_healed":0,"gold_gain":0,"player_choice":"Punched","damage_taken":3,"max_hp_gain":0,"max_hp_loss":0,"event_name":"Designer","floor":31,"gold_loss":0},{"cards_removed":["Defend_B"],"damage_healed":0,"gold_gain":0,"player_choice":"Removed Skill","damage_taken":0,"max_hp_gain":0,"max_hp_loss":0,"event_name":"Falling","floor":36,"gold_loss":0}],"is_beta":false,"boss_relics":[{"not_picked":["White Beast Statue","Black Star"],"picked":"Coffee Dripper"},{"not_picked":["Runic Pyramid","FrozenCore"],"picked":"Busted Crown"}],"items_purged_floors":[21,37],"is_endless":false,"potions_floor_spawned":[1,3,12,20,22,24,33,35],"killed_by":"Giant Head","ascension_level":11}