{"gold_per_floor":[110,110,122,122,272,315,333,333,333,333],"floor_reached":10,"playtime":282,"items_purged":[],"score":116,"play_id":"e4423aac-b0f2-4e21-933d-ea37afe31271","local_time":"20190528125546","is_ascension_mode":true,"campfire_choices":[{"data":"Fission","floor":8,"key":"SMITH"}],"neow_cost":"NONE","seed_source_timestamp":1259301084441100,"circlet_count":0,"master_deck":["AscendersBane","Strike_B","Strike_B","Strike_B","Strike_B","Defend_B","Defend_B","Defend_B","Defend_B","Zap","Dualcast","Fission+1","Conserve Battery","Leap","Injury","Doubt","Conserve Battery","Gash+1"],"relics":["Cracked Core","Golden Idol","Molten Egg 2","Question Card"],"potions_floor_usage":[6,10],"damage_taken":[{"damage":7,"enemies":"Jaw Worm","floor":1,"turns":4},{"damage":7,"enemies":"Small Slimes","floor":3,"turns":3},{"damage":34,"enemies":"Gremlin Nob","floor":6,"turns":5},{"damage":3,"enemies":"2 Louse","floor":7,"turns":3},{"damage":15,"enemies":"Gremlin Gang","floor":10,"turns":5}],"seed_played":"-1945919094927472611","potions_obtained":[{"floor":3,"key":"FocusPotion"},{"floor":7,"key":"Poison Potion"}],"is_trial":false,"path_per_floor":["M","$","M","?","?","E","M","R","T","M"],"character_chosen":"DEFECT","items_purchased":[],"campfire_rested":0,"item_purchase_floors":[],"current_hp_per_floor":[57,57,50,50,50,16,13,13,13,0],"gold":333,"neow_bonus":"ONE_RANDOM_RARE_CARD","is_prod":false,"is_daily":false,"chose_seed":false,"campfire_upgraded":1,"win_rate":0,"timestamp":1559040946,"path_taken":["M","$","M","?","?","E","M","R","T","M"],"build_version":"2019-01-23","purchased_purges":0,"victory":false,"max_hp_per_floor":[71,71,71,71,71,71,71,71,71,71],"card_choices":[{"not_picked":["Stack","Sweeping Beam"],"picked":"Conserve Battery","floor":1},{"not_picked":["Static Discharge","Storm"],"picked":"Leap","floor":3},{"not_picked":["Sweeping Beam","Rebound"],"picked":"Conserve Battery","floor":6},{"not_picked":["Compile Driver+1","Undo"],"picked":"Gash+1","floor":7}],"player_experience":1218328,"relics_obtained":[{"floor":6,"key":"Molten Egg 2"},{"floor":9,"key":"Question Card"}],"event_choices":[{"damage_healed":0,"gold_gain":0,"player_choice":"Take Wound","damage_taken":0,"relics_obtained":["Golden Idol"],"max_hp_gain":0,"max_hp_loss":0,"event_name":"Golden Idol","floor":4,"gold_loss":0,"cards_obtained":["Injury"]},{"damage_healed":0,"gold_gain":150,"player_choice":"AGREE","damage_taken":0,"max_hp_gain":0,"max_hp_loss":0,"event_name":"Liars Game","floor":5,"gold_loss":0,"cards_obtained":["Doubt"]}],"is_beta":false,"boss_relics":[],"items_purged_floors":[],"is_endless":false,"potions_floor_spawned":[3,7],"killed_by":"Gremlin Gang","ascension_level":15}