{"gold_per_floor":[113,163,30,60,72,101,101,131,158,170,195,238,325,337],"floor_reached":14,"playtime":471,"items_purged":["Strike_R"],"score":201,"play_id":"88100a97-d465-462d-8fdd-c306f4c7d4e7","local_time":"20190808211314","is_ascension_mode":true,"campfire_choices":[{"data":"Armaments","floor":7,"key":"SMITH"},{"floor":10,"key":"REST"}],"neow_cost":"NONE","seed_source_timestamp":533885398366800,"circlet_count":0,"master_deck":["AscendersBane","Strike_R","Strike_R","Strike_R","Strike_R","Defend_R","Defend_R","Defend_R","Defend_R","Bash","Armaments+1","Flex","Anger","Dual Wield","Uppercut","Offering","Juggernaut"],"relics":["Burning Blood","Tiny Chest","Peace Pipe","Boot","MawBank","Anchor"],"potions_floor_usage":[6,6,11],"damage_taken":[{"damage":7,"enemies":"Small Slimes","floor":1,"turns":5},{"damage":7,"enemies":"Cultist","floor":5,"turns":4},{"damage":30,"enemies":"3 Sentries","floor":6,"turns":8},{"damage":34,"enemies":"Gremlin Nob","floor":8,"turns":4},{"damage":7,"enemies":"2 Louse","floor":11,"turns":4},{"damage":31,"enemies":"3 Sentries","floor":12,"turns":8},{"damage":13,"enemies":"Large Slime","floor":14,"turns":4}],"seed_played":"4584962749373710889","potions_obtained":[{"floor":0,"key":"AttackPotion"},{"floor":0,"key":"FearPotion"},{"floor":5,"key":"GamblersBrew"},{"floor":8,"key":"BloodPotion"}],"is_trial":false,"path_per_floor":["M","?","$","T","M","E","R","E","T","R","M","E","?","M"],"character_chosen":"IRONCLAD","items_purchased":["Flex"],"campfire_rested":1,"item_purchase_floors":[3],"current_hp_per_floor":[67,60,60,60,59,35,35,7,7,29,46,21,10,0],"gold":337,"neow_bonus":"THREE_SMALL_POTIONS","is_prod":false,"is_daily":false,"chose_seed":false,"campfire_upgraded":1,"win_rate":0,"timestamp":1565291594,"path_taken":["M","?","$","?","M","E","R","E","T","R","?","E","?","M"],"build_version":"2019-07-17","purchased_purges":1,"victory":false,"max_hp_per_floor":[75,75,75,75,75,75,75,75,75,75,75,75,75,75],"card_choices":[{"not_picked":["Pummel","Burning Pact"],"picked":"Armaments","floor":1},{"not_picked":["Entrench","Sword Boomerang"],"picked":"Anger","floor":5},{"not_picked":["Flex","Uppercut"],"picked":"Dual Wield","floor":6},{"not_picked":["Warcry","True Grit"],"picked":"Uppercut","floor":8},{"not_picked":["Entrench","Dual Wield"],"picked":"Offering","floor":11},{"not_picked":["Body Slam","Wild Strike"],"picked":"Juggernaut","floor":12}],"player_experience":1837328,"relics_obtained":[{"floor":4,"key":"Tiny Chest"},{"floor":6,"key":"Peace Pipe"},{"floor":8,"key":"Boot"},{"floor":9,"key":"MawBank"},{"floor":12,"key":"Anchor"}],"event_choices":[{"damage_healed":0,"gold_gain":50,"player_choice":"Touch","damage_taken":7,"max_hp_gain":0,"max_hp_loss":0,"event_name":"FaceTrader","floor":2,"gold_loss":0},{"damage_healed":0,"gold_gain":75,"player_choice":"Gather Gold","damage_taken":11,"max_hp_gain":0,"max_hp_loss":0,"event_name":"World of Goop","floor":13,"gold_loss":0}],"is_beta":false,"boss_relics":[],"items_purged_floors":[3],"is_endless":false,"potions_floor_spawned":[5,8],"killed_by":"Large Slime","ascension_level":18}