{"gold_per_floor":[115,190,210,225,245,245,265,116,186,186,200,226,239,239,239,313,313,325,349,364,73,91,91,190,190,213,213,213,231,231,248,248,326,326,344,356,356],"floor_reached":37,"playtime":1462,"items_purged":["Strike_B","Strike_B"],"score":634,"play_id":"290ea23a-9877-4a3d-bdb8-d04aefa0e28b","local_time":"20180910125205","is_ascension_mode":true,"campfire_choices":[{"data":"Streamline","floor":6,"key":"SMITH"},{"data":"Zap","floor":10,"key":"SMITH"},{"floor":15,"key":"REST"},{"data":"Static Discharge","floor":23,"key":"SMITH"},{"data":"Static Discharge","floor":25,"key":"SMITH"},{"data":"Static Discharge","floor":27,"key":"SMITH"},{"floor":32,"key":"REST"}],"neow_cost":"NONE","seed_source_timestamp":1993557040271462,"circlet_count":0,"master_deck":["Defend_B","Defend_B","Defend_B","Defend_B","Zap+1","Dualcast","AscendersBane","Ball Lightning+1","FTL","Hologram","Leap","Streamline+1","Glacier","Static Discharge+1","Barrage","Streamline+1","Static Discharge+1","Electrodynamics","Static Discharge+1","Capacitor","Glacier","Steam","Meteor Strike","Steam Power+1"],"relics":["Cracked Core","Bottled Lightning","Calipers","Runic Dome","Omamori","Lee\u0027s Waffle","Whetstone","Juzu Bracelet","Empty Cage"],"potions_floor_usage":[12,16,33,36],"damage_taken":[{"damage":4,"enemies":"Jaw Worm","floor":1,"turns":3},{"damage":0,"enemies":"2 Louse","floor":3,"turns":2},{"damage":0,"enemies":"Cultist","floor":4,"turns":2},{"damage":13,"enemies":"Blue Slaver","floor":5,"turns":3},{"damage":8,"enemies":"Large Slime","floor":7,"turns":4},{"damage":0,"enemies":"Looter","floor":11,"turns":2},{"damage":3,"enemies":"3 Sentries","floor":12,"turns":5},{"damage":14,"enemies":"Red Slaver","floor":13,"turns":2},{"damage":3,"enemies":"The Guardian","floor":16,"turns":10},{"damage":10,"enemies":"Spheric Guardian","floor":18,"turns":4},{"damage":25,"enemies":"2 Thieves","floor":20,"turns":3},{"damage":24,"enemies":"Snecko","floor":22,"turns":4},{"damage":16,"enemies":"Snake Plant","floor":29,"turns":4},{"damage":10,"enemies":"Cultist and Chosen","floor":31,"turns":4},{"damage":46,"enemies":"Automaton","floor":33,"turns":7},{"damage":22,"enemies":"3 Shapes","floor":35,"turns":3},{"damage":24,"enemies":"3 Darklings","floor":36,"turns":3},{"damage":20,"enemies":"Transient","floor":37,"turns":2}],"seed_played":"-1672154039745499661","potions_obtained":[{"floor":1,"key":"Block Potion"},{"floor":4,"key":"GamblersBrew"},{"floor":11,"key":"PowerPotion"},{"floor":16,"key":"Dexterity Potion"},{"floor":18,"key":"GamblersBrew"},{"floor":20,"key":"Swift Potion"},{"floor":31,"key":"Block Potion"},{"floor":36,"key":"Strength Potion"}],"is_trial":false,"path_per_floor":["M","?","M","M","M","R","M","$","T","R","M","E","M","?","R","B",null,"M","T","M","$","M","R","?","R","T","R","?","M","T","M","R","B",null,"M","M"],"character_chosen":"DEFECT","items_purchased":["Static Discharge","Lee\u0027s Waffle"],"campfire_rested":2,"item_purchase_floors":[8,21],"current_hp_per_floor":[60,49,49,49,36,36,28,28,28,28,28,25,11,11,32,29,61,51,51,26,78,54,54,54,54,54,54,54,38,38,28,51,5,60,38,14,0],"gold":356,"neow_bonus":"THREE_CARDS","is_prod":false,"is_daily":false,"chose_seed":false,"campfire_upgraded":5,"win_rate":0,"timestamp":1536580325,"path_taken":["M","?","M","M","M","R","M","$","T","R","M","E","?","?","R","BOSS","M","?","?","$","M","R","?","R","T","R","?","M","?","M","R","BOSS","M","M","M"],"build_version":"2018-09-06","purchased_purges":2,"victory":false,"max_hp_per_floor":[71,71,71,71,71,71,71,71,71,71,71,71,71,71,71,71,71,71,71,71,78,78,78,78,78,78,78,78,78,78,78,78,78,78,78,78,78],"card_choices":[{"not_picked":["Hello World","Hologram"],"picked":"Ball Lightning","floor":0},{"not_picked":["Beam Cell","Melter"],"picked":"FTL","floor":1},{"not_picked":["Barrage","Reprogram"],"picked":"Hologram","floor":3},{"not_picked":["Consume","Melter"],"picked":"Leap","floor":4},{"not_picked":["Barrage","Stack"],"picked":"Streamline","floor":5},{"not_picked":["Redo","Steam"],"picked":"Glacier","floor":7},{"not_picked":["Barrage","Heatsinks","Melter"],"picked":"SKIP","floor":11},{"not_picked":["Heatsinks","Melter"],"picked":"Barrage","floor":11},{"not_picked":["Ball Lightning","Steam Power"],"picked":"Streamline","floor":12},{"not_picked":["Barrage","Redo"],"picked":"Static Discharge","floor":13},{"not_picked":["Thunder Strike","Meteor Strike"],"picked":"Electrodynamics","floor":16},{"not_picked":["Barrage","Ball Lightning"],"picked":"Static Discharge","floor":18},{"not_picked":["Steam","Go for the Eyes"],"picked":"Capacitor","floor":20},{"not_picked":["BootSequence","Sweeping Beam+1","Double Energy"],"picked":"SKIP","floor":22},{"not_picked":["Hello World","Genetic Algorithm"],"picked":"Steam","floor":29},{"not_picked":["Turbo","Beam Cell","Compile Driver"],"picked":"SKIP","floor":31},{"not_picked":["Rainbow","Seek"],"picked":"Meteor Strike","floor":33},{"not_picked":["Self Repair","Coolheaded","Hologram+1"],"picked":"SKIP","floor":35},{"not_picked":["Scrape","Go for the Eyes"],"picked":"Steam Power+1","floor":36}],"player_experience":727077,"relics_obtained":[{"floor":9,"key":"Bottled Lightning"},{"floor":12,"key":"Calipers"},{"floor":19,"key":"Omamori"},{"floor":26,"key":"Whetstone"},{"floor":30,"key":"Juzu Bracelet"}],"event_choices":[{"event_name":"World of Goop","player_choice":"Gather Gold","floor":2,"damage_taken":0},{"event_name":"Shining Light","player_choice":"Ignored","floor":14,"damage_taken":0},{"event_name":"Nest","player_choice":"Stole From Cult","floor":24,"damage_taken":0},{"event_name":"Duplicator","player_choice":"One dupe","floor":28,"damage_taken":0}],"is_beta":false,"boss_relics":[{"not_picked":["Snecko Eye","Calling Bell"],"picked":"Runic Dome"},{"not_picked":["White Beast Statue","Orrery"],"picked":"Empty Cage"}],"items_purged_floors":[8,21],"is_endless":false,"potions_floor_spawned":[1,4,11,16,18,20,31,36],"killed_by":"Transient","ascension_level":14}