{"gold_per_floor":[368,384,211,211,22,22,55,72,72,72,405,418,433,452,452,523,523,542,75,95,52,69,69,104,104,104,104,130,142,142,171,171,242,242,257,257,257,132,354,354,386,386,386,386,181,208,208,222,222,222],"floor_reached":51,"playtime":3532,"items_purged":["Injury","Strike_B","Strike_B","Doubt"],"score":1661,"play_id":"7f16aff2-5bec-4e38-9723-2778358030d6","local_time":"20190618185119","is_ascension_mode":true,"campfire_choices":[{"data":"Melter","floor":6,"key":"SMITH"},{"data":"Cold Snap","floor":10,"key":"SMITH"},{"data":"Machine Learning","floor":15,"key":"SMITH"},{"data":"Defragment","floor":23,"key":"SMITH"},{"data":"Buffer","floor":27,"key":"SMITH"},{"data":"Defragment","floor":32,"key":"SMITH"},{"data":"Loop","floor":40,"key":"SMITH"},{"data":"Blizzard","floor":44,"key":"SMITH"},{"floor":47,"key":"REST"},{"data":"Creative AI","floor":49,"key":"SMITH"}],"neow_cost":"CURSE","seed_source_timestamp":136539420520555,"circlet_count":0,"master_deck":["AscendersBane","Strike_B","Strike_B","Defend_B","Defend_B","Defend_B","Defend_B","Zap","Dualcast","Melter+1","Glacier","Cold Snap+1","Auto Shields","Compile Driver","Gash","Gash","Machine Learning+1","Buffer+1","Beam Cell+1","Defragment+1","Gash","Sweeping Beam","Defragment+1","Ball Lightning+1","Blizzard+1","Self Repair","Coolheaded+1","Creative AI+1","Electrodynamics","Loop+1","Madness","Madness","Streamline+1","Chill"],"relics":["Cracked Core","Pocketwatch","DataDisk","Oddly Smooth Stone","FossilizedHelix","Old Coin","White Beast Statue","Lee\u0027s Waffle","Bag of Preparation","Art of War","Ancient Tea Set","Red Mask","Velvet Choker","Bird Faced Urn","Vajra","Torii"],"potions_floor_usage":[11,24,28,29,31,33,33,33,36,46,50,50],"damage_taken":[{"damage":1,"enemies":"Cultist","floor":1,"turns":4},{"damage":2,"enemies":"2 Louse","floor":2,"turns":3},{"damage":5,"enemies":"Gremlin Nob","floor":7,"turns":3},{"damage":0,"enemies":"Small Slimes","floor":8,"turns":3},{"damage":0,"enemies":"3 Sentries","floor":11,"turns":5},{"damage":0,"enemies":"Blue Slaver","floor":12,"turns":3},{"damage":0,"enemies":"Looter","floor":13,"turns":3},{"damage":0,"enemies":"2 Fungi Beasts","floor":14,"turns":3},{"damage":3,"enemies":"Slime Boss","floor":16,"turns":8},{"damage":0,"enemies":"Chosen","floor":18,"turns":6},{"damage":0,"enemies":"Spheric Guardian","floor":20,"turns":3},{"damage":5,"enemies":"Cultist and Chosen","floor":22,"turns":7},{"damage":0,"enemies":"Book of Stabbing","floor":24,"turns":5},{"damage":45,"enemies":"Slavers","floor":28,"turns":7},{"damage":0,"enemies":"Snecko","floor":29,"turns":7},{"damage":0,"enemies":"Masked Bandits","floor":31,"turns":4},{"damage":0,"enemies":"Champ","floor":33,"turns":19},{"damage":0,"enemies":"Orb Walker","floor":35,"turns":4},{"damage":0,"enemies":"3 Darklings","floor":36,"turns":2},{"damage":28,"enemies":"Giant Head","floor":41,"turns":11},{"damage":66,"enemies":"Reptomancer","floor":46,"turns":7},{"damage":0,"enemies":"Spire Growth","floor":48,"turns":5},{"damage":83,"enemies":"Awakened One","floor":50,"turns":17}],"seed_played":"-4467911711507252949","potions_obtained":[{"floor":2,"key":"SkillPotion"},{"floor":13,"key":"FocusPotion"},{"floor":14,"key":"Block Potion"},{"floor":24,"key":"Dexterity Potion"},{"floor":28,"key":"EntropicBrew"},{"floor":29,"key":"AttackPotion"},{"floor":31,"key":"Block Potion"},{"floor":33,"key":"SmokeBomb"},{"floor":35,"key":"Dexterity Potion"},{"floor":41,"key":"SkillPotion"},{"floor":46,"key":"LiquidBronze"},{"floor":48,"key":"Block Potion"}],"is_trial":false,"path_per_floor":["M","M","$","?","$","R","E","M","T","R","E","M","M","M","R","B",null,"M","$","M","$","M","R","E","?","T","R","E","M","?","?","R","B",null,"M","M","?","$","?","R","E","?","T","R","$","E","R","M","R","B",null],"character_chosen":"DEFECT","items_purchased":["Glacier","Fire Potion","DataDisk","Cold Snap","Defragment","Gash","Lee\u0027s Waffle","Defragment","Energy Potion"],"campfire_rested":1,"item_purchase_floors":[3,3,5,5,19,19,19,21,45],"current_hp_per_floor":[63,61,61,61,61,61,56,56,56,56,56,56,56,56,56,53,67,67,78,78,78,73,73,73,73,73,73,28,35,35,42,42,49,71,78,78,64,64,64,64,43,78,78,78,78,27,50,71,71,13],"gold":222,"neow_bonus":"TWO_FIFTY_GOLD","is_prod":false,"is_daily":false,"chose_seed":false,"campfire_upgraded":9,"win_rate":0,"timestamp":1560880279,"path_taken":["M","M","$","?","$","R","E","M","T","R","E","M","?","M","R","BOSS","M","$","M","$","M","R","E","?","T","R","E","M","?","?","R","BOSS","M","M","?","$","?","R","E","?","T","R","$","E","R","M","R","BOSS"],"build_version":"2019-01-23","purchased_purges":4,"victory":true,"max_hp_per_floor":[71,71,71,71,71,71,71,71,71,71,71,71,71,71,71,71,71,71,78,78,78,78,78,78,78,78,78,78,78,78,78,78,78,78,78,78,78,78,78,78,78,78,78,78,78,78,78,78,78,78],"card_choices":[{"not_picked":["Chaos","Rebound"],"picked":"Melter","floor":1},{"not_picked":["Static Discharge","Steam Power"],"picked":"Go for the Eyes","floor":2},{"not_picked":["Barrage","Tempest","Lockon"],"picked":"SKIP","floor":7},{"not_picked":["Fusion","Heatsinks"],"picked":"Auto Shields","floor":8},{"not_picked":["Redo","Cold Snap"],"picked":"Compile Driver","floor":11},{"not_picked":["Hello World","Turbo"],"picked":"Gash","floor":12},{"not_picked":["Stack","Compile Driver"],"picked":"Gash","floor":13},{"not_picked":["Reinforced Body","Chill"],"picked":"Machine Learning","floor":14},{"not_picked":["Reboot","Creative AI"],"picked":"Buffer","floor":16},{"not_picked":["Recycle+1","Barrage"],"picked":"Beam Cell+1","floor":18},{"not_picked":["Rebound","Cold Snap+1"],"picked":"Sweeping Beam","floor":20},{"not_picked":["Conserve Battery","Beam Cell"],"picked":"Ball Lightning+1","floor":22},{"not_picked":["Lockon","Rip and Tear"],"picked":"Blizzard","floor":24},{"not_picked":["Go for the Eyes","Streamline+1"],"picked":"Self Repair","floor":28},{"not_picked":["Gash","Leap"],"picked":"Coolheaded+1","floor":29},{"not_picked":["Steam Power+1","Compile Driver"],"picked":"Creative AI","floor":31},{"not_picked":["Echo Form","Creative AI"],"picked":"Electrodynamics","floor":33},{"not_picked":["Rebound","Doom and Gloom"],"picked":"Loop","floor":35},{"not_picked":["Steam","Rebound"],"picked":"Streamline+1","floor":41},{"not_picked":["Barrage+1","Scrape+1","Stack+1"],"picked":"SKIP","floor":46},{"not_picked":["Turbo","Undo+1"],"picked":"Chill","floor":48}],"player_experience":1087624,"relics_obtained":[{"floor":7,"key":"Oddly Smooth Stone"},{"floor":9,"key":"FossilizedHelix"},{"floor":11,"key":"Old Coin"},{"floor":24,"key":"Bag of Preparation"},{"floor":26,"key":"Art of War"},{"floor":28,"key":"Ancient Tea Set"},{"floor":31,"key":"Red Mask"},{"floor":41,"key":"Bird Faced Urn"},{"floor":43,"key":"Vajra"},{"floor":46,"key":"Torii"}],"event_choices":[{"cards_removed":["Go for the Eyes"],"damage_healed":0,"gold_gain":0,"player_choice":"Gave Card","damage_taken":0,"relics_obtained":["Pocketwatch"],"max_hp_gain":0,"max_hp_loss":0,"event_name":"WeMeetAgain","floor":4,"gold_loss":0},{"damage_healed":0,"gold_gain":0,"player_choice":"Ignored","damage_taken":0,"max_hp_gain":0,"max_hp_loss":0,"event_name":"Vampires","floor":25,"gold_loss":0},{"damage_healed":0,"gold_gain":0,"player_choice":"Ignored","damage_taken":0,"max_hp_gain":0,"max_hp_loss":0,"event_name":"The Mausoleum","floor":30,"gold_loss":0},{"damage_healed":0,"gold_gain":0,"player_choice":"Fought Bandits","damage_taken":0,"max_hp_gain":0,"max_hp_loss":0,"event_name":"Masked Bandits","floor":31,"gold_loss":0},{"damage_healed":0,"gold_gain":0,"player_choice":"Embrace Madness","damage_taken":14,"max_hp_gain":0,"max_hp_loss":0,"event_name":"Winding Halls","floor":37,"gold_loss":0,"cards_obtained":["Madness","Madness"]},{"damage_healed":0,"gold_gain":222,"player_choice":"Wore Mask","damage_taken":0,"max_hp_gain":0,"max_hp_loss":0,"event_name":"Tomb of Lord Red Mask","floor":39,"gold_loss":0},{"damage_healed":35,"gold_gain":0,"player_choice":"Heal","damage_taken":0,"max_hp_gain":0,"max_hp_loss":0,"event_name":"MindBloom","floor":42,"gold_loss":0,"cards_obtained":["Doubt"]}],"is_beta":false,"boss_relics":[{"not_picked":["Lizard Tail","Snecko Eye"],"picked":"White Beast Statue"},{"not_picked":["Runic Dome","FrozenCore"],"picked":"Velvet Choker"}],"items_purged_floors":[3,19,38,45],"is_endless":false,"potions_floor_spawned":[2,7,13,14,16,18,20,22,24,28,29,31,33,35,36,41,46,48],"ascension_level":19}