{"gold_per_floor":[110,110,129,143,143,143,68,68,68,68,79,79,92,111,111,189,189,204,204,174,89,0,0,0,0,0,0,11,21,21,41,41,41],"floor_reached":33,"playtime":957,"items_purged":[],"score":438,"play_id":"3cad4c2f-1e22-4a6c-ac38-569574e5b086","local_time":"20190716214258","is_ascension_mode":true,"campfire_choices":[{"data":"Bash","floor":6,"key":"SMITH"},{"data":"Perfected Strike","floor":8,"key":"SMITH"},{"data":"Headbutt","floor":10,"key":"SMITH"},{"data":"True Grit","floor":15,"key":"SMITH"},{"floor":23,"key":"REST"},{"data":"Double Tap","floor":25,"key":"SMITH"},{"floor":32,"key":"REST"}],"neow_cost":"NONE","seed_source_timestamp":348845948188000,"circlet_count":0,"master_deck":["AscendersBane","Strike_R","Strike_R","Strike_R","Strike_R","Defend_R","Defend_R","Bash+1","Perfected Strike+1","Headbutt+1","True Grit+1","Battle Trance","Second Wind","Double Tap+1","Feel No Pain+1","Pommel Strike","Burning Pact","Corruption","Shrug It Off","Perfected Strike","Warcry+1"],"relics":["Burning Blood","NeowsBlessing","Potion Belt","Snecko Eye","Nilry\u0027s Codex","Boot","Blood Vial"],"potions_floor_usage":[11,33,33,33],"damage_taken":[{"damage":0,"enemies":"Jaw Worm","floor":1,"turns":1},{"damage":0,"enemies":"Cultist","floor":3,"turns":1},{"damage":0,"enemies":"2 Louse","floor":4,"turns":1},{"damage":3,"enemies":"Blue Slaver","floor":11,"turns":2},{"damage":6,"enemies":"3 Louse","floor":13,"turns":3},{"damage":0,"enemies":"Large Slime","floor":14,"turns":3},{"damage":54,"enemies":"Slime Boss","floor":16,"turns":9},{"damage":20,"enemies":"Chosen","floor":18,"turns":4},{"damage":22,"enemies":"2 Thieves","floor":20,"turns":4},{"damage":10,"enemies":"Snecko","floor":28,"turns":4},{"damage":0,"enemies":"Centurion and Healer","floor":29,"turns":3},{"damage":35,"enemies":"Snake Plant","floor":31,"turns":5},{"damage":57,"enemies":"Collector","floor":33,"turns":7}],"seed_played":"6359483125133432667","potions_obtained":[{"floor":2,"key":"Poison Potion"},{"floor":2,"key":"Energy Potion"},{"floor":3,"key":"Dexterity Potion"},{"floor":11,"key":"Dexterity Potion"},{"floor":28,"key":"LiquidBronze"}],"is_trial":false,"path_per_floor":["M","?","M","M","?","R","?","R","T","R","M","$","M","M","R","B",null,"M","?","M","?","?","R","$","R","T","?","M","M","$","M","R","B"],"character_chosen":"IRONCLAD","items_purchased":[],"campfire_rested":2,"item_purchase_floors":[],"current_hp_per_floor":[74,74,75,75,80,80,80,80,80,80,80,80,80,80,80,32,68,54,33,17,17,17,41,41,41,41,41,39,47,47,20,44,0],"gold":41,"neow_bonus":"THREE_ENEMY_KILL","is_prod":false,"is_daily":false,"chose_seed":false,"campfire_upgraded":5,"win_rate":0,"timestamp":1563306178,"path_taken":["M","?","?","?","?","R","?","R","T","R","M","?","M","M","R","BOSS","M","?","M","?","?","R","?","R","T","?","M","M","$","M","R","BOSS"],"build_version":"2019-07-05","purchased_purges":0,"victory":false,"max_hp_per_floor":[75,75,75,75,80,80,80,80,80,80,80,80,80,80,80,80,80,80,80,80,80,80,80,80,80,80,80,80,80,80,80,80,80],"card_choices":[{"not_picked":["Clash","Hemokinesis"],"picked":"Perfected Strike","floor":1},{"not_picked":["Warcry","Body Slam"],"picked":"Headbutt","floor":3},{"not_picked":["Clothesline","Sword Boomerang","Hemokinesis"],"picked":"SKIP","floor":4},{"not_picked":["Pommel Strike","Wild Strike"],"picked":"True Grit","floor":11},{"not_picked":["Headbutt","Havoc"],"picked":"Battle Trance","floor":13},{"not_picked":["Thunderclap","Searing Blow"],"picked":"Second Wind","floor":14},{"not_picked":["Fiend Fire","Limit Break"],"picked":"Double Tap","floor":16},{"not_picked":["Shrug It Off","True Grit"],"picked":"Feel No Pain+1","floor":18},{"not_picked":["Cleave","Iron Wave"],"picked":"Pommel Strike","floor":20},{"not_picked":["Power Through","Heavy Blade"],"picked":"Shrug It Off","floor":28},{"not_picked":["Anger","Impervious"],"picked":"Perfected Strike","floor":29},{"not_picked":["Searing Blow+1","Inflame"],"picked":"Warcry+1","floor":31}],"player_experience":1659486,"relics_obtained":[{"floor":9,"key":"Potion Belt"},{"floor":19,"key":"Nilry\u0027s Codex"},{"floor":26,"key":"Blood Vial"}],"event_choices":[{"damage_healed":0,"gold_gain":0,"player_choice":"Got Potions","damage_taken":0,"max_hp_gain":0,"max_hp_loss":0,"event_name":"Lab","floor":2,"gold_loss":0},{"damage_healed":0,"gold_gain":0,"player_choice":"Donut","damage_taken":0,"max_hp_gain":5,"max_hp_loss":0,"event_name":"Big Fish","floor":5,"gold_loss":0},{"cards_removed":["Defend_R"],"damage_healed":0,"gold_gain":0,"player_choice":"Card Removal","damage_taken":0,"max_hp_gain":0,"max_hp_loss":0,"event_name":"The Cleric","floor":7,"gold_loss":75},{"damage_healed":0,"gold_gain":0,"player_choice":"Obtained Book","damage_taken":21,"max_hp_gain":0,"max_hp_loss":0,"event_name":"Cursed Tome","floor":19,"gold_loss":0},{"damage_healed":0,"gold_gain":0,"player_choice":"Obtained Relic","damage_taken":0,"relics_obtained":["Boot"],"max_hp_gain":0,"max_hp_loss":0,"event_name":"Addict","floor":21,"gold_loss":85},{"damage_healed":0,"gold_gain":0,"player_choice":"Paid Fearfully","damage_taken":0,"max_hp_gain":0,"max_hp_loss":0,"event_name":"Masked Bandits","floor":22,"gold_loss":89},{"damage_healed":0,"gold_gain":0,"cards_transformed":["Strike_R","Defend_R"],"player_choice":"Became Test Subject","damage_taken":0,"max_hp_gain":0,"max_hp_loss":0,"event_name":"Drug Dealer","floor":27,"gold_loss":0,"cards_obtained":["Burning Pact","Corruption"]}],"is_beta":false,"boss_relics":[{"not_picked":["Ectoplasm","Coffee Dripper"],"picked":"Snecko Eye"}],"items_purged_floors":[],"is_endless":false,"potions_floor_spawned":[3,4,11,28],"killed_by":"Collector","ascension_level":17}