{"gold_per_floor":[113,113,113,126,143,143,174,174,244,256,256,266,283,302,302,400,400,415,435,239,256,156,156,170,189,189,208,220,220,237,237,237,237],"floor_reached":33,"playtime":1251,"items_purged":["Strike_G","Strike_G"],"score":255,"play_id":"c023ca2d-69ae-4922-afb6-d5aca6b76716","local_time":"20181229232134","is_ascension_mode":false,"campfire_choices":[{"data":"Glass Knife","floor":6.0,"key":"SMITH"},{"floor":8.0,"key":"REST"},{"data":"Deadly Poison","floor":15.0,"key":"SMITH"},{"floor":23.0,"key":"REST"},{"floor":29,"key":"REST"},{"floor":32,"key":"REST"}],"neow_cost":"NONE","seed_source_timestamp":654995753882271,"circlet_count":0,"master_deck":["Defend_G","Defend_G","Defend_G","Defend_G","Strike_G","Strike_G","Survivor","Neutralize+1","Glass Knife+1","Flechettes","Backflip","Dash","Acrobatics","Quick Slash","Deadly Poison+1","Predator","Envenom","Sucker Punch","Caltrops","Bouncing Flask","Deadly Poison","Backflip","Die Die Die","Calculated Gamble","Dash"],"special_seed":0,"relics":["Velvet Choker"],"potions_floor_usage":[33],"damage_taken":[{"damage":1.0,"enemies":"Jaw Worm","floor":1.0,"turns":4.0},{"damage":0.0,"enemies":"2 Louse","floor":4.0,"turns":2.0},{"damage":0.0,"enemies":"Small Slimes","floor":5.0,"turns":3.0},{"damage":35.0,"enemies":"Lagavulin","floor":7.0,"turns":6.0},{"damage":3.0,"enemies":"Gremlin Gang","floor":10.0,"turns":5.0},{"damage":0.0,"enemies":"3 Louse","floor":12.0,"turns":3.0},{"damage":4.0,"enemies":"Exordium Thugs","floor":13.0,"turns":4.0},{"damage":0.0,"enemies":"Looter","floor":14.0,"turns":2.0},{"damage":20.0,"enemies":"The Guardian","floor":16.0,"turns":9.0},{"damage":14.0,"enemies":"Spheric Guardian","floor":18.0,"turns":5.0},{"damage":6.0,"enemies":"Shell Parasite","floor":19.0,"turns":5.0},{"damage":19.0,"enemies":"Snecko","floor":21.0,"turns":4.0},{"damage":13.0,"enemies":"Sentry and Sphere","floor":24.0,"turns":5.0},{"damage":8.0,"enemies":"Snake Plant","floor":25.0,"turns":4.0},{"damage":1.0,"enemies":"Chosen and Byrds","floor":27.0,"turns":4.0},{"damage":10,"enemies":"Centurion and Healer","floor":28,"turns":7},{"damage":9,"enemies":"Snake Plant","floor":30,"turns":4},{"damage":25,"enemies":"Colosseum Slavers","floor":31,"turns":4},{"damage":28,"enemies":"Automaton","floor":33,"turns":4}],"seed_played":"7080663416614079590","potions_obtained":[{"floor":5.0,"key":"Fire Potion"},{"floor":10.0,"key":"Dexterity Potion"},{"floor":12.0,"key":"GamblersBrew"},{"floor":13.0,"key":"Dexterity Potion"},{"floor":19.0,"key":"GhostInAJar"},{"floor":24.0,"key":"GamblersBrew"},{"floor":28,"key":"FearPotion"}],"is_trial":false,"path_per_floor":["M","?","?","M","M","R","E","E","R","T","M","?","M","M","M","R","B",null,"M","M","$","M","$","R","M","M","T","M","M","R","M","?","R","B"],"character_chosen":"THE_SILENT","items_purchased":["Caltrops","Bouncing Flask"],"campfire_rested":4,"item_purchase_floors":[20,20],"current_hp_per_floor":[69,62,62,62,62,62,27,48,48,45,45,45,41,41,41,21,70,56,50,50,31,31,52,39,31,31,30,20,41,32,7,28,0],"gold":237,"neow_bonus":"BOSS_RELIC","is_prod":false,"is_daily":false,"chose_seed":false,"campfire_upgraded":2,"win_rate":0,"timestamp":1546122094,"path_taken":["M","?","?","M","M","R","E","R","T","M","?","M","?","M","R","BOSS","M","M","$","M","$","R","M","M","T","M","M","R","M","?","R","BOSS"],"build_version":"2018-12-20","purchased_purges":2,"victory":false,"max_hp_per_floor":[70,70,70,70,70,70,70,70,70,70,70,70,70,70,70,70,70,70,70,70,70,70,70,70,70,70,70,70,70,70,70,70,70],"card_choices":[{"not_picked":["Flying Knee","Heel Hook","Deflect"],"picked":"SKIP","floor":1.0},{"not_picked":["Flying Knee","Eviscerate"],"picked":"Flechettes","floor":4.0},{"not_picked":["Catalyst","Quick Slash"],"picked":"Backflip","floor":5.0},{"not_picked":["Outmaneuver","Heel Hook"],"picked":"Dash","floor":7.0},{"not_picked":["Slice","Prepared"],"picked":"Acrobatics","floor":10.0},{"not_picked":["Heel Hook","Acrobatics"],"picked":"Quick Slash","floor":12.0},{"not_picked":["Masterful Stab","Tactician"],"picked":"Deadly Poison","floor":13.0},{"not_picked":["Bane","Underhanded Strike"],"picked":"Predator","floor":14.0},{"not_picked":["Phantasmal Killer","Tools of the Trade"],"picked":"Envenom","floor":16.0},{"not_picked":["Deflect","Acrobatics"],"picked":"Sucker Punch","floor":18.0},{"not_picked":["Bane","Flechettes","Prepared+1"],"picked":"SKIP","floor":19.0},{"not_picked":["Flying Knee","Slice"],"picked":"Deadly Poison","floor":21.0},{"not_picked":["Bane","Acrobatics","Blade Dance"],"picked":"SKIP","floor":24.0},{"not_picked":["Deadly Poison","Setup"],"picked":"Backflip","floor":25.0},{"not_picked":["Expertise","Flechettes"],"picked":"Die Die Die","floor":27.0},{"not_picked":["Eviscerate","Finisher+1"],"picked":"Calculated Gamble","floor":28},{"not_picked":["Underhanded Strike","Calculated Gamble"],"picked":"Dash","floor":30}],"player_experience":551797,"relics_obtained":[],"event_choices":[{"cards_removed":["Defend_G"],"damage_healed":0.0,"max_hp_gain":0.0,"max_hp_loss":0.0,"gold_gain":0.0,"event_name":"Golden Wing","player_choice":"Card Removal","floor":2.0,"gold_loss":0.0,"damage_taken":7.0},{"damage_healed":0.0,"max_hp_gain":0.0,"max_hp_loss":0.0,"gold_gain":0.0,"cards_transformed":["Strike_G"],"event_name":"Living Wall","player_choice":"Change","floor":3.0,"gold_loss":0.0,"damage_taken":0.0,"cards_obtained":["Glass Knife"]},{"damage_healed":0.0,"max_hp_gain":0.0,"max_hp_loss":0.0,"gold_gain":0.0,"event_name":"Accursed Blacksmith","player_choice":"Forge","floor":11.0,"gold_loss":0.0,"damage_taken":0.0,"cards_upgraded":["Neutralize"]},{"damage_healed":0,"gold_gain":0,"player_choice":"Fight","damage_taken":0,"max_hp_gain":0,"max_hp_loss":0,"event_name":"Colosseum","floor":31,"gold_loss":0},{"damage_healed":0,"gold_gain":0,"player_choice":"Fled From Nobs","damage_taken":0,"max_hp_gain":0,"max_hp_loss":0,"event_name":"Colosseum","floor":31,"gold_loss":0}],"is_beta":false,"boss_relics":[{"not_picked":[]}],"items_purged_floors":[20,22],"is_endless":false,"potions_floor_spawned":[5,10,12,13,18,19,24,28],"killed_by":"Automaton","ascension_level":0}