{"gold_per_floor":[118,118,89,102,102,102,129,149,149,149,214,230,262,319,319,396,396,406,417,332,3,22,22,57,57,57,57,90,70,85,110,110,181,181,193,206,306,306,324,324,353,353,353,373,400,414,431,464,464,464,464,464,464,33,60,60],"floor_reached":57,"playtime":4361,"items_purged":["Melter"],"score":3161,"play_id":"f5588bd3-7bb2-4abe-bfb8-5a1474d987c0","local_time":"20190604220902","is_ascension_mode":true,"campfire_choices":[{"floor":6.0,"key":"REST"},{"data":"Zap","floor":10.0,"key":"SMITH"},{"floor":15.0,"key":"REST"},{"floor":23.0,"key":"REST"},{"floor":25.0,"key":"REST"},{"data":"Apotheosis","floor":32.0,"key":"SMITH"},{"floor":40,"key":"RECALL"},{"floor":42,"key":"REST"},{"floor":49,"key":"REST"},{"floor":53,"key":"REST"}],"neow_cost":"NONE","seed_source_timestamp":0,"circlet_count":0,"master_deck":["AscendersBane","Zap+1","Dualcast+1","Ball Lightning","Conserve Battery","Ball Lightning","Steam+1","Cold Snap","Self Repair","Buffer","Coolheaded","Biased Cognition","Static Discharge","Go for the Eyes","Sweeping Beam","Hello World","Recycle","Chill","Seek","Steam Power+1","Conserve Battery","Loop","Apotheosis+1","Coolheaded","Static Discharge","White Noise+1","Defragment","All For One","Creative AI","Cold Snap","Turbo+1","Undo","Heatsinks+1","Defragment+1","All For One","Glacier+1","Scrape","Hologram","Biased Cognition+1","Stack"],"special_seed":0,"relics":["Cracked Core","NeowsBlessing","Mummified Hand","Boot","Smiling Mask","Tiny Chest","Orichalcum","Calipers","Pandora\u0027s Box","War Paint","Membership Card","Sundial","Pantograph","Ice Cream","Happy Flower","Fusion Hammer","Prayer Wheel","Frozen Egg 2","Bottled Lightning","Pear","PreservedInsect","Juzu Bracelet","Strawberry","Art of War","Bronze Scales"],"potions_floor_usage":[35,35,35,41,50,51],"damage_taken":[{"damage":0.0,"enemies":"Small Slimes","floor":1.0,"turns":1.0},{"damage":0.0,"enemies":"Jaw Worm","floor":4.0,"turns":1.0},{"damage":0.0,"enemies":"Gremlin Nob","floor":7.0,"turns":1.0},{"damage":8.0,"enemies":"2 Louse","floor":8.0,"turns":3.0},{"damage":8.0,"enemies":"Lagavulin","floor":11.0,"turns":4.0},{"damage":16.0,"enemies":"Exordium Thugs","floor":12.0,"turns":3.0},{"damage":15.0,"enemies":"3 Sentries","floor":13.0,"turns":7.0},{"damage":0.0,"enemies":"Gremlin Nob","floor":14.0,"turns":4.0},{"damage":28.0,"enemies":"Slime Boss","floor":16.0,"turns":11.0},{"damage":0.0,"enemies":"Spheric Guardian","floor":18.0,"turns":4.0},{"damage":5.0,"enemies":"3 Byrds","floor":19.0,"turns":3.0},{"damage":21.0,"enemies":"Snake Plant","floor":22.0,"turns":4.0},{"damage":30.0,"enemies":"Slavers","floor":24.0,"turns":6.0},{"damage":12.0,"enemies":"Gremlin Leader","floor":28.0,"turns":8.0},{"damage":15.0,"enemies":"Shelled Parasite and Fungi","floor":30.0,"turns":7.0},{"damage":31.0,"enemies":"Book of Stabbing","floor":31.0,"turns":5.0},{"damage":0.0,"enemies":"Collector","floor":33.0,"turns":7.0},{"damage":18,"enemies":"3 Darklings","floor":35,"turns":5},{"damage":0,"enemies":"Orb Walker","floor":36,"turns":4},{"damage":18,"enemies":"Mind Bloom Boss Battle","floor":37,"turns":4},{"damage":20,"enemies":"Spire Growth","floor":39,"turns":4},{"damage":11,"enemies":"Reptomancer","floor":41,"turns":4},{"damage":0,"enemies":"Maw","floor":44,"turns":6},{"damage":0,"enemies":"Giant Head","floor":45,"turns":5},{"damage":7,"enemies":"Jaw Worm Horde","floor":46,"turns":4},{"damage":18,"enemies":"Spire Growth","floor":47,"turns":4},{"damage":15,"enemies":"Nemesis","floor":48,"turns":3},{"damage":0,"enemies":"Donu and Deca","floor":50,"turns":5},{"damage":8,"enemies":"Time Eater","floor":51,"turns":7},{"damage":23,"enemies":"Shield and Spear","floor":55,"turns":5},{"damage":9,"enemies":"The Heart","floor":56,"turns":7}],"seed_played":"-5234684435739632043","potions_obtained":[{"floor":1.0,"key":"SteroidPotion"},{"floor":4.0,"key":"SpeedPotion"},{"floor":11.0,"key":"GamblersBrew"},{"floor":22.0,"key":"FearPotion"},{"floor":28.0,"key":"Regen Potion"},{"floor":30.0,"key":"EntropicBrew"},{"floor":35,"key":"SpeedPotion"},{"floor":39,"key":"Swift Potion"},{"floor":41,"key":"PowerPotion"}],"is_trial":false,"path_per_floor":["M","?","$","M","?","R","E","M","T","R","E","M","E","?","R","B",null,"M","M","?","$","M","R","E","R","T","T","E","$","M","E","R","B",null,"M","M","?","?","M","R","E","R","T","M","E","M","M","E","R","B","B",null,"R","$","E","B",null],"character_chosen":"DEFECT","items_purchased":["Ball Lightning","Membership Card","Loop","Apotheosis","Defragment","Strawberry","PowerPotion","FocusPotion","Hologram","Biased Cognition+1","Stack","Art of War"],"campfire_rested":7,"item_purchase_floors":[3,21,21,21,29,54,54,54,54,54,54,54],"current_hp_per_floor":[64,43,43,43,38,59,59,51,51,51,43,27,19,26,47,26,60,67,62,62,62,48,69,46,67,67,67,62,62,71,47,47,71,71,63,71,63,63,53,53,52,71,81,81,81,81,73,68,81,81,81,81,81,88,65,79],"gold":60,"neow_bonus":"THREE_ENEMY_KILL","is_prod":false,"is_daily":false,"chose_seed":false,"campfire_upgraded":2,"win_rate":0,"timestamp":1559678942,"path_taken":["M","?","$","M","?","R","E","M","T","R","E","M","E","?","R","BOSS","M","M","?","?","M","R","E","R","T","?","E","$","M","E","R","BOSS","M","M","?","?","M","R","E","R","T","M","E","M","?","E","R","BOSS","BOSS","R","$","E","BOSS"],"build_version":"2019-01-23","purchased_purges":1,"victory":true,"max_hp_per_floor":[71,71,71,71,71,71,71,71,71,71,71,71,71,71,71,71,71,71,71,71,71,71,71,71,71,71,71,71,71,71,71,71,71,71,71,71,71,71,71,71,71,71,81,81,81,81,81,81,81,81,81,81,81,88,88,88],"card_choices":[{"not_picked":["Gash","Loop"],"picked":"Melter","floor":1.0},{"not_picked":["Redo","Beam Cell"],"picked":"Conserve Battery","floor":4.0},{"not_picked":["Leap","Steam"],"picked":"Ball Lightning","floor":7.0},{"not_picked":["Fusion","Scrape"],"picked":"Steam","floor":8.0},{"not_picked":["Steam","Turbo"],"picked":"Cold Snap","floor":11.0},{"not_picked":["Consume","Amplify"],"picked":"Self Repair","floor":12.0},{"not_picked":["Turbo","Recycle"],"picked":"Buffer","floor":13.0},{"not_picked":["Reprogram","Turbo"],"picked":"Coolheaded","floor":14.0},{"not_picked":["Machine Learning","Amplify"],"picked":"Biased Cognition","floor":16.0},{"not_picked":["Go for the Eyes","Sweeping Beam+1"],"picked":"Steam Power","floor":18.0},{"not_picked":["Darkness","Sweeping Beam"],"picked":"Conserve Battery","floor":19.0},{"not_picked":["Beam Cell","Reprogram"],"picked":"Coolheaded","floor":22.0},{"not_picked":["Hologram","Core Surge"],"picked":"Static Discharge","floor":24.0},{"not_picked":["Recycle","Sunder"],"picked":"White Noise+1","floor":28.0},{"not_picked":["Leap","Streamline","Barrage"],"picked":"SKIP","floor":30.0},{"not_picked":["Redo","Ball Lightning"],"picked":"All For One","floor":31.0},{"not_picked":["Hyperbeam","Reboot"],"picked":"Creative AI","floor":33.0},{"not_picked":["Aggregate","Self Repair","Fusion"],"picked":"SKIP","floor":35},{"not_picked":["Sunder","Go for the Eyes","Gash"],"picked":"SKIP","floor":36},{"not_picked":["Sweeping Beam","Go for the Eyes"],"picked":"Cold Snap","floor":37},{"not_picked":["Sweeping Beam","Blizzard"],"picked":"Turbo+1","floor":39},{"not_picked":["Rebound","Streamline","Conserve Battery"],"picked":"SKIP","floor":39},{"not_picked":["Beam Cell+1","Gash","Coolheaded"],"picked":"SKIP","floor":41},{"not_picked":["Consume","Rebound+1"],"picked":"Undo","floor":44},{"not_picked":["Barrage+1","Turbo+1"],"picked":"Heatsinks+1","floor":44},{"not_picked":["Coolheaded","Barrage"],"picked":"Defragment+1","floor":45},{"not_picked":["Reinforced Body","Beam Cell"],"picked":"All For One","floor":46},{"not_picked":["Genetic Algorithm","Gash+1","Aggregate+1"],"picked":"SKIP","floor":46},{"not_picked":["Turbo","Go for the Eyes"],"picked":"Glacier+1","floor":47},{"not_picked":["Sweeping Beam+1","Stack","Fusion"],"picked":"SKIP","floor":47},{"not_picked":["Reinforced Body","Darkness"],"picked":"Scrape","floor":48},{"not_picked":["Scrape","Gash","Streamline"],"picked":"SKIP","floor":55}],"player_experience":819187,"relics_obtained":[{"floor":7.0,"key":"Boot"},{"floor":9.0,"key":"Smiling Mask"},{"floor":11.0,"key":"Tiny Chest"},{"floor":13.0,"key":"Orichalcum"},{"floor":14.0,"key":"Calipers"},{"floor":24.0,"key":"Sundial"},{"floor":27.0,"key":"Pantograph"},{"floor":28.0,"key":"Ice Cream"},{"floor":31.0,"key":"Happy Flower"},{"floor":37,"key":"Prayer Wheel"},{"floor":41,"key":"Bottled Lightning"},{"floor":43,"key":"Pear"},{"floor":45,"key":"PreservedInsect"},{"floor":48,"key":"Juzu Bracelet"},{"floor":55,"key":"Bronze Scales"}],"event_choices":[{"damage_healed":0.0,"max_hp_gain":0.0,"max_hp_loss":0.0,"gold_gain":0.0,"event_name":"Shining Light","player_choice":"Entered Light","floor":2.0,"gold_loss":0.0,"damage_taken":21.0,"cards_upgraded":["Dualcast","Strike_B"]},{"damage_healed":0.0,"max_hp_gain":0.0,"max_hp_loss":0.0,"gold_gain":0.0,"event_name":"Scrap Ooze","player_choice":"Success","floor":5.0,"gold_loss":0.0,"damage_taken":5.0,"relics_obtained":["Mummified Hand"]},{"damage_healed":0.0,"max_hp_gain":0.0,"max_hp_loss":0.0,"gold_gain":30.0,"event_name":"Dead Adventurer","player_choice":"Searched \u00272\u0027 times","floor":14.0,"gold_loss":0.0,"damage_taken":0.0},{"damage_healed":0.0,"max_hp_gain":0.0,"max_hp_loss":0.0,"gold_gain":0.0,"event_name":"Addict","player_choice":"Obtained Relic","floor":20.0,"gold_loss":85.0,"damage_taken":0.0,"relics_obtained":["War Paint"]},{"damage_healed":0,"gold_gain":0,"player_choice":"Fight","damage_taken":0,"max_hp_gain":0,"max_hp_loss":0,"event_name":"MindBloom","floor":37,"gold_loss":0},{"cards_removed":["Darkness"],"damage_healed":0,"gold_gain":0,"player_choice":"Gave Card","damage_taken":0,"relics_obtained":["Frozen Egg 2"],"max_hp_gain":0,"max_hp_loss":0,"event_name":"WeMeetAgain","floor":38,"gold_loss":0}],"is_beta":false,"boss_relics":[{"not_picked":["Empty Cage","Snecko Eye"],"picked":"Pandora\u0027s Box"},{"not_picked":["Sozu","Nuclear Battery"],"picked":"Fusion Hammer"}],"items_purged_floors":[54],"is_endless":false,"potions_floor_spawned":[1,4,11,22,28,30,35,39,41,44,55],"ascension_level":20}