{"gold_per_floor":[115,40,53,70,70,70,95,95,95,95,121,121,184,184,184,281,281,299,318,180,194,109,109,109,109,136,136,150,164,181,191,191,290,290,301,316,330,414,427,427,459,459,459,479,509,32,65,75,75,75,75,75,13,44,44],"floor_reached":55,"playtime":3445,"items_purged":["Strike_R","Strike_R","Strike_R"],"score":1111,"play_id":"de8f43ee-7770-4caa-b89e-20b095d3811b","local_time":"20190920162410","is_ascension_mode":true,"campfire_choices":[{"data":"Body Slam","floor":6.0,"key":"SMITH"},{"data":"Battle Trance","floor":8.0,"key":"SMITH"},{"data":"1","floor":12.0,"key":"LIFT"},{"data":"2","floor":15.0,"key":"LIFT"},{"data":"Demon Form","floor":23.0,"key":"SMITH"},{"data":"3","floor":25.0,"key":"LIFT"},{"data":"Twin Strike","floor":27.0,"key":"SMITH"},{"floor":32.0,"key":"REST"},{"floor":40.0,"key":"RECALL"},{"data":"Bash","floor":42.0,"key":"SMITH"},{"data":"Shockwave","floor":49.0,"key":"SMITH"},{"data":"Shrug It Off","floor":52.0,"key":"SMITH"}],"neow_cost":"NONE","seed_source_timestamp":0,"circlet_count":0,"master_deck":["AscendersBane","Strike_R","Defend_R","Defend_R","Defend_R","Defend_R","Bash+1","Twin Strike+1","Body Slam+1","Battle Trance+1","Demon Form+1","Evolve+1","Impervious","Disarm+1","Reaper","Warcry+1","Shrug It Off+1","Shockwave+1"],"special_seed":0,"relics":["Black Blood","Happy Flower","Letter Opener","Girya","The Courier","Kunai","Anchor","Bag of Marbles","Bronze Scales","Mark of Pain","Tiny Chest","Vajra","Orichalcum","Nunchaku","Red Skull","Strawberry"],"potions_floor_usage":[55,55],"damage_taken":[{"damage":7.0,"enemies":"Jaw Worm","floor":1.0,"turns":5.0},{"damage":0.0,"enemies":"Small Slimes","floor":3.0,"turns":2.0},{"damage":2.0,"enemies":"2 Louse","floor":4.0,"turns":3.0},{"damage":43.0,"enemies":"3 Sentries","floor":7.0,"turns":11.0},{"damage":20.0,"enemies":"Lagavulin","floor":11.0,"turns":7.0},{"damage":6.0,"enemies":"Gremlin Nob","floor":13.0,"turns":3.0},{"damage":33.0,"enemies":"Hexaghost","floor":16.0,"turns":9.0},{"damage":12.0,"enemies":"2 Thieves","floor":18.0,"turns":4.0},{"damage":0.0,"enemies":"Spheric Guardian","floor":19.0,"turns":3.0},{"damage":0.0,"enemies":"Centurion and Healer","floor":21.0,"turns":6.0},{"damage":6.0,"enemies":"Snake Plant","floor":28.0,"turns":4.0},{"damage":5.0,"enemies":"3 Cultists","floor":29.0,"turns":4.0},{"damage":17.0,"enemies":"Shelled Parasite and Fungi","floor":30.0,"turns":4.0},{"damage":37.0,"enemies":"Sentry and Sphere","floor":31.0,"turns":5.0},{"damage":23.0,"enemies":"Champ","floor":33.0,"turns":8.0},{"damage":40.0,"enemies":"3 Darklings","floor":35.0,"turns":6.0},{"damage":22.0,"enemies":"3 Shapes","floor":36.0,"turns":5.0},{"damage":6.0,"enemies":"Maw","floor":37.0,"turns":6.0},{"damage":30.0,"enemies":"3 Darklings","floor":39.0,"turns":7.0},{"damage":42.0,"enemies":"Giant Head","floor":41.0,"turns":7.0},{"damage":10.0,"enemies":"4 Shapes","floor":44.0,"turns":5.0},{"damage":42.0,"enemies":"Reptomancer","floor":45.0,"turns":6.0},{"damage":10.0,"enemies":"Nemesis","floor":47.0,"turns":5.0},{"damage":29.0,"enemies":"Transient","floor":48.0,"turns":5.0},{"damage":58.0,"enemies":"Awakened One","floor":50.0,"turns":10.0},{"damage":52.0,"enemies":"Shield and Spear","floor":54.0,"turns":8.0},{"damage":130,"enemies":"The Heart","floor":55,"turns":8}],"seed_played":"-1368802270797093262","potions_obtained":[{"floor":3.0,"key":"Block Potion"},{"floor":7.0,"key":"EssenceOfSteel"},{"floor":18.0,"key":"Energy Potion"},{"floor":21.0,"key":"PowerPotion"},{"floor":31.0,"key":"GamblersBrew"},{"floor":33.0,"key":"GamblersBrew"},{"floor":41.0,"key":"PowerPotion"},{"floor":54.0,"key":"Swift Potion"}],"is_trial":false,"path_per_floor":["M","$","M","M","?","R","E","R","T","?","E","R","?","?","R","B",null,"M","M","$","M","?","R","?","R","T","R","M","M","M","M","R","B",null,"M","M","M","T","M","R","E","R","T","M","E","$","E","M","R","B",null,"R","$","E","B"],"character_chosen":"IRONCLAD","items_purchased":["Impervious","Shrug It Off","Shockwave","Nunchaku","SteroidPotion","EssenceOfSteel"],"campfire_rested":1,"item_purchase_floors":[20,46,46,46,46,53],"current_hp_per_floor":[71,71,77,80,73,73,36,36,36,62,48,48,48,41,41,14,64,62,72,72,80,80,80,80,80,80,80,80,80,73,46,70,57,74,80,78,80,80,80,80,48,48,48,80,68,68,68,70,70,47,72,72,72,65,0],"gold":44,"neow_bonus":"RANDOM_COMMON_RELIC","is_prod":false,"is_daily":false,"chose_seed":false,"campfire_upgraded":7,"win_rate":0,"timestamp":1569021850,"path_taken":["M","$","M","M","?","R","E","R","T","?","E","R","?","?","R","BOSS","M","M","$","M","?","R","?","R","T","R","M","M","?","M","R","BOSS","M","M","?","?","M","R","E","R","T","M","E","$","E","M","R","BOSS","R","$","E","BOSS"],"build_version":"2019-07-17","purchased_purges":3,"victory":false,"max_hp_per_floor":[80,80,80,80,80,80,80,80,80,80,80,80,80,80,80,80,80,80,80,80,80,80,80,80,80,80,80,80,80,80,80,80,80,80,80,80,80,80,80,80,80,80,80,80,80,80,80,80,80,80,80,80,80,87,87],"card_choices":[{"not_picked":["Uppercut","Warcry"],"picked":"Twin Strike","floor":1.0},{"not_picked":["Power Through","Thunderclap"],"picked":"Body Slam","floor":3.0},{"not_picked":["Dark Embrace","Heavy Blade","Burning Pact"],"picked":"SKIP","floor":4.0},{"not_picked":["Sword Boomerang","Havoc"],"picked":"Battle Trance","floor":7.0},{"not_picked":["Iron Wave","Dual Wield","Body Slam"],"picked":"SKIP","floor":11.0},{"not_picked":["Juggernaut","Impervious"],"picked":"Demon Form","floor":16.0},{"not_picked":["Second Wind+1","Perfected Strike+1","Reckless Charge+1"],"picked":"SKIP","floor":18.0},{"not_picked":["Intimidate","Dropkick+1"],"picked":"Evolve+1","floor":19.0},{"not_picked":["Thunderclap+1","Armaments","Sword Boomerang"],"picked":"SKIP","floor":21.0},{"not_picked":["Body Slam+1","Iron Wave+1","Sword Boomerang"],"picked":"SKIP","floor":28.0},{"not_picked":["Clash","Wild Strike+1","Corruption+1"],"picked":"SKIP","floor":29.0},{"not_picked":["Combust","Power Through"],"picked":"Disarm+1","floor":30.0},{"not_picked":["Perfected Strike","Iron Wave+1","Clash"],"picked":"SKIP","floor":31.0},{"not_picked":["Offering","Demon Form"],"picked":"Reaper","floor":33.0},{"not_picked":["Clash","Heavy Blade+1","Headbutt+1"],"picked":"SKIP","floor":35.0},{"not_picked":["Second Wind","Cleave","Infernal Blade+1"],"picked":"SKIP","floor":36.0},{"not_picked":["Feel No Pain+1","Reckless Charge","Warcry"],"picked":"SKIP","floor":37.0},{"not_picked":["Clothesline","Body Slam+1"],"picked":"Warcry+1","floor":39.0},{"not_picked":["Evolve","Blood for Blood","Wild Strike+1"],"picked":"SKIP","floor":41.0},{"not_picked":["Clash","Perfected Strike","Ghostly Armor"],"picked":"SKIP","floor":44.0},{"not_picked":["Clash","Perfected Strike","Ghostly Armor"],"picked":"SKIP","floor":44.0},{"not_picked":["Flex+1","Armaments","Exhume"],"picked":"SKIP","floor":45.0},{"not_picked":["Burning Pact","Headbutt+1","Carnage"],"picked":"SKIP","floor":47.0},{"not_picked":["Thunderclap","Clash+1","Anger"],"picked":"SKIP","floor":48.0},{"not_picked":["Whirlwind+1","Headbutt","Thunderclap+1"],"picked":"SKIP","floor":54.0}],"player_experience":219643,"relics_obtained":[{"floor":7.0,"key":"Girya"},{"floor":9.0,"key":"The Courier"},{"floor":11.0,"key":"Kunai"},{"floor":26.0,"key":"Bronze Scales"},{"floor":38.0,"key":"Tiny Chest"},{"floor":41.0,"key":"Vajra"},{"floor":45.0,"key":"Orichalcum"},{"floor":47.0,"key":"Red Skull"},{"floor":54.0,"key":"Strawberry"}],"event_choices":[{"damage_healed":0.0,"max_hp_gain":0.0,"max_hp_loss":0.0,"gold_gain":0.0,"event_name":"Scrap Ooze","player_choice":"Success","floor":5.0,"gold_loss":0.0,"damage_taken":7.0,"relics_obtained":["Letter Opener"]},{"damage_healed":26.0,"max_hp_gain":0.0,"max_hp_loss":0.0,"gold_gain":0.0,"event_name":"Big Fish","player_choice":"Banana","floor":10.0,"gold_loss":0.0,"damage_taken":0.0},{"damage_healed":0.0,"max_hp_gain":0.0,"max_hp_loss":0.0,"gold_gain":0.0,"event_name":"Dead Adventurer","player_choice":"Searched \u00273\u0027 times","floor":13.0,"gold_loss":0.0,"damage_taken":0.0,"relics_obtained":["Anchor"]},{"cards_removed":["Strike_R"],"damage_healed":0.0,"max_hp_gain":0.0,"max_hp_loss":0.0,"gold_gain":0.0,"event_name":"Golden Wing","player_choice":"Card Removal","floor":14.0,"gold_loss":0.0,"damage_taken":7.0},{"damage_healed":0.0,"max_hp_gain":0.0,"max_hp_loss":0.0,"gold_gain":0.0,"event_name":"Addict","player_choice":"Obtained Relic","floor":22.0,"gold_loss":85.0,"damage_taken":0.0,"relics_obtained":["Bag of Marbles"]},{"damage_healed":0.0,"max_hp_gain":0.0,"max_hp_loss":0.0,"gold_gain":0.0,"event_name":"The Woman in Blue","player_choice":"Bought 0 Potions","floor":24.0,"gold_loss":0.0,"damage_taken":0.0}],"is_beta":false,"boss_relics":[{"not_picked":["Fusion Hammer","White Beast Statue"],"picked":"Black Blood"},{"not_picked":["Black Star","Velvet Choker"],"picked":"Mark of Pain"}],"items_purged_floors":[2,20,46],"is_endless":false,"potions_floor_spawned":[3,7,18,21,31,33,39,41,44,48,54],"killed_by":"The Heart","ascension_level":11}