{"gold_per_floor":[116,266,286,286,286,317,337,393,393,426,426,444,444,463,463,463],"floor_reached":16,"playtime":371,"items_purged":[],"score":289,"play_id":"79ef9ab9-374e-499d-959a-b5df1ed68a20","local_time":"20190605220051","is_ascension_mode":true,"campfire_choices":[{"floor":13,"key":"REST"},{"data":"Sunder","floor":15,"key":"SMITH"}],"neow_cost":"NONE","seed_source_timestamp":98336192430744,"circlet_count":0,"master_deck":["AscendersBane","Strike_B","Strike_B","Strike_B","Defend_B","Defend_B","Defend_B","Defend_B","Zap","Dualcast","FTL","Sunder+1","Beam Cell","Cold Snap","Rebound","Leap","Barrage","Conserve Battery"],"relics":["Cracked Core","NeowsBlessing","Bottled Flame","Question Card","Tiny Chest","Bag of Preparation","Vajra","Spirit Poop"],"potions_floor_usage":[8,12,12],"damage_taken":[{"damage":0,"enemies":"Jaw Worm","floor":1,"turns":1},{"damage":0,"enemies":"2 Louse","floor":3,"turns":1},{"damage":0,"enemies":"3 Sentries","floor":6,"turns":1},{"damage":0,"enemies":"Cultist","floor":7,"turns":2},{"damage":25,"enemies":"Lagavulin","floor":8,"turns":5},{"damage":32,"enemies":"3 Sentries","floor":10,"turns":8},{"damage":3,"enemies":"Exordium Thugs","floor":12,"turns":2},{"damage":0,"enemies":"3 Louse","floor":14,"turns":2},{"damage":25,"enemies":"Hexaghost","floor":16,"turns":9}],"seed_played":"5182808150479124672","potions_obtained":[{"floor":3,"key":"Block Potion"},{"floor":6,"key":"EssenceOfSteel"},{"floor":10,"key":"FocusPotion"}],"is_trial":false,"path_per_floor":["M","?","M","?","T","E","M","E","T","E","?","M","R","M","R","B"],"character_chosen":"DEFECT","items_purchased":[],"campfire_rested":1,"item_purchase_floors":[],"current_hp_per_floor":[64,64,64,64,64,64,64,39,39,7,7,4,25,25,25,0],"gold":463,"neow_bonus":"THREE_ENEMY_KILL","is_prod":false,"is_daily":false,"chose_seed":false,"campfire_upgraded":1,"win_rate":0,"timestamp":1559764851,"path_taken":["M","?","M","?","?","E","?","E","T","E","?","M","R","M","R","BOSS"],"build_version":"2019-01-23","purchased_purges":0,"victory":false,"max_hp_per_floor":[71,71,71,71,71,71,71,71,71,71,71,71,71,71,71,71],"card_choices":[{"not_picked":["Steam","Redo"],"picked":"FTL","floor":1},{"not_picked":["Double Energy","BootSequence","Recycle"],"picked":"SKIP","floor":3},{"not_picked":["Sunder","Recycle"],"picked":"Beam Cell","floor":6},{"not_picked":["Gash","Force Field","Static Discharge"],"picked":"Cold Snap","floor":7},{"not_picked":["Reprogram","BootSequence","Chill"],"picked":"Rebound","floor":8},{"not_picked":["Barrage","Redo","Tempest"],"picked":"Leap","floor":10},{"not_picked":["Force Field","Auto Shields","Heatsinks"],"picked":"Barrage","floor":12},{"not_picked":["Fusion","Genetic Algorithm","Force Field"],"picked":"Conserve Battery","floor":14}],"player_experience":823911,"relics_obtained":[{"floor":5,"key":"Bottled Flame"},{"floor":6,"key":"Question Card"},{"floor":8,"key":"Tiny Chest"},{"floor":9,"key":"Bag of Preparation"},{"floor":10,"key":"Vajra"}],"event_choices":[{"damage_healed":0,"gold_gain":150,"player_choice":"AGREE","damage_taken":0,"max_hp_gain":0,"max_hp_loss":0,"event_name":"Liars Game","floor":2,"gold_loss":0,"cards_obtained":["Doubt"]},{"damage_healed":0,"gold_gain":0,"cards_transformed":["Strike_B"],"player_choice":"Change","damage_taken":0,"max_hp_gain":0,"max_hp_loss":0,"event_name":"Living Wall","floor":4,"gold_loss":0,"cards_obtained":["Sunder"]},{"cards_removed":["Doubt"],"damage_healed":0,"gold_gain":0,"player_choice":"Offered Curse","damage_taken":0,"relics_obtained":["Spirit Poop"],"max_hp_gain":0,"max_hp_loss":0,"event_name":"Bonfire Elementals","floor":11,"gold_loss":0}],"is_beta":false,"boss_relics":[],"items_purged_floors":[],"is_endless":false,"potions_floor_spawned":[3,6,7,10],"killed_by":"Hexaghost","ascension_level":20}