{"gold_per_floor":[110,123,136,136,211,211,96,96,96,112,12,40,40,53,53,155,155,170,85,97,129,159,171,214,226,238,268,108,135,60,60,60,165,165,176,176,26,26,43,43,43,43,43,56,71,89,89,89,89,89],"floor_reached":50,"playtime":2184,"items_purged":["Strike_R","Strike_R","Strike_R","Bash"],"score":765,"play_id":"42060f48-82b0-434c-a1f0-54f2386358e5","local_time":"20190921103056","is_ascension_mode":true,"campfire_choices":[{"data":"Uppercut","floor":6.0,"key":"SMITH"},{"data":"Inflame","floor":8.0,"key":"SMITH"},{"data":"Cleave","floor":13.0,"key":"SMITH"},{"data":"Rampage","floor":15.0,"key":"SMITH"},{"data":"Demon Form","floor":23.0,"key":"SMITH"},{"data":"Feel No Pain","floor":25.0,"key":"SMITH"},{"floor":32.0,"key":"REST"},{"data":"Shrug It Off","floor":40.0,"key":"SMITH"},{"data":"Defend_R","floor":42.0,"key":"SMITH"},{"floor":47.0,"key":"REST"},{"floor":49.0,"key":"REST"}],"neow_cost":"NONE","seed_source_timestamp":513628901201044,"circlet_count":0,"master_deck":["AscendersBane","Defend_R","Defend_R+1","Defend_R+1","Defend_R+1","Uppercut+1","Cleave+1","Rampage+1","Demon Form+1","Feel No Pain+1","Shrug It Off+1","Shrug It Off+1"],"special_seed":0,"relics":["Black Blood","Mercury Hourglass","Gremlin Horn","Cursed Key","MawBank","Dream Catcher","Dodecahedron","Girya"],"potions_floor_usage":[50,50],"damage_taken":[{"damage":10.0,"enemies":"Cultist","floor":1.0,"turns":5.0},{"damage":3.0,"enemies":"2 Louse","floor":2.0,"turns":3.0},{"damage":8.0,"enemies":"Small Slimes","floor":3.0,"turns":4.0},{"damage":2.0,"enemies":"2 Fungi Beasts","floor":10.0,"turns":4.0},{"damage":24.0,"enemies":"Gremlin Nob","floor":12.0,"turns":4.0},{"damage":14.0,"enemies":"Red Slaver","floor":14.0,"turns":8.0},{"damage":23.0,"enemies":"The Guardian","floor":16.0,"turns":10.0},{"damage":25.0,"enemies":"2 Thieves","floor":18.0,"turns":4.0},{"damage":13.0,"enemies":"3 Byrds","floor":21.0,"turns":4.0},{"damage":8.0,"enemies":"Snecko","floor":22.0,"turns":5.0},{"damage":15.0,"enemies":"Gremlin Leader","floor":24.0,"turns":4.0},{"damage":0.0,"enemies":"Chosen and Byrds","floor":27.0,"turns":6.0},{"damage":48.0,"enemies":"Book of Stabbing","floor":29.0,"turns":7.0},{"damage":49.0,"enemies":"Collector","floor":33.0,"turns":8.0},{"damage":10.0,"enemies":"3 Shapes","floor":35.0,"turns":6.0},{"damage":19.0,"enemies":"3 Darklings","floor":39.0,"turns":6.0},{"damage":17.0,"enemies":"Maw","floor":44.0,"turns":7.0},{"damage":9.0,"enemies":"4 Shapes","floor":45.0,"turns":9.0},{"damage":38.0,"enemies":"3 Darklings","floor":46.0,"turns":6.0},{"damage":72,"enemies":"Time Eater","floor":50,"turns":11}],"seed_played":"5941987394604717205","potions_obtained":[{"floor":1.0,"key":"Fire Potion"},{"floor":10.0,"key":"Regen Potion"},{"floor":12.0,"key":"Regen Potion"},{"floor":14.0,"key":"Explosive Potion"},{"floor":21.0,"key":"PowerPotion"},{"floor":27.0,"key":"FearPotion"},{"floor":35.0,"key":"Fire Potion"},{"floor":39.0,"key":"Strength Potion"},{"floor":44.0,"key":"Energy Potion"}],"is_trial":false,"path_per_floor":["M","M","M","?","?","R","$","R","T","M","$","E","R","M","R","B",null,"M","?","?","M","M","R","E","R","T","M","$","E","?","$","R","B",null,"M","?","$","?","M","R","$","R","T","M","M","M","R","?","R","B"],"character_chosen":"IRONCLAD","items_purchased":["Inflame","Shrug It Off"],"campfire_rested":3,"item_purchase_floors":[7,28],"current_hp_per_floor":[68,71,69,53,42,42,42,42,42,46,46,28,28,69,69,52,73,54,54,80,73,71,71,62,62,62,68,68,26,26,26,50,7,62,62,62,62,62,53,53,53,53,53,46,47,19,43,43,67,0],"gold":89,"neow_bonus":"REMOVE_CARD","is_prod":false,"is_daily":false,"chose_seed":false,"campfire_upgraded":8,"win_rate":0,"timestamp":1569087056,"path_taken":["M","M","?","?","?","R","$","R","T","M","$","E","R","M","R","BOSS","M","?","?","M","M","R","E","R","T","?","$","E","?","$","R","BOSS","M","?","$","?","?","R","$","R","T","M","M","M","R","?","R","BOSS"],"build_version":"2019-07-17","purchased_purges":4,"victory":false,"max_hp_per_floor":[80,80,80,80,80,80,80,80,80,80,80,80,80,80,80,80,80,80,80,80,80,80,80,80,80,80,80,80,80,80,80,80,80,80,80,80,80,80,80,80,80,80,80,80,80,80,80,80,80,80],"card_choices":[{"not_picked":["Blood for Blood","Clothesline"],"picked":"Uppercut","floor":1.0},{"not_picked":["Clothesline","Fire Breathing"],"picked":"Cleave","floor":2.0},{"not_picked":["Feel No Pain","Havoc","Power Through"],"picked":"SKIP","floor":3.0},{"not_picked":["Fire Breathing","Havoc","Armaments"],"picked":"SKIP","floor":10.0},{"not_picked":["Clash","Combust","Immolate"],"picked":"SKIP","floor":12.0},{"not_picked":["Metallicize","Warcry"],"picked":"Rampage","floor":14.0},{"not_picked":["Berserk","Impervious"],"picked":"Demon Form","floor":16.0},{"not_picked":["Twin Strike","Hemokinesis","Sword Boomerang+1"],"picked":"SKIP","floor":18.0},{"not_picked":["Rupture","Armaments","Thunderclap"],"picked":"SKIP","floor":21.0},{"not_picked":["Hemokinesis","Whirlwind","Armaments"],"picked":"SKIP","floor":22.0},{"not_picked":["Flex","Warcry"],"picked":"Feel No Pain","floor":24.0},{"not_picked":["Armaments","Sword Boomerang","Clothesline"],"picked":"SKIP","floor":27.0},{"not_picked":["Flex","Cleave","Ghostly Armor"],"picked":"SKIP","floor":29.0},{"not_picked":["Metallicize","Searing Blow","Warcry"],"picked":"SKIP","floor":35.0},{"not_picked":["Thunderclap","Metallicize+1","Dropkick"],"picked":"SKIP","floor":39.0},{"not_picked":["Armaments","Whirlwind"],"picked":"Shrug It Off+1","floor":44.0},{"not_picked":["Cleave","Anger","Warcry"],"picked":"SKIP","floor":45.0},{"not_picked":["Armaments+1","Reckless Charge","Wild Strike"],"picked":"SKIP","floor":46.0}],"player_experience":223088,"relics_obtained":[{"floor":9.0,"key":"Mercury Hourglass"},{"floor":12.0,"key":"Gremlin Horn"},{"floor":24.0,"key":"Dream Catcher"},{"floor":29.0,"key":"Dodecahedron"},{"floor":38.0,"key":"Girya"}],"event_choices":[{"damage_healed":0.0,"max_hp_gain":0.0,"max_hp_loss":0.0,"gold_gain":0.0,"event_name":"Shining Light","player_choice":"Entered Light","floor":4.0,"gold_loss":0.0,"damage_taken":16.0,"cards_upgraded":["Defend_R","Defend_R"]},{"damage_healed":0.0,"max_hp_gain":0.0,"max_hp_loss":0.0,"gold_gain":75.0,"event_name":"World of Goop","player_choice":"Gather Gold","floor":5.0,"gold_loss":0.0,"damage_taken":11.0},{"damage_healed":0.0,"max_hp_gain":0.0,"max_hp_loss":0.0,"gold_gain":0.0,"event_name":"Addict","player_choice":"Obtained Relic","floor":19.0,"gold_loss":85.0,"damage_taken":0.0,"relics_obtained":["MawBank"]},{"cards_removed":["Inflame"],"damage_healed":26.0,"max_hp_gain":0.0,"max_hp_loss":0.0,"gold_gain":0.0,"event_name":"Bonfire Elementals","player_choice":"Offered Uncommon","floor":20.0,"gold_loss":0.0,"damage_taken":0.0},{"cards_removed":["Strike_R"],"damage_healed":0.0,"max_hp_gain":0.0,"max_hp_loss":0.0,"gold_gain":0.0,"event_name":"Beggar","player_choice":"Gave Gold","floor":30.0,"gold_loss":75.0,"damage_taken":0.0},{"damage_healed":0.0,"max_hp_gain":0.0,"max_hp_loss":0.0,"gold_gain":0.0,"event_name":"Tomb of Lord Red Mask","player_choice":"Ignored","floor":36.0,"gold_loss":0.0,"damage_taken":0.0},{"damage_healed":0.0,"max_hp_gain":0.0,"max_hp_loss":0.0,"gold_gain":0.0,"event_name":"Wheel of Change","player_choice":"Relic","floor":38.0,"gold_loss":0.0,"damage_taken":0.0},{"damage_healed":0.0,"max_hp_gain":0.0,"max_hp_loss":0.0,"gold_gain":0.0,"event_name":"Mysterious Sphere","player_choice":"Ignored","floor":48.0,"gold_loss":0.0,"damage_taken":0.0}],"is_beta":false,"boss_relics":[{"not_picked":["Snecko Eye","Empty Cage"],"picked":"Cursed Key"},{"not_picked":["White Beast Statue","Pandora\u0027s Box"],"picked":"Black Blood"}],"items_purged_floors":[7,11,28,37],"is_endless":false,"potions_floor_spawned":[1,10,12,14,21,27,35,39,44,46],"killed_by":"Time Eater","ascension_level":12}