{"gold_per_floor":[116,266,282,301,301,301,312,312,362,362,424,424,424,443,443,515,515,534,534,291,291],"floor_reached":21,"playtime":752,"items_purged":["Defend_G"],"score":301,"play_id":"514133af-5c53-4223-8d27-dfad2b393351","local_time":"20190618014207","is_ascension_mode":true,"campfire_choices":[{"data":"Neutralize","floor":6,"key":"SMITH"},{"floor":8,"key":"REST"},{"data":"Storm of Steel","floor":12,"key":"SMITH"},{"data":"Catalyst","floor":15,"key":"SMITH"}],"neow_cost":"NONE","seed_source_timestamp":5264251804900,"circlet_count":0,"master_deck":["AscendersBane","Defend_G","Defend_G","Defend_G","Defend_G","Strike_G+1","Survivor","Neutralize+1","Corpse Explosion","Deflect","Finisher+1","Poisoned Stab","Dagger Spray","Storm of Steel+1","Catalyst+1","Burst","Flying Knee+1","Well Laid Plans","Skewer"],"relics":["Ring of the Snake","Juzu Bracelet","Oddly Smooth Stone","Empty Cage","Orichalcum"],"potions_floor_usage":[7,14,21],"damage_taken":[{"damage":0,"enemies":"2 Louse","floor":1,"turns":4},{"damage":4,"enemies":"Small Slimes","floor":3,"turns":4},{"damage":2,"enemies":"Jaw Worm","floor":4,"turns":5},{"damage":16,"enemies":"Large Slime","floor":7,"turns":8},{"damage":17,"enemies":"Gremlin Nob","floor":11,"turns":4},{"damage":0,"enemies":"Blue Slaver","floor":14,"turns":1},{"damage":13,"enemies":"The Guardian","floor":16,"turns":10},{"damage":55,"enemies":"Spheric Guardian","floor":18,"turns":10},{"damage":6,"enemies":"Chosen","floor":21,"turns":4}],"seed_played":"203372581139624406","potions_obtained":[{"floor":3,"key":"PowerPotion"},{"floor":7,"key":"Fire Potion"},{"floor":18,"key":"Swift Potion"}],"is_trial":false,"path_per_floor":["M","?","M","M","?","R","M","R","T","?","?","R","?","M","R","B",null,"M","?","$","M"],"character_chosen":"THE_SILENT","items_purchased":["Orichalcum"],"campfire_rested":1,"item_purchase_floors":[20],"current_hp_per_floor":[59,59,55,53,33,33,17,36,36,36,19,19,41,41,41,28,57,2,2,2,0],"gold":291,"neow_bonus":"ONE_RANDOM_RARE_CARD","is_prod":false,"is_daily":false,"chose_seed":false,"campfire_upgraded":3,"win_rate":0,"timestamp":1560814927,"path_taken":["M","?","M","M","?","R","M","R","T","?","?","R","?","M","R","BOSS","M","?","$","M"],"build_version":"2019-01-23","purchased_purges":1,"victory":false,"max_hp_per_floor":[66,66,66,66,66,66,66,66,66,66,66,66,66,66,66,66,66,66,66,66,66],"card_choices":[{"not_picked":["Underhanded Strike","Dodge and Roll"],"picked":"Deflect","floor":1},{"not_picked":["Acrobatics","Concentrate"],"picked":"Finisher","floor":3},{"not_picked":["Dagger Throw","Expertise"],"picked":"Poisoned Stab","floor":4},{"not_picked":["Sucker Punch","Acrobatics"],"picked":"Dagger Spray","floor":7},{"not_picked":["Finisher","Escape Plan"],"picked":"Storm of Steel","floor":11},{"not_picked":["Endless Agony","Riddle With Holes"],"picked":"Catalyst","floor":14},{"not_picked":["Die Die Die","Grand Finale"],"picked":"Burst","floor":16},{"not_picked":["Quick Slash","Heel Hook+1"],"picked":"Flying Knee+1","floor":18}],"player_experience":1407077,"relics_obtained":[{"floor":9,"key":"Juzu Bracelet"},{"floor":11,"key":"Oddly Smooth Stone"}],"event_choices":[{"damage_healed":0,"gold_gain":150,"player_choice":"AGREE","damage_taken":0,"max_hp_gain":0,"max_hp_loss":0,"event_name":"Liars Game","floor":2,"gold_loss":0,"cards_obtained":["Doubt"]},{"damage_healed":0,"gold_gain":0,"player_choice":"Entered Light","damage_taken":20,"max_hp_gain":0,"max_hp_loss":0,"event_name":"Shining Light","floor":5,"gold_loss":0,"cards_upgraded":["Strike_G","Finisher"]},{"cards_removed":["Doubt"],"damage_healed":0,"gold_gain":0,"player_choice":"Forget","damage_taken":0,"max_hp_gain":0,"max_hp_loss":0,"event_name":"Living Wall","floor":10,"gold_loss":0},{"damage_healed":0,"gold_gain":0,"player_choice":"Searched \u00271\u0027 times","damage_taken":0,"max_hp_gain":0,"max_hp_loss":0,"event_name":"Dead Adventurer","floor":11,"gold_loss":0},{"damage_healed":22,"gold_gain":0,"player_choice":"Banana","damage_taken":0,"max_hp_gain":0,"max_hp_loss":0,"event_name":"Big Fish","floor":13,"gold_loss":0},{"damage_healed":0,"gold_gain":0,"cards_transformed":["Strike_G","Strike_G"],"player_choice":"Became Test Subject","damage_taken":0,"max_hp_gain":0,"max_hp_loss":0,"event_name":"Drug Dealer","floor":19,"gold_loss":0,"cards_obtained":["Well Laid Plans","Skewer"]}],"is_beta":false,"boss_relics":[{"not_picked":["White Beast Statue","Black Star"],"picked":"Empty Cage"}],"items_purged_floors":[20],"is_endless":false,"potions_floor_spawned":[3,7,18],"killed_by":"Chosen","ascension_level":16}