{"gold_per_floor":[20,30,50,68,68,68,98,98,98,98,98,98,112,25,25,102,102,121,135,152,152,152],"floor_reached":22,"playtime":606,"items_purged":[],"score":369,"play_id":"33cf44e0-599b-4c7d-85d9-c934446f1f82","local_time":"20190724203519","is_ascension_mode":true,"campfire_choices":[{"data":"Zap","floor":6,"key":"SMITH"},{"data":"Fission","floor":8,"key":"SMITH"},{"data":"Ball Lightning","floor":10,"key":"SMITH"},{"data":"Defragment","floor":15,"key":"SMITH"}],"neow_cost":"NO_GOLD","seed_source_timestamp":76416241649800,"circlet_count":0,"master_deck":["AscendersBane","Defend_B","Defend_B","Defend_B","Defend_B","Zap+1","Dualcast","Fission+1","Self Repair","Melter","Cold Snap","Sweeping Beam","Ball Lightning+1","Parasite","Defragment+1","Static Discharge","Leap","Reinforced Body","Core Surge","Sunder+1","Consume+1","Chaos","Hologram","Compile Driver","Defragment","Bite","Bite","Bite","Bite","Bite"],"relics":["Cracked Core","Emotion Chip","Prayer Wheel","Inserter"],"potions_floor_usage":[3,7,18,20],"damage_taken":[{"damage":0,"enemies":"Cultist","floor":1,"turns":3},{"damage":5,"enemies":"2 Louse","floor":2,"turns":4},{"damage":14,"enemies":"Small Slimes","floor":3,"turns":3},{"damage":7,"enemies":"Blue Slaver","floor":4,"turns":4},{"damage":46,"enemies":"Gremlin Nob","floor":7,"turns":5},{"damage":0,"enemies":"3 Louse","floor":13,"turns":2},{"damage":17,"enemies":"Slime Boss","floor":16,"turns":8},{"damage":31,"enemies":"Shell Parasite","floor":18,"turns":3},{"damage":18,"enemies":"2 Thieves","floor":19,"turns":4},{"damage":22,"enemies":"Snake Plant","floor":20,"turns":3},{"damage":32,"enemies":"Chosen and Byrds","floor":22,"turns":3}],"seed_played":"-5653029643469129142","potions_obtained":[{"floor":1,"key":"SneckoOil"},{"floor":4,"key":"SteroidPotion"},{"floor":16,"key":"AttackPotion"},{"floor":19,"key":"FearPotion"}],"is_trial":false,"path_per_floor":["M","M","M","M","$","R","E","R","T","R","?","?","M","$","R","B",null,"M","M","M","?","M"],"character_chosen":"DEFECT","items_purchased":["Leap","Reinforced Body"],"campfire_rested":0,"item_purchase_floors":[14,14],"current_hp_per_floor":[64,66,59,59,59,59,20,20,20,20,37,60,67,67,67,57,68,44,33,18,18,0],"gold":152,"neow_bonus":"THREE_RARE_CARDS","is_prod":false,"is_daily":false,"chose_seed":false,"campfire_upgraded":4,"win_rate":0,"timestamp":1563993319,"path_taken":["M","M","?","M","$","R","E","R","T","R","?","?","M","$","R","BOSS","M","M","M","?","M"],"build_version":"2019-07-17","purchased_purges":0,"victory":false,"max_hp_per_floor":[71,71,71,71,71,71,71,71,71,71,71,71,71,71,71,71,71,71,71,71,49,49],"card_choices":[{"not_picked":["Machine Learning","Meteor Strike"],"picked":"Fission","floor":0},{"not_picked":["Beam Cell","Sweeping Beam"],"picked":"Self Repair","floor":1},{"not_picked":["Tempest","Blizzard"],"picked":"Melter","floor":2},{"not_picked":["Melter","Darkness"],"picked":"Cold Snap","floor":3},{"not_picked":["Melter","Doom and Gloom"],"picked":"Sweeping Beam","floor":4},{"not_picked":["Cold Snap","Streamline"],"picked":"Ball Lightning","floor":7},{"not_picked":["Blizzard","Beam Cell"],"picked":"Defragment","floor":13},{"not_picked":["Turbo","Cold Snap"],"picked":"Static Discharge","floor":13},{"not_picked":["Machine Learning","Reboot"],"picked":"Core Surge","floor":16},{"not_picked":["BootSequence","Ball Lightning"],"picked":"Sunder+1","floor":18},{"not_picked":["Streamline","Stack"],"picked":"Consume+1","floor":18},{"not_picked":["Stack","Double Energy"],"picked":"Chaos","floor":19},{"not_picked":["Sweeping Beam","Coolheaded"],"picked":"Hologram","floor":19},{"not_picked":["Heatsinks","Recycle+1"],"picked":"Compile Driver","floor":20},{"not_picked":["Gash","Stack"],"picked":"Defragment","floor":20}],"player_experience":1747322,"relics_obtained":[{"floor":7,"key":"Emotion Chip"},{"floor":9,"key":"Prayer Wheel"}],"event_choices":[{"damage_healed":17,"gold_gain":0,"player_choice":"Healed and dodged fight","damage_taken":0,"max_hp_gain":0,"max_hp_loss":0,"event_name":"Mushrooms","floor":11,"gold_loss":0,"cards_obtained":["Parasite"]},{"damage_healed":23,"gold_gain":0,"player_choice":"Banana","damage_taken":0,"max_hp_gain":0,"max_hp_loss":0,"event_name":"Big Fish","floor":12,"gold_loss":0},{"damage_healed":0,"gold_gain":0,"player_choice":"Became a vampire","damage_taken":0,"max_hp_gain":0,"max_hp_loss":22,"event_name":"Vampires","floor":21,"gold_loss":0,"cards_obtained":["Bite","Bite","Bite","Bite","Bite"]}],"is_beta":false,"boss_relics":[{"not_picked":["Orrery","Runic Pyramid"],"picked":"Inserter"}],"items_purged_floors":[],"is_endless":false,"potions_floor_spawned":[1,4,16,19],"killed_by":"Chosen and Byrds","ascension_level":17}