{"gold_per_floor":[109,109,109,127,127,127,160,160,160,160,179,3,38,57,57,136,136,149,149,149],"floor_reached":20,"playtime":653,"items_purged":[],"score":333,"play_id":"30d33709-cc94-4913-98bc-e9328478c928","local_time":"20190630085736","is_ascension_mode":true,"campfire_choices":[{"data":"Bash","floor":6,"key":"SMITH"},{"data":"Uppercut","floor":8,"key":"SMITH"},{"data":"Anger","floor":10,"key":"SMITH"},{"floor":15,"key":"REST"}],"neow_cost":"PERCENT_DAMAGE","seed_source_timestamp":1068320917251000,"circlet_count":0,"master_deck":["AscendersBane","Strike_R","Strike_R","Strike_R","Strike_R","Strike_R","Defend_R","Defend_R+1","Defend_R","Defend_R+1","Bash+1","Anger+1","Uppercut+1","Anger","Bludgeon","Heavy Blade","Barricade","Limit Break","Armaments"],"relics":["Burning Blood","Ginger","Pen Nib","The Courier","War Paint","Gremlin Horn","Smiling Mask","Mark of Pain"],"potions_floor_usage":[7,13,13,13,16,19],"damage_taken":[{"damage":14,"enemies":"Jaw Worm","floor":1,"turns":4},{"damage":4,"enemies":"2 Louse","floor":4,"turns":3},{"damage":45,"enemies":"3 Sentries","floor":7,"turns":9},{"damage":7,"enemies":"Small Slimes","floor":11,"turns":2},{"damage":7,"enemies":"Lagavulin","floor":13,"turns":3},{"damage":14,"enemies":"Red Slaver","floor":14,"turns":2},{"damage":16,"enemies":"Slime Boss","floor":16,"turns":10},{"damage":17,"enemies":"2 Thieves","floor":18,"turns":4},{"damage":35,"enemies":"Colosseum Slavers","floor":19,"turns":4},{"damage":42,"enemies":"Shell Parasite","floor":20,"turns":4}],"seed_played":"1209420630828479844","potions_obtained":[{"floor":4,"key":"Regen Potion"},{"floor":7,"key":"SkillPotion"},{"floor":13,"key":"Fruit Juice"},{"floor":14,"key":"Dexterity Potion"},{"floor":18,"key":"Dexterity Potion"}],"is_trial":false,"path_per_floor":["M","?","?","M","?","R","E","R","T","R","M","$","E","M","R","B",null,"M","?","M"],"character_chosen":"IRONCLAD","items_purchased":["Bludgeon","PowerPotion"],"campfire_rested":1,"item_purchase_floors":[12,12],"current_hp_per_floor":[42,67,41,43,43,43,19,19,19,19,18,18,22,14,38,28,67,56,27,0],"gold":149,"neow_bonus":"ONE_RARE_RELIC","is_prod":false,"is_daily":false,"chose_seed":false,"campfire_upgraded":3,"win_rate":0,"timestamp":1561877856,"path_taken":["M","?","?","M","?","R","E","R","T","R","?","$","E","M","R","BOSS","M","?","M"],"build_version":"2019-01-23","purchased_purges":0,"victory":false,"max_hp_per_floor":[75,75,75,75,75,75,75,75,75,75,75,75,80,80,80,80,80,80,80,80],"card_choices":[{"not_picked":["Shrug It Off","True Grit"],"picked":"Anger","floor":1},{"not_picked":["Rupture","Perfected Strike"],"picked":"Thunderclap","floor":4},{"not_picked":["Corruption","Twin Strike"],"picked":"Uppercut","floor":7},{"not_picked":["Blood for Blood","Headbutt"],"picked":"Anger","floor":11},{"not_picked":["Entrench","Wild Strike"],"picked":"Heavy Blade","floor":13},{"not_picked":["Second Wind","Whirlwind"],"picked":"Barricade","floor":14},{"not_picked":["Brutality","Reaper"],"picked":"Limit Break","floor":16},{"not_picked":["Perfected Strike+1","Shrug It Off"],"picked":"Armaments","floor":18}],"player_experience":1520341,"relics_obtained":[{"floor":7,"key":"War Paint"},{"floor":9,"key":"Gremlin Horn"},{"floor":13,"key":"Smiling Mask"}],"event_choices":[{"damage_healed":25,"gold_gain":0,"player_choice":"Banana","damage_taken":0,"max_hp_gain":0,"max_hp_loss":0,"event_name":"Big Fish","floor":2,"gold_loss":0},{"damage_healed":0,"gold_gain":0,"player_choice":"Success","damage_taken":26,"relics_obtained":["Pen Nib"],"max_hp_gain":0,"max_hp_loss":0,"event_name":"Scrap Ooze","floor":3,"gold_loss":0},{"cards_removed":["Thunderclap"],"damage_healed":0,"gold_gain":0,"player_choice":"Gave Card","damage_taken":0,"relics_obtained":["The Courier"],"max_hp_gain":0,"max_hp_loss":0,"event_name":"WeMeetAgain","floor":5,"gold_loss":0},{"damage_healed":0,"gold_gain":0,"player_choice":"Fight","damage_taken":0,"max_hp_gain":0,"max_hp_loss":0,"event_name":"Colosseum","floor":19,"gold_loss":0},{"damage_healed":0,"gold_gain":0,"player_choice":"Fled From Nobs","damage_taken":0,"max_hp_gain":0,"max_hp_loss":0,"event_name":"Colosseum","floor":19,"gold_loss":0}],"is_beta":false,"boss_relics":[{"not_picked":["Tiny House","Lizard Tail"],"picked":"Mark of Pain"}],"items_purged_floors":[],"is_endless":false,"potions_floor_spawned":[4,7,13,14,18],"killed_by":"Shell Parasite","ascension_level":17}