{"gold_per_floor":[118,135,135,150,167,167,194,194,220,220,232,243,263,320,320,397,397,411,0,12,12,12,12],"floor_reached":23,"playtime":851,"items_purged":["Strike_B"],"score":347,"play_id":"66fd91b9-9ca4-4945-ba63-12f7ba45e3c9","local_time":"20190616222246","is_ascension_mode":true,"campfire_choices":[{"data":"Ball Lightning","floor":6.0,"key":"SMITH"},{"data":"Conserve Battery","floor":8.0,"key":"SMITH"},{"data":"Leap","floor":10.0,"key":"SMITH"},{"data":"Meteor Strike","floor":15.0,"key":"SMITH"}],"neow_cost":"NONE","seed_source_timestamp":0,"circlet_count":0,"master_deck":["AscendersBane","Strike_B","Strike_B","Strike_B","Defend_B","Defend_B","Defend_B","Defend_B","Zap+1","Dualcast","Leap+1","Conserve Battery+1","Ball Lightning+1","Auto Shields","Leap","Coolheaded","Meteor Strike+1","Sweeping Beam","Hologram","Creative AI","Blizzard+1","Sunder","Redo"],"special_seed":0,"relics":["Cracked Core","Vajra","Smiling Mask","Boot","Nuclear Battery","Kunai"],"potions_floor_usage":[],"damage_taken":[{"damage":2.0,"enemies":"Jaw Worm","floor":1.0,"turns":3.0},{"damage":5.0,"enemies":"Cultist","floor":2.0,"turns":4.0},{"damage":1.0,"enemies":"2 Louse","floor":4.0,"turns":3.0},{"damage":3.0,"enemies":"Large Slime","floor":5.0,"turns":6.0},{"damage":20.0,"enemies":"Gremlin Nob","floor":7.0,"turns":4.0},{"damage":0.0,"enemies":"2 Fungi Beasts","floor":11.0,"turns":3.0},{"damage":10.0,"enemies":"Lots of Slimes","floor":12.0,"turns":5.0},{"damage":0.0,"enemies":"Looter","floor":13.0,"turns":2.0},{"damage":1.0,"enemies":"3 Sentries","floor":14.0,"turns":5.0},{"damage":14.0,"enemies":"Hexaghost","floor":16.0,"turns":16.0},{"damage":18.0,"enemies":"Shell Parasite","floor":18.0,"turns":9.0},{"damage":17.0,"enemies":"Spheric Guardian","floor":20.0,"turns":5.0},{"damage":13,"enemies":"Slavers","floor":23,"turns":1}],"seed_played":"-8030484243197103387","potions_obtained":[{"floor":11.0,"key":"Energy Potion"},{"floor":12.0,"key":"Block Potion"},{"floor":13.0,"key":"SteroidPotion"},{"floor":14.0,"key":"Explosive Potion"},{"floor":18.0,"key":"SkillPotion"},{"floor":20.0,"key":"LiquidBronze"}],"is_trial":false,"path_per_floor":["M","M","?","M","M","R","E","R","T","R","M","M","M","?","R","B",null,"M","$","M","$","?","E"],"character_chosen":"DEFECT","items_purchased":["Kunai","Sunder"],"campfire_rested":0,"item_purchase_floors":[19,19],"current_hp_per_floor":[69,64,64,63,60,60,40,40,40,40,40,30,30,29,29,15,62,44,44,27,27,5,0],"gold":12,"neow_bonus":"TEN_PERCENT_HP_BONUS","is_prod":false,"is_daily":false,"chose_seed":false,"campfire_upgraded":4,"win_rate":0,"timestamp":1560716566,"path_taken":["M","M","?","M","M","R","E","R","T","R","M","?","M","?","R","BOSS","M","$","M","$","?","E"],"build_version":"2019-01-23","purchased_purges":1,"victory":false,"max_hp_per_floor":[78,78,78,78,78,78,78,78,78,78,78,78,78,78,78,78,78,78,78,78,78,83,83],"card_choices":[{"not_picked":["Turbo","Redo"],"picked":"Leap","floor":1.0},{"not_picked":["Blizzard","Consume"],"picked":"Conserve Battery","floor":2.0},{"not_picked":["Cold Snap","Streamline"],"picked":"Ball Lightning","floor":4.0},{"not_picked":["Coolheaded","Conserve Battery"],"picked":"Auto Shields","floor":5.0},{"not_picked":["Heatsinks","Rebound"],"picked":"Leap","floor":7.0},{"not_picked":["Darkness","Scrape"],"picked":"Coolheaded","floor":11.0},{"not_picked":["Hello World","Streamline"],"picked":"Meteor Strike","floor":12.0},{"not_picked":["Barrage","Cold Snap"],"picked":"Sweeping Beam","floor":13.0},{"not_picked":["Redo","Steam"],"picked":"Hologram","floor":14.0},{"not_picked":["Electrodynamics","Core Surge"],"picked":"Creative AI","floor":16.0},{"not_picked":["Cold Snap","Leap"],"picked":"Blizzard+1","floor":18.0},{"not_picked":["Sweeping Beam+1","Go for the Eyes"],"picked":"Redo","floor":20.0}],"player_experience":1373315,"relics_obtained":[{"floor":7.0,"key":"Vajra"},{"floor":9.0,"key":"Smiling Mask"}],"event_choices":[{"damage_healed":0.0,"max_hp_gain":0.0,"max_hp_loss":0.0,"gold_gain":0.0,"event_name":"Upgrade Shrine","player_choice":"Upgraded","floor":3.0,"gold_loss":0.0,"damage_taken":0.0,"cards_upgraded":["Zap"]},{"damage_healed":0.0,"max_hp_gain":0.0,"max_hp_loss":0.0,"gold_gain":0.0,"event_name":"Dead Adventurer","player_choice":"Searched \u00273\u0027 times","floor":14.0,"gold_loss":0.0,"damage_taken":0.0,"relics_obtained":["Boot"]},{"damage_healed":0,"gold_gain":0,"player_choice":"Shed Blood","damage_taken":27,"max_hp_gain":5,"max_hp_loss":0,"event_name":"Forgotten Altar","floor":22,"gold_loss":0}],"is_beta":false,"boss_relics":[{"not_picked":["Runic Pyramid","Busted Crown"],"picked":"Nuclear Battery"}],"items_purged_floors":[19],"is_endless":false,"potions_floor_spawned":[11,12,13,14,18,20],"killed_by":"Slavers","ascension_level":16}