{"gold_per_floor":[116,129,129,129,148,148,177,177,256,129,129,160,160,110,110,209,209,229,329,347,367,466,466,482,119,144,179,129,129,163,178,178,281,281,300,300,13,27,27,27,40,59,59,59,59,59,77,27,27,27,27,27,27,54,54],"floor_reached":56,"playtime":3204,"items_purged":["Strike_R","Strike_R","Strike_R","Defend_R","Havoc","Cleave"],"score":1483,"play_id":"62c32688-4116-45bd-8e26-ea75d98eac96","local_time":"20190806013902","is_ascension_mode":true,"campfire_choices":[{"data":"Battle Trance","floor":6.0,"key":"SMITH"},{"floor":8.0,"key":"REST"},{"floor":15.0,"key":"REST"},{"data":"Bash","floor":23.0,"key":"PURGE"},{"data":"J.A.X.","floor":32.0,"key":"SMITH"},{"data":"Headbutt","floor":40,"key":"PURGE"},{"data":"Metamorphosis","floor":44,"key":"PURGE"},{"data":"Burning Pact","floor":46,"key":"SMITH"},{"floor":49,"key":"RECALL"},{"floor":52,"key":"REST"}],"neow_cost":"TEN_PERCENT_HP_LOSS","seed_source_timestamp":0,"circlet_count":0,"master_deck":["Defend_R","Defend_R","Defend_R","Battle Trance+1","Shockwave","Spot Weakness+1","Shrug It Off","Heavy Blade+1","Reaper","Disarm+1","Shrug It Off+1","J.A.X.+1","Offering","Corruption+1","Madness","Madness","Burning Pact+1","Battle Trance+1","Sentinel","Feel No Pain+1","Corruption+1"],"special_seed":0,"relics":["Burning Blood","Dead Branch","Smiling Mask","Tiny Chest","Lantern","Peace Pipe","Calling Bell","Boot","Letter Opener","Du-Vu Doll","Prayer Wheel","Dream Catcher","Ginger","Art of War","Sozu","Vajra","Charon\u0027s Ashes","Bag of Preparation"],"potions_floor_usage":[33,33,33],"damage_taken":[{"damage":6.0,"enemies":"Cultist","floor":1.0,"turns":3.0},{"damage":7.0,"enemies":"2 Louse","floor":2.0,"turns":2.0},{"damage":14.0,"enemies":"Small Slimes","floor":5.0,"turns":4.0},{"damage":30.0,"enemies":"3 Sentries","floor":7.0,"turns":6.0},{"damage":35.0,"enemies":"Lagavulin","floor":12.0,"turns":7.0},{"damage":22.0,"enemies":"The Guardian","floor":16.0,"turns":9.0},{"damage":12.0,"enemies":"2 Thieves","floor":18.0,"turns":2.0},{"damage":9.0,"enemies":"Spheric Guardian","floor":20.0,"turns":5.0},{"damage":10.0,"enemies":"3 Cultists","floor":21.0,"turns":4.0},{"damage":24.0,"enemies":"Cultist and Chosen","floor":24.0,"turns":6.0},{"damage":0.0,"enemies":"Gremlin Leader","floor":27.0,"turns":7.0},{"damage":52.0,"enemies":"Slavers","floor":30.0,"turns":8.0},{"damage":18.0,"enemies":"Snake Plant","floor":31.0,"turns":4.0},{"damage":92,"enemies":"Automaton","floor":33,"turns":8},{"damage":13,"enemies":"3 Shapes","floor":35,"turns":2},{"damage":4,"enemies":"Orb Walker","floor":38,"turns":2},{"damage":10,"enemies":"Sphere and 2 Shapes","floor":41,"turns":3},{"damage":29,"enemies":"4 Shapes","floor":42,"turns":3},{"damage":12,"enemies":"Spire Growth","floor":47,"turns":2},{"damage":51,"enemies":"Awakened One","floor":50,"turns":5},{"damage":12,"enemies":"Shield and Spear","floor":54,"turns":1},{"damage":22,"enemies":"The Heart","floor":55,"turns":4}],"seed_played":"5195854280559570815","potions_obtained":[{"floor":5.0,"key":"PowerPotion"},{"floor":7.0,"key":"Weak Potion"},{"floor":16.0,"key":"Energy Potion"},{"floor":21.0,"key":"BloodPotion"},{"floor":24.0,"key":"Swift Potion"},{"floor":27.0,"key":"SkillPotion"},{"floor":30.0,"key":"BloodPotion"},{"floor":31.0,"key":"Swift Potion"}],"is_trial":false,"path_per_floor":["M","M","?","?","M","R","E","R","T","$","?","E","?","$","R","B",null,"M","?","M","M","?","R","M","$","T","E","$","?","E","M","R","B",null,"M","?","$","M","T","R","M","M","T","R","T","R","M","$","R","B",null,"R","$","E","B",null],"character_chosen":"IRONCLAD","items_purchased":["Shrug It Off","Heavy Blade","Prayer Wheel","Metamorphosis","Burning Pact"],"campfire_rested":3,"item_purchase_floors":[10,10,25,37,37],"current_hp_per_floor":[72,71,64,64,56,56,32,53,53,53,50,21,7,7,28,12,57,52,52,49,60,60,60,52,52,52,72,72,72,61,72,72,10,57,72,63,63,72,72,72,72,72,72,72,72,72,66,66,66,33,62,72,72,72,62],"gold":54,"neow_bonus":"ONE_RARE_RELIC","is_prod":false,"is_daily":false,"chose_seed":false,"campfire_upgraded":3,"win_rate":0,"timestamp":1565080742,"path_taken":["M","M","?","?","M","R","E","R","T","$","?","E","?","$","R","BOSS","M","?","?","M","?","R","M","$","T","E","$","?","E","M","R","BOSS","M","?","$","M","?","R","M","?","T","R","?","R","?","$","R","BOSS","R","$","E","BOSS"],"build_version":"2019-07-17","purchased_purges":6,"victory":true,"max_hp_per_floor":[72,72,72,72,72,72,72,72,72,72,72,72,72,72,72,72,72,72,72,72,72,72,72,72,72,72,72,72,72,72,72,72,72,72,72,72,72,72,72,72,72,72,72,72,72,72,72,72,72,72,72,72,72,72,72],"card_choices":[{"not_picked":["Anger","Sword Boomerang"],"picked":"Battle Trance","floor":1.0},{"not_picked":["Combust","Body Slam"],"picked":"Shockwave","floor":2.0},{"not_picked":["Second Wind","Iron Wave","Flex"],"picked":"SKIP","floor":5.0},{"not_picked":["True Grit","Havoc"],"picked":"Cleave","floor":7.0},{"not_picked":["Clash","Entrench","Iron Wave"],"picked":"SKIP","floor":12.0},{"not_picked":["Dark Embrace","Feed"],"picked":"Reaper","floor":16.0},{"not_picked":["Heavy Blade","Twin Strike"],"picked":"Disarm+1","floor":18.0},{"not_picked":["Burning Pact","Sword Boomerang"],"picked":"Shrug It Off+1","floor":20.0},{"not_picked":["Rupture","Anger","Clash"],"picked":"SKIP","floor":21.0},{"not_picked":["Hemokinesis","Reckless Charge","Perfected Strike"],"picked":"SKIP","floor":24.0},{"not_picked":["Metallicize","Double Tap"],"picked":"Headbutt","floor":27.0},{"not_picked":["Berserk","Iron Wave","Power Through"],"picked":"SKIP","floor":30.0},{"not_picked":["Clothesline","Warcry","Dropkick"],"picked":"SKIP","floor":31.0},{"not_picked":["Disarm","Sword Boomerang+1","Iron Wave+1"],"picked":"SKIP","floor":31.0},{"not_picked":["Immolate","Fiend Fire"],"picked":"Offering","floor":33},{"not_picked":["Infernal Blade","Cleave"],"picked":"Corruption+1","floor":35},{"not_picked":["Warcry","Whirlwind"],"picked":"Havoc","floor":35},{"not_picked":["Cleave+1","Uppercut+1","Seeing Red+1"],"picked":"SKIP","floor":38},{"not_picked":["Havoc+1","Warcry","Demon Form"],"picked":"SKIP","floor":38},{"not_picked":["Perfected Strike+1","Sword Boomerang"],"picked":"Battle Trance+1","floor":41},{"not_picked":["Hemokinesis+1","Power Through","Rage"],"picked":"SKIP","floor":41},{"not_picked":["Clothesline","Blood for Blood+1"],"picked":"Sentinel","floor":42},{"not_picked":["Inflame+1","Heavy Blade+1","Bloodletting"],"picked":"SKIP","floor":42},{"not_picked":["Carnage+1","Thunderclap+1"],"picked":"Feel No Pain+1","floor":47},{"not_picked":["Carnage+1","Dual Wield+1"],"picked":"Corruption+1","floor":47},{"not_picked":["Heavy Blade","Clothesline+1","Clash+1"],"picked":"SKIP","floor":54}],"player_experience":156598,"relics_obtained":[{"floor":7.0,"key":"Smiling Mask"},{"floor":9.0,"key":"Tiny Chest"},{"floor":12.0,"key":"Peace Pipe"},{"floor":17.0,"key":"Boot"},{"floor":17.0,"key":"Letter Opener"},{"floor":17.0,"key":"Du-Vu Doll"},{"floor":26.0,"key":"Dream Catcher"},{"floor":27.0,"key":"Ginger"},{"floor":30.0,"key":"Art of War"},{"floor":43,"key":"Vajra"},{"floor":45,"key":"Charon\u0027s Ashes"},{"floor":54,"key":"Bag of Preparation"}],"event_choices":[{"cards_removed":["Strike_R"],"damage_healed":0.0,"max_hp_gain":0.0,"max_hp_loss":0.0,"gold_gain":0.0,"event_name":"Golden Wing","player_choice":"Card Removal","floor":3.0,"gold_loss":0.0,"damage_taken":7.0},{"damage_healed":0.0,"max_hp_gain":0.0,"max_hp_loss":0.0,"gold_gain":0.0,"cards_transformed":["Strike_R"],"event_name":"Living Wall","player_choice":"Change","floor":4.0,"gold_loss":0.0,"damage_taken":0.0,"cards_obtained":["Spot Weakness"]},{"damage_healed":0.0,"max_hp_gain":0.0,"max_hp_loss":0.0,"gold_gain":0.0,"event_name":"Scrap Ooze","player_choice":"Success","floor":11.0,"gold_loss":0.0,"damage_taken":3.0,"relics_obtained":["Lantern"]},{"damage_healed":0.0,"max_hp_gain":0.0,"max_hp_loss":0.0,"gold_gain":0.0,"event_name":"Shining Light","player_choice":"Entered Light","floor":13.0,"gold_loss":0.0,"damage_taken":14.0,"cards_upgraded":["Heavy Blade","Spot Weakness"]},{"damage_healed":0.0,"max_hp_gain":0.0,"max_hp_loss":0.0,"gold_gain":100.0,"event_name":"Golden Shrine","player_choice":"Pray","floor":19.0,"gold_loss":0.0,"damage_taken":0.0},{"damage_healed":0.0,"max_hp_gain":0.0,"max_hp_loss":0.0,"gold_gain":99.0,"event_name":"Nest","player_choice":"Stole From Cult","floor":22.0,"gold_loss":0.0,"damage_taken":0.0},{"damage_healed":0.0,"max_hp_gain":0.0,"max_hp_loss":0.0,"gold_gain":0.0,"event_name":"Drug Dealer","player_choice":"Obtain J.A.X.","floor":29.0,"gold_loss":0.0,"damage_taken":0.0,"cards_obtained":["J.A.X."]},{"damage_healed":0,"gold_gain":0,"player_choice":"Embrace Madness","damage_taken":9,"max_hp_gain":0,"max_hp_loss":0,"event_name":"Winding Halls","floor":36,"gold_loss":0,"cards_obtained":["Madness","Madness"]}],"is_beta":false,"boss_relics":[{"not_picked":["Runic Dome","Busted Crown"],"picked":"Calling Bell"},{"not_picked":["Eternal Feather","Mark of Pain"],"picked":"Sozu"}],"items_purged_floors":[10,14,25,28,37,48],"is_endless":false,"potions_floor_spawned":[5,7,16,21,24,27,30,31,41,42,47],"ascension_level":5}