{"gold_per_floor":[15,15,15,34,34,10,10,39,39,51,51,69,87,105,105,184,184,184,184,184,184,184,184,184,184,184,36,36,36,36,36,36,36,36,36,36,36,36,36,36,36,36,36,36,36,0,0,0,0,0],"floor_reached":51,"playtime":2989,"items_purged":[],"score":1317,"play_id":"be9e3b67-a737-4a66-b60b-7b24df6d6104","local_time":"20180911115614","is_ascension_mode":true,"campfire_choices":[{"data":"Havoc","floor":7,"key":"SMITH"},{"data":"Bash","floor":11,"key":"SMITH"},{"data":"Headbutt","floor":15,"key":"SMITH"},{"data":"Sword Boomerang","floor":25,"key":"SMITH"},{"data":"Impervious","floor":29,"key":"SMITH"},{"data":"J.A.X.","floor":32,"key":"SMITH"},{"floor":40,"key":"DIG"},{"floor":42,"key":"DIG"},{"floor":44,"key":"REST"},{"floor":49,"key":"DIG"}],"neow_cost":"NO_GOLD","seed_source_timestamp":58054204048588,"circlet_count":0,"master_deck":["Strike_R","Strike_R","Strike_R","Strike_R","Strike_R","Defend_R","Defend_R","Defend_R","Defend_R","Bash+1","AscendersBane","Headbutt+1","Sword Boomerang+1","Havoc+1","Feel No Pain","Whirlwind+1","Shrug It Off+1","Pummel+1","Perfected Strike+1","Impervious+1","Shrug It Off","Wild Strike+1","Thunderclap+1","Perfected Strike+1","J.A.X.+1","Hemokinesis+1","Bludgeon+1","Headbutt+1","Battle Trance","J.A.X.+1","Whirlwind+1","Perfected Strike+1","Disarm"],"relics":["Burning Blood","Thread and Needle","Champion Belt","Anchor","Molten Egg 2","Ectoplasm","Du-Vu Doll","Question Card","Tiny Chest","Art of War","Pen Nib","Red Skull","Mummified Hand","Busted Crown","Shovel","Lantern","Bronze Scales","Happy Flower","The Courier","Red Mask","Centennial Puzzle","Paper Frog"],"potions_floor_usage":[8,12,16,16,31,35,38,50,50],"damage_taken":[{"damage":3,"enemies":"Small Slimes","floor":1,"turns":3},{"damage":0,"enemies":"Cultist","floor":4,"turns":3},{"damage":11,"enemies":"3 Sentries","floor":8,"turns":9},{"damage":1,"enemies":"2 Louse","floor":10,"turns":2},{"damage":0,"enemies":"Blue Slaver","floor":12,"turns":2},{"damage":0,"enemies":"Red Slaver","floor":13,"turns":3},{"damage":1,"enemies":"Exordium Thugs","floor":14,"turns":5},{"damage":33,"enemies":"Hexaghost","floor":16,"turns":8},{"damage":9,"enemies":"Shell Parasite","floor":18,"turns":5},{"damage":0,"enemies":"Chosen","floor":19,"turns":5},{"damage":4,"enemies":"Colosseum Slavers","floor":20,"turns":3},{"damage":21,"enemies":"Colosseum Nobs","floor":20,"turns":5},{"damage":5,"enemies":"Centurion and Healer","floor":22,"turns":3},{"damage":18,"enemies":"Slavers","floor":24,"turns":5},{"damage":0,"enemies":"3 Cultists","floor":28,"turns":3},{"damage":9,"enemies":"Book of Stabbing","floor":31,"turns":3},{"damage":50,"enemies":"Champ","floor":33,"turns":7},{"damage":8,"enemies":"3 Darklings","floor":35,"turns":3},{"damage":15,"enemies":"Mysterious Sphere","floor":36,"turns":4},{"damage":3,"enemies":"Orb Walker","floor":37,"turns":1},{"damage":0,"enemies":"Sphere and 2 Shapes","floor":38,"turns":3},{"damage":43,"enemies":"2 Orb Walkers","floor":41,"turns":3},{"damage":9,"enemies":"Reptomancer","floor":45,"turns":3},{"damage":5,"enemies":"Nemesis","floor":47,"turns":3},{"damage":15,"enemies":"4 Shapes","floor":48,"turns":6},{"damage":38,"enemies":"Time Eater","floor":50,"turns":6}],"seed_played":"-1247410401608838120","potions_obtained":[{"floor":1,"key":"Fire Potion"},{"floor":8,"key":"Swift Potion"},{"floor":10,"key":"Fruit Juice"},{"floor":12,"key":"Strength Potion"},{"floor":13,"key":"Dexterity Potion"},{"floor":19,"key":"Regen Potion"},{"floor":22,"key":"FearPotion"},{"floor":24,"key":"Energy Potion"},{"floor":33,"key":"FearPotion"},{"floor":35,"key":"GamblersBrew"},{"floor":41,"key":"SteroidPotion"},{"floor":45,"key":"SteroidPotion"}],"is_trial":false,"path_per_floor":["M","?","$","M","?","$","R","E","T","M","R","M","M","M","R","B",null,"M","M","?","?","M","?","E","R","T","$","M","R","?","E","R","B",null,"M","?","M","M","?","R","E","R","T","R","M","?","E","M","R","B"],"character_chosen":"IRONCLAD","items_purchased":["Havoc","Red Skull"],"campfire_rested":1,"item_purchase_floors":[6,27],"current_hp_per_floor":[71,46,46,52,57,57,57,52,52,57,57,68,74,79,79,52,77,74,80,67,67,68,68,56,56,56,56,62,62,62,64,64,20,69,67,58,61,67,67,67,30,30,30,55,52,52,53,44,44,12],"gold":0,"neow_bonus":"ONE_RARE_RELIC","is_prod":false,"is_daily":false,"chose_seed":false,"campfire_upgraded":6,"win_rate":0,"timestamp":1536663374,"path_taken":["M","?","?","M","?","$","R","E","T","M","R","?","M","?","R","BOSS","M","M","?","?","M","?","E","R","T","?","?","R","?","E","R","BOSS","M","?","?","M","?","R","E","R","T","R","M","?","E","M","R","BOSS"],"build_version":"2018-09-06","purchased_purges":0,"victory":true,"max_hp_per_floor":[75,75,75,75,80,80,80,80,80,80,80,85,85,85,85,85,85,85,85,85,85,85,85,85,85,85,85,85,85,85,85,85,85,85,85,85,85,85,85,85,85,85,85,85,85,85,85,85,85,85],"card_choices":[{"not_picked":["True Grit","Heavy Blade"],"picked":"Headbutt","floor":1},{"not_picked":["Flex","Wild Strike"],"picked":"Sword Boomerang","floor":4},{"not_picked":["Twin Strike","Iron Wave"],"picked":"Feel No Pain","floor":8},{"not_picked":["Brutality","Pummel+1"],"picked":"Whirlwind+1","floor":10},{"not_picked":["Shockwave","Second Wind"],"picked":"Shrug It Off","floor":12},{"not_picked":["Cleave+1","Dual Wield"],"picked":"Pummel+1","floor":13},{"not_picked":["Havoc","Shrug It Off"],"picked":"Perfected Strike+1","floor":14},{"not_picked":["Dark Embrace","Offering"],"picked":"Impervious","floor":16},{"not_picked":["Clothesline+1","Body Slam+1"],"picked":"Shrug It Off","floor":18},{"not_picked":["Whirlwind+1","Shrug It Off+1"],"picked":"Wild Strike+1","floor":19},{"not_picked":["Dropkick+1","Iron Wave+1"],"picked":"Thunderclap+1","floor":20},{"not_picked":["Bloodletting","Clash+1","Power Through","Sentinel"],"picked":"SKIP","floor":22},{"not_picked":["Juggernaut","Fiend Fire+1","Ghostly Armor"],"picked":"Perfected Strike+1","floor":24},{"not_picked":["Cleave+1","Wild Strike+1","Dual Wield","Clothesline+1"],"picked":"SKIP","floor":28},{"not_picked":["Havoc","Iron Wave+1","Corruption"],"picked":"Hemokinesis+1","floor":31},{"not_picked":["Fiend Fire+1","Exhume","Berserk"],"picked":"Bludgeon+1","floor":33},{"not_picked":["Body Slam+1"],"picked":"Headbutt+1","floor":35},{"not_picked":["Cleave+1"],"picked":"Battle Trance","floor":36},{"not_picked":["Shrug It Off","Iron Wave+1"],"picked":"SKIP","floor":37},{"not_picked":["Fire Breathing","Heavy Blade+1"],"picked":"SKIP","floor":38},{"not_picked":["Pommel Strike+1"],"picked":"Whirlwind+1","floor":41},{"not_picked":["Flex"],"picked":"Perfected Strike+1","floor":45},{"not_picked":["Wild Strike+1"],"picked":"Disarm","floor":47},{"not_picked":["Corruption+1","Twin Strike+1"],"picked":"SKIP","floor":48}],"player_experience":736209,"relics_obtained":[{"floor":8,"key":"Anchor"},{"floor":9,"key":"Molten Egg 2"},{"floor":20,"key":"Du-Vu Doll"},{"floor":20,"key":"Question Card"},{"floor":24,"key":"Art of War"},{"floor":26,"key":"Pen Nib"},{"floor":31,"key":"Mummified Hand"},{"floor":36,"key":"Shovel"},{"floor":40,"key":"Lantern"},{"floor":41,"key":"Bronze Scales"},{"floor":42,"key":"Happy Flower"},{"floor":43,"key":"The Courier"},{"floor":47,"key":"Centennial Puzzle"},{"floor":49,"key":"Paper Frog"}],"event_choices":[{"event_name":"Scrap Ooze","player_choice":"success","floor":2,"damage_taken":25},{"event_name":"Big Fish","player_choice":"Donut","floor":5,"damage_taken":0},{"event_name":"Colosseum","player_choice":"Fight","floor":20,"damage_taken":0},{"event_name":"Colosseum","player_choice":"Fought Nobs","floor":20,"damage_taken":0},{"event_name":"The Mausoleum","player_choice":"Yes","floor":21,"damage_taken":0},{"event_name":"Accursed Blacksmith","player_choice":"Forge","floor":23,"damage_taken":0},{"event_name":"Drug Dealer","player_choice":"Got JAX","floor":30,"damage_taken":0},{"event_name":"Mysterious Sphere","player_choice":"Fight","floor":36,"damage_taken":0},{"event_name":"Duplicator","player_choice":"One dupe","floor":39,"damage_taken":0},{"event_name":"Tomb of Lord Red Mask","player_choice":"Paid","floor":46,"damage_taken":0}],"is_beta":false,"boss_relics":[{"not_picked":["Astrolabe","Snecko Eye"],"picked":"Ectoplasm"},{"not_picked":["Eternal Feather","Empty Cage"],"picked":"Busted Crown"}],"items_purged_floors":[],"is_endless":false,"potions_floor_spawned":[1,8,10,12,13,19,20,22,24,33,35,41,45],"ascension_level":14}