{"gold_per_floor":[110,60,60,60,60,100,114,39,39,63,63,63,63,86,86,210,210,230,130,143,163,179,213,128,172,222,236,252,252,291,16,16,16],"floor_reached":33,"playtime":1750,"items_purged":["Strike_R","Strike_R","Pain"],"score":355,"play_id":"694f0191-0eba-439f-a26a-3628d9c86189","local_time":"20190608175559","is_ascension_mode":false,"campfire_choices":[{"data":"Flame Barrier","floor":15,"key":"SMITH"},{"floor":29,"key":"REST"},{"floor":32,"key":"REST"}],"neow_cost":"NONE","seed_source_timestamp":1297394558998026,"circlet_count":0,"master_deck":["Strike_R","Defend_R","Defend_R","Defend_R","Bash+1","Flame Barrier+1","Ghostly Armor","Pommel Strike","Pommel Strike+1","Offering","Infernal Blade","Armaments+1","Pommel Strike","Shrug It Off+1"],"relics":["Burning Blood","NeowsBlessing","Golden Idol","Matryoshka","Bronze Scales","Boot","Blood Vial","Blue Candle","Cursed Key","Ancient Tea Set","Happy Flower","Whetstone","Dead Branch","Anchor"],"potions_floor_usage":[10,16,20,22,25,30],"damage_taken":[{"damage":0,"enemies":"Jaw Worm","floor":1,"turns":1},{"damage":0,"enemies":"Lagavulin","floor":6,"turns":1},{"damage":0,"enemies":"2 Louse","floor":7,"turns":1},{"damage":0,"enemies":"Cultist","floor":10,"turns":2},{"damage":14,"enemies":"Exordium Thugs","floor":14,"turns":5},{"damage":57,"enemies":"The Guardian","floor":16,"turns":15},{"damage":16,"enemies":"Spheric Guardian","floor":18,"turns":5},{"damage":6,"enemies":"2 Thieves","floor":20,"turns":2},{"damage":11,"enemies":"Centurion and Healer","floor":21,"turns":7},{"damage":9,"enemies":"Snecko","floor":22,"turns":6},{"damage":29,"enemies":"Book of Stabbing","floor":23,"turns":5},{"damage":26,"enemies":"Slavers","floor":25,"turns":5},{"damage":15,"enemies":"Chosen and Byrds","floor":27,"turns":4},{"damage":15,"enemies":"Centurion and Healer","floor":28,"turns":5},{"damage":15,"enemies":"Book of Stabbing","floor":30,"turns":3},{"damage":90,"enemies":"Champ","floor":33,"turns":8}],"seed_played":"5072683463930205551","potions_obtained":[{"floor":1,"key":"AttackPotion"},{"floor":7,"key":"Weak Potion"},{"floor":16,"key":"SkillPotion"},{"floor":21,"key":"SteroidPotion"},{"floor":23,"key":"LiquidBronze"},{"floor":28,"key":"Energy Potion"}],"is_trial":false,"path_per_floor":["M","?","$","?","?","E","M","$","T","M","$","?","T","M","R","B",null,"M","$","M","M","M","E","?","E","T","M","M","R","E","$","R","B"],"character_chosen":"IRONCLAD","items_purchased":["Anchor"],"campfire_rested":2,"item_purchase_floors":[31],"current_hp_per_floor":[80,80,80,60,60,66,72,72,72,78,78,78,78,72,72,23,80,70,70,72,69,68,47,47,29,29,22,15,39,32,32,56,0],"gold":16,"neow_bonus":"THREE_ENEMY_KILL","is_prod":false,"is_daily":false,"chose_seed":false,"campfire_upgraded":1,"win_rate":0,"timestamp":1560030959,"path_taken":["M","?","$","?","?","E","M","$","T","?","?","?","?","?","R","BOSS","M","$","M","M","M","E","?","E","T","M","M","R","E","$","R","BOSS"],"build_version":"2019-01-23","purchased_purges":3,"victory":false,"max_hp_per_floor":[80,80,80,80,80,80,80,80,80,80,80,80,80,80,80,80,80,80,80,80,80,80,80,80,80,80,80,80,80,80,80,80,80],"card_choices":[{"not_picked":["Feel No Pain","Cleave"],"picked":"Flame Barrier","floor":1},{"not_picked":["Searing Blow","Body Slam"],"picked":"Ghostly Armor","floor":6},{"not_picked":["Sword Boomerang","Searing Blow","Reckless Charge"],"picked":"SKIP","floor":7},{"not_picked":["Perfected Strike","Twin Strike"],"picked":"Pommel Strike","floor":10},{"not_picked":["Heavy Blade","Clash"],"picked":"Pommel Strike","floor":14},{"not_picked":["Exhume","Reaper"],"picked":"Offering","floor":16},{"not_picked":["Warcry+1","Dropkick"],"picked":"Infernal Blade","floor":18},{"not_picked":["Anger","Havoc","Sword Boomerang+1"],"picked":"SKIP","floor":20},{"not_picked":["Iron Wave+1","Warcry"],"picked":"Armaments+1","floor":21},{"not_picked":["Armaments","Iron Wave","Sword Boomerang"],"picked":"SKIP","floor":22},{"not_picked":["Clothesline","Brutality","Thunderclap"],"picked":"SKIP","floor":23},{"not_picked":["True Grit","Anger"],"picked":"Pommel Strike","floor":25},{"not_picked":["Uppercut","Headbutt+1","Body Slam"],"picked":"SKIP","floor":27},{"not_picked":["Dual Wield","Clash+1"],"picked":"Shrug It Off+1","floor":28},{"not_picked":["Pummel","Twin Strike","Shockwave"],"picked":"SKIP","floor":30}],"player_experience":157301,"relics_obtained":[{"floor":6,"key":"Matryoshka"},{"floor":9,"key":"Bronze Scales"},{"floor":9,"key":"Boot"},{"floor":13,"key":"Blood Vial"},{"floor":13,"key":"Blue Candle"},{"floor":23,"key":"Ancient Tea Set"},{"floor":25,"key":"Whetstone"},{"floor":30,"key":"Dead Branch"}],"event_choices":[{"cards_removed":["Strike_R"],"damage_healed":0,"gold_gain":0,"player_choice":"Card Removal","damage_taken":0,"max_hp_gain":0,"max_hp_loss":0,"event_name":"The Cleric","floor":2,"gold_loss":50},{"damage_healed":0,"gold_gain":0,"player_choice":"Take Damage","damage_taken":20,"relics_obtained":["Golden Idol"],"max_hp_gain":0,"max_hp_loss":0,"event_name":"Golden Idol","floor":4,"gold_loss":0},{"cards_removed":["Strike_R"],"damage_healed":0,"gold_gain":0,"player_choice":"Purged","damage_taken":0,"max_hp_gain":0,"max_hp_loss":0,"event_name":"Purifier","floor":5,"gold_loss":0},{"cards_removed":["Defend_R"],"damage_healed":0,"gold_gain":0,"player_choice":"Forget","damage_taken":0,"max_hp_gain":0,"max_hp_loss":0,"event_name":"Living Wall","floor":12,"gold_loss":0},{"damage_healed":0,"gold_gain":0,"player_choice":"Obtained Relic","damage_taken":0,"relics_obtained":["Happy Flower"],"max_hp_gain":0,"max_hp_loss":0,"event_name":"Addict","floor":24,"gold_loss":85}],"is_beta":false,"boss_relics":[{"not_picked":["Philosopher\u0027s Stone","Lizard Tail"],"picked":"Cursed Key"}],"items_purged_floors":[8,19,31],"is_endless":false,"potions_floor_spawned":[1,7,16,21,23,28],"killed_by":"Champ","ascension_level":0}