{"gold_per_floor":[109,109,124,136,136,168,168,168],"floor_reached":8,"playtime":336,"items_purged":[],"score":106,"play_id":"6fa520c0-14bb-48e2-aa5e-2e975a4dc36d","local_time":"20190128202310","is_ascension_mode":true,"campfire_choices":[{"data":"Streamline","floor":7,"key":"SMITH"}],"neow_cost":"NONE","seed_source_timestamp":145803763570636,"circlet_count":0,"master_deck":["AscendersBane","Strike_B","Strike_B","Strike_B","Strike_B","Defend_B","Defend_B","Defend_B","Defend_B","Zap+1","Dualcast+1","Leap","Compile Driver","Capacitor","Streamline+1"],"relics":["Cracked Core","Bronze Scales","PreservedInsect"],"potions_floor_usage":[8,8],"damage_taken":[{"damage":1,"enemies":"Cultist","floor":1,"turns":3},{"damage":2,"enemies":"Jaw Worm","floor":3,"turns":3},{"damage":6,"enemies":"2 Louse","floor":4,"turns":3},{"damage":26,"enemies":"3 Sentries","floor":6,"turns":8},{"damage":13,"enemies":"The Mushroom Lair","floor":8,"turns":1}],"seed_played":"-6308528064068928230","potions_obtained":[{"floor":3,"key":"Poison Potion"},{"floor":4,"key":"Poison Potion"}],"is_trial":false,"path_per_floor":["M","?","M","M","?","E","R","?"],"character_chosen":"DEFECT","items_purchased":[],"campfire_rested":0,"item_purchase_floors":[],"current_hp_per_floor":[63,63,61,55,37,11,11,0],"gold":168,"neow_bonus":"UPGRADE_CARD","is_prod":false,"is_daily":false,"chose_seed":false,"campfire_upgraded":1,"win_rate":0,"timestamp":1548706990,"path_taken":["M","?","M","M","?","E","R","?"],"build_version":"2019-01-23","purchased_purges":0,"victory":false,"max_hp_per_floor":[71,71,71,71,71,71,71,71],"card_choices":[{"not_picked":["Beam Cell","Barrage"],"picked":"Leap","floor":1},{"not_picked":["Leap","Recycle"],"picked":"Compile Driver","floor":3},{"not_picked":["Lockon","Hologram"],"picked":"Capacitor","floor":4},{"not_picked":["Conserve Battery","Multi-Cast"],"picked":"Streamline","floor":6}],"player_experience":1000362,"relics_obtained":[{"floor":6,"key":"PreservedInsect"}],"event_choices":[{"damage_healed":0,"gold_gain":0,"player_choice":"Grow","damage_taken":0,"max_hp_gain":0,"max_hp_loss":0,"event_name":"Living Wall","floor":2,"gold_loss":0,"cards_upgraded":["Dualcast"]},{"damage_healed":0,"gold_gain":0,"player_choice":"Success","damage_taken":18,"relics_obtained":["Bronze Scales"],"max_hp_gain":0,"max_hp_loss":0,"event_name":"Scrap Ooze","floor":5,"gold_loss":0},{"damage_healed":0,"gold_gain":0,"player_choice":"Fought Mushrooms","damage_taken":0,"max_hp_gain":0,"max_hp_loss":0,"event_name":"Mushrooms","floor":8,"gold_loss":0}],"is_beta":false,"boss_relics":[],"items_purged_floors":[],"is_endless":false,"potions_floor_spawned":[3,4],"killed_by":"The Mushroom Lair","ascension_level":18}