{"gold_per_floor":[215,215,290,305,9,9,23,41,113,38,53,53,78,92,92,166,166,185,203,77,77,91,91,122,122,122,122,41,60,60],"floor_reached":30,"playtime":1002,"items_purged":["Strike_G","Strike_G"],"score":495,"play_id":"34c1c529-ce77-4e00-b475-d7086452ce23","local_time":"20190620120404","is_ascension_mode":true,"campfire_choices":[{"data":"Neutralize","floor":6,"key":"SMITH"},{"floor":12,"key":"REST"},{"data":"Malaise","floor":15,"key":"SMITH"},{"floor":23,"key":"REST"},{"data":"Footwork","floor":25,"key":"SMITH"}],"neow_cost":"NONE","seed_source_timestamp":215135627423900,"circlet_count":0,"master_deck":["AscendersBane","Defend_G","Defend_G","Defend_G","Defend_G","Defend_G","Strike_G","Strike_G","Survivor","Neutralize+1","Infinite Blades","Endless Agony","Panache+1","Footwork+1","Malaise+1","Infinite Blades","Blade Dance","A Thousand Cuts+1","Terror","Well Laid Plans","Accuracy","Quick Slash+1","Backflip","Dash"],"relics":["Ring of the Snake","Smiling Mask","Shuriken","Art of War","WristBlade","Juzu Bracelet","Ninja Scroll"],"potions_floor_usage":[11,13,24,24,29,30,30],"damage_taken":[{"damage":0,"enemies":"Jaw Worm","floor":1,"turns":5},{"damage":4,"enemies":"Small Slimes","floor":4,"turns":4},{"damage":0,"enemies":"2 Louse","floor":7,"turns":2},{"damage":0,"enemies":"Large Slime","floor":8,"turns":7},{"damage":8,"enemies":"Gremlin Gang","floor":11,"turns":4},{"damage":0,"enemies":"Lagavulin","floor":13,"turns":9},{"damage":0,"enemies":"Red Slaver","floor":14,"turns":2},{"damage":18,"enemies":"Hexaghost","floor":16,"turns":8},{"damage":9,"enemies":"Spheric Guardian","floor":18,"turns":5},{"damage":2,"enemies":"Shell Parasite","floor":19,"turns":5},{"damage":26,"enemies":"Snecko","floor":22,"turns":6},{"damage":19,"enemies":"Gremlin Leader","floor":24,"turns":5},{"damage":14,"enemies":"Shelled Parasite and Fungi","floor":29,"turns":4},{"damage":10,"enemies":"Snake Plant","floor":30,"turns":1}],"seed_played":"7218379270082895756","potions_obtained":[{"floor":7,"key":"Explosive Potion"},{"floor":8,"key":"Dexterity Potion"},{"floor":14,"key":"SteroidPotion"},{"floor":22,"key":"PowerPotion"},{"floor":24,"key":"Dexterity Potion"},{"floor":29,"key":"Regen Potion"}],"is_trial":false,"path_per_floor":["M","?","?","M","$","R","M","M","T","?","M","R","E","M","R","B",null,"M","M","$","?","M","R","E","R","T","?","$","M","M"],"character_chosen":"THE_SILENT","items_purchased":["Panache","Dexterity Potion","Accuracy","GhostInAJar"],"campfire_rested":2,"item_purchase_floors":[5,5,20,28],"current_hp_per_floor":[59,48,37,33,33,33,33,33,33,33,25,44,44,44,44,26,56,47,45,45,45,19,38,19,19,19,19,19,5,0],"gold":60,"neow_bonus":"HUNDRED_GOLD","is_prod":false,"is_daily":false,"chose_seed":false,"campfire_upgraded":3,"win_rate":0,"timestamp":1561025044,"path_taken":["M","?","?","M","$","R","M","M","T","?","M","R","E","M","R","BOSS","M","M","$","?","M","R","E","R","T","?","?","M","M"],"build_version":"2019-01-23","purchased_purges":2,"victory":false,"max_hp_per_floor":[66,66,66,66,66,66,66,66,66,66,66,66,66,66,66,66,66,66,66,66,66,66,66,66,66,66,66,66,66,66],"card_choices":[{"not_picked":["Sucker Punch","Dagger Throw"],"picked":"Infinite Blades","floor":1},{"not_picked":["Expertise","Bane"],"picked":"Endless Agony","floor":4},{"not_picked":["Deadly Poison","Outmaneuver"],"picked":"Footwork","floor":7},{"not_picked":["Deflect","Heel Hook"],"picked":"Malaise","floor":8},{"not_picked":["Prepared","Outmaneuver","Masterful Stab"],"picked":"SKIP","floor":11},{"not_picked":["Poisoned Stab","Leg Sweep"],"picked":"Infinite Blades","floor":13},{"not_picked":["PiercingWail","Dodge and Roll"],"picked":"Blade Dance","floor":14},{"not_picked":["Burst","Tools of the Trade"],"picked":"A Thousand Cuts","floor":16},{"not_picked":["Prepared","Outmaneuver"],"picked":"Terror","floor":18},{"not_picked":["Dodge and Roll","Riddle With Holes"],"picked":"Well Laid Plans","floor":19},{"not_picked":["Catalyst","Tactician"],"picked":"Quick Slash+1","floor":22},{"not_picked":["Concentrate","Endless Agony"],"picked":"Backflip","floor":24},{"not_picked":["Deflect","Deadly Poison"],"picked":"Dash","floor":29}],"player_experience":1415195,"relics_obtained":[{"floor":9,"key":"Shuriken"},{"floor":13,"key":"Art of War"},{"floor":24,"key":"Juzu Bracelet"},{"floor":26,"key":"Ninja Scroll"}],"event_choices":[{"damage_healed":0,"gold_gain":0,"player_choice":"Success","damage_taken":11,"relics_obtained":["Smiling Mask"],"max_hp_gain":0,"max_hp_loss":0,"event_name":"Scrap Ooze","floor":2,"gold_loss":0},{"damage_healed":0,"gold_gain":75,"player_choice":"Gather Gold","damage_taken":11,"max_hp_gain":0,"max_hp_loss":0,"event_name":"World of Goop","floor":3,"gold_loss":0},{"cards_removed":["Strike_G"],"damage_healed":0,"gold_gain":0,"player_choice":"Card Removal","damage_taken":0,"max_hp_gain":0,"max_hp_loss":0,"event_name":"The Cleric","floor":10,"gold_loss":75},{"damage_healed":0,"gold_gain":0,"player_choice":"Forge","damage_taken":0,"max_hp_gain":0,"max_hp_loss":0,"event_name":"Accursed Blacksmith","floor":21,"gold_loss":0,"cards_upgraded":["A Thousand Cuts"]},{"damage_healed":0,"gold_gain":0,"player_choice":"Upgraded","damage_taken":0,"max_hp_gain":0,"max_hp_loss":0,"event_name":"Upgrade Shrine","floor":27,"gold_loss":0,"cards_upgraded":["Panache"]}],"is_beta":false,"boss_relics":[{"not_picked":["Sozu","Empty Cage"],"picked":"WristBlade"}],"items_purged_floors":[5,20],"is_endless":false,"potions_floor_spawned":[7,8,14,22,24,29],"killed_by":"Snake Plant","ascension_level":16}