{"gold_per_floor":[113,131,149,149,161,161,192,192,192,192,0,14,14,25,25,97,97,56,69,69,85,135,135,35,35,35,35,53,53,53],"floor_reached":30,"playtime":960,"items_purged":["Strike_R","Defend_R"],"score":426,"play_id":"5cc78e21-7f9b-4835-90be-3cc3bd92bf87","local_time":"20190718205013","is_ascension_mode":true,"campfire_choices":[{"data":"Armaments","floor":6,"key":"SMITH"},{"data":"Bash","floor":8,"key":"SMITH"},{"data":"True Grit","floor":10,"key":"SMITH"},{"data":"Metallicize","floor":13,"key":"SMITH"},{"data":"Anger","floor":15,"key":"SMITH"},{"floor":23,"key":"REST"},{"data":"Whirlwind","floor":25,"key":"SMITH"},{"data":"Bludgeon","floor":27,"key":"SMITH"}],"neow_cost":"NONE","seed_source_timestamp":518481603689600,"circlet_count":0,"master_deck":["AscendersBane","Defend_R","Defend_R","Defend_R","Bash+1","Armaments+1","Thunderclap","True Grit+1","Power Through","Metallicize+1","Shrug It Off","Anger+1","Fire Breathing","Bludgeon+1","Reckless Charge+1","Shrug It Off+1","Sever Soul+1","Anger","Whirlwind+1","Spot Weakness","Warcry","Writhe"],"relics":["Burning Blood","Calipers","Dodecahedron","Astrolabe","Letter Opener","The Courier"],"potions_floor_usage":[7,16,18,19],"damage_taken":[{"damage":6,"enemies":"Cultist","floor":1,"turns":3},{"damage":4,"enemies":"Jaw Worm","floor":2,"turns":5},{"damage":8,"enemies":"Small Slimes","floor":3,"turns":3},{"damage":7,"enemies":"3 Louse","floor":5,"turns":4},{"damage":25,"enemies":"3 Sentries","floor":7,"turns":11},{"damage":17,"enemies":"Blue Slaver","floor":12,"turns":5},{"damage":10,"enemies":"Exordium Wildlife","floor":14,"turns":5},{"damage":38,"enemies":"Hexaghost","floor":16,"turns":13},{"damage":5,"enemies":"2 Thieves","floor":18,"turns":5},{"damage":12,"enemies":"3 Byrds","floor":19,"turns":7},{"damage":68,"enemies":"Cultist and Chosen","floor":21,"turns":10},{"damage":36,"enemies":"Snake Plant","floor":28,"turns":5},{"damage":8,"enemies":"3 Cultists","floor":30,"turns":2}],"seed_played":"4882642423767571882","potions_obtained":[{"floor":1,"key":"Dexterity Potion"},{"floor":7,"key":"Energy Potion"},{"floor":12,"key":"SteroidPotion"},{"floor":16,"key":"GamblersBrew"},{"floor":21,"key":"Ancient Potion"}],"is_trial":false,"path_per_floor":["M","M","M","?","M","R","E","R","T","R","$","M","R","M","R","B",null,"M","M","?","M","?","R","$","R","T","R","M","?","M"],"character_chosen":"IRONCLAD","items_purchased":["Metallicize","Shrug It Off"],"campfire_rested":1,"item_purchase_floors":[11,11],"current_hp_per_floor":[75,77,75,75,74,74,55,55,55,55,55,44,44,40,40,8,64,65,59,75,13,13,37,37,37,37,37,7,7,0],"gold":53,"neow_bonus":"TEN_PERCENT_HP_BONUS","is_prod":false,"is_daily":false,"chose_seed":false,"campfire_upgraded":7,"win_rate":0,"timestamp":1563475813,"path_taken":["M","?","M","?","M","R","E","R","T","R","$","?","R","M","R","BOSS","M","M","?","M","?","R","$","R","T","R","M","?","M"],"build_version":"2019-07-17","purchased_purges":2,"victory":false,"max_hp_per_floor":[82,82,82,82,82,82,82,82,82,82,82,82,82,82,82,82,82,82,82,82,82,82,82,82,82,82,82,82,82,82],"card_choices":[{"not_picked":["Searing Blow","Twin Strike"],"picked":"Armaments","floor":1},{"not_picked":["Combust","Wild Strike"],"picked":"Thunderclap","floor":2},{"not_picked":["Combust","Seeing Red"],"picked":"True Grit","floor":3},{"not_picked":["Thunderclap","Wild Strike","Sentinel"],"picked":"SKIP","floor":5},{"not_picked":["Heavy Blade","Combust"],"picked":"Power Through","floor":7},{"not_picked":["Perfected Strike","Havoc"],"picked":"Anger","floor":12},{"not_picked":["Sentinel","Wild Strike"],"picked":"Fire Breathing","floor":14},{"not_picked":["Brutality","Limit Break"],"picked":"Bludgeon","floor":16},{"not_picked":["Searing Blow+1","Iron Wave"],"picked":"Anger","floor":18},{"not_picked":["Cleave","Evolve"],"picked":"Whirlwind","floor":19},{"not_picked":["Body Slam","Hemokinesis"],"picked":"Spot Weakness","floor":21},{"not_picked":["Shrug It Off","Havoc"],"picked":"Warcry","floor":28}],"player_experience":1674137,"relics_obtained":[{"floor":7,"key":"Calipers"},{"floor":9,"key":"Dodecahedron"},{"floor":26,"key":"Letter Opener"}],"event_choices":[{"cards_removed":["Strike_R"],"damage_healed":0,"gold_gain":0,"player_choice":"Purged","damage_taken":0,"max_hp_gain":0,"max_hp_loss":0,"event_name":"Purifier","floor":4,"gold_loss":0},{"damage_healed":16,"gold_gain":0,"player_choice":"Heal","damage_taken":0,"max_hp_gain":0,"max_hp_loss":0,"event_name":"The Library","floor":20,"gold_loss":0},{"damage_healed":0,"gold_gain":50,"player_choice":"Stole From Cult","damage_taken":0,"max_hp_gain":0,"max_hp_loss":0,"event_name":"Nest","floor":22,"gold_loss":0},{"damage_healed":0,"gold_gain":0,"player_choice":"Opened","damage_taken":0,"relics_obtained":["The Courier"],"max_hp_gain":0,"max_hp_loss":0,"event_name":"The Mausoleum","floor":29,"gold_loss":0,"cards_obtained":["Writhe"]}],"is_beta":false,"boss_relics":[{"not_picked":["Eternal Feather","Orrery"],"picked":"Astrolabe"}],"items_purged_floors":[11,24],"is_endless":false,"potions_floor_spawned":[1,7,12,16,21],"killed_by":"3 Cultists","ascension_level":17}