{"gold_per_floor":[119,119,119,133,153,153,19,19,46,65,65,65],"floor_reached":12,"playtime":286,"items_purged":[],"score":129,"play_id":"1e5c82aa-8875-4790-8909-a5bb002d5739","local_time":"20190822062305","is_ascension_mode":true,"campfire_choices":[{"data":"Genetic Algorithm","floor":6,"key":"SMITH"},{"data":"Defragment","floor":8,"key":"SMITH"},{"data":"Doom and Gloom","floor":11,"key":"SMITH"}],"neow_cost":"NONE","seed_source_timestamp":696314122151600,"circlet_count":0,"master_deck":["AscendersBane","Strike_B","Strike_B","Strike_B","Defend_B","Defend_B","Defend_B","Defend_B","Zap+1","Dualcast","Amplify","Leap","Doom and Gloom+1","Genetic Algorithm+1","Defragment+1","Darkness","BootSequence"],"relics":["Cracked Core","Oddly Smooth Stone"],"potions_floor_usage":[5,12],"damage_taken":[{"damage":2,"enemies":"Cultist","floor":1,"turns":4},{"damage":2,"enemies":"2 Louse","floor":4,"turns":3},{"damage":0,"enemies":"Small Slimes","floor":5,"turns":1},{"damage":8,"enemies":"3 Louse","floor":10,"turns":5},{"damage":55,"enemies":"Gremlin Nob","floor":12,"turns":4}],"seed_played":"7786537247274027592","potions_obtained":[{"floor":3,"key":"SmokeBomb"},{"floor":3,"key":"AttackPotion"},{"floor":4,"key":"AttackPotion"},{"floor":10,"key":"LiquidBronze"}],"is_trial":false,"path_per_floor":["M","?","?","M","M","R","$","R","T","M","R","E"],"character_chosen":"DEFECT","items_purchased":["Defragment","Darkness"],"campfire_rested":0,"item_purchase_floors":[7,7],"current_hp_per_floor":[62,62,62,60,60,60,60,60,60,52,52,0],"gold":65,"neow_bonus":"TRANSFORM_CARD","is_prod":false,"is_daily":false,"chose_seed":false,"campfire_upgraded":3,"win_rate":0,"timestamp":1566447785,"path_taken":["M","?","?","?","M","R","$","R","T","M","R","E"],"build_version":"2019-07-17","purchased_purges":0,"victory":false,"max_hp_per_floor":[71,71,71,71,71,71,71,71,71,71,71,71],"card_choices":[{"not_picked":["Go for the Eyes","Gash"],"picked":"Leap","floor":1},{"not_picked":["Steam Power","Streamline"],"picked":"Doom and Gloom","floor":4},{"not_picked":["Steam Power","Ball Lightning"],"picked":"Genetic Algorithm","floor":5},{"not_picked":["Stack","Leap"],"picked":"BootSequence","floor":10}],"player_experience":1942168,"relics_obtained":[{"floor":9,"key":"Oddly Smooth Stone"}],"event_choices":[{"damage_healed":0,"gold_gain":0,"player_choice":"Grow","damage_taken":0,"max_hp_gain":0,"max_hp_loss":0,"event_name":"Living Wall","floor":2,"gold_loss":0,"cards_upgraded":["Zap"]},{"damage_healed":0,"gold_gain":0,"player_choice":"Got Potions","damage_taken":0,"max_hp_gain":0,"max_hp_loss":0,"event_name":"Lab","floor":3,"gold_loss":0}],"is_beta":false,"boss_relics":[],"items_purged_floors":[],"is_endless":false,"potions_floor_spawned":[4,10],"killed_by":"Gremlin Nob","ascension_level":18}