{"gold_per_floor":[113,130,149,74,92,92,122,122,122,149,224,224,244,258,258,332,332,344,357,37,87,106,106,106,137,186,186,186],"floor_reached":28,"playtime":1138,"items_purged":["Strike_B"],"score":428,"play_id":"f9b52d80-8004-4584-a836-b49ae7436e97","local_time":"20181027133020","is_ascension_mode":true,"campfire_choices":[{"data":"Sunder","floor":6,"key":"SMITH"},{"floor":8,"key":"REST"},{"floor":12,"key":"REST"},{"data":"Streamline","floor":15,"key":"SMITH"},{"floor":23,"key":"REST"}],"neow_cost":"NONE","seed_source_timestamp":466076940048005,"circlet_count":0,"master_deck":["Strike_B","Strike_B+1","Defend_B","Defend_B","Defend_B","Defend_B","Zap","Dualcast","AscendersBane","Cold Snap+1","Sunder+1","Sweeping Beam","Defragment","Streamline+1","Redo","Chill","Biased Cognition","Tempest","Hologram+1","Darkness","Capacitor+1","Ghostly","Ghostly","Ghostly"],"relics":["Cracked Core","Odd Mushroom","Question Card","Symbiotic Virus","Velvet Choker","Regal Pillow","Vajra","Whetstone"],"potions_floor_usage":[10,16,16,18,18,24,24],"damage_taken":[{"damage":1,"enemies":"Cultist","floor":1,"turns":4},{"damage":2,"enemies":"Jaw Worm","floor":2,"turns":4},{"damage":0,"enemies":"Small Slimes","floor":3,"turns":2},{"damage":13,"enemies":"Looter","floor":5,"turns":3},{"damage":25,"enemies":"The Mushroom Lair","floor":7,"turns":5},{"damage":24,"enemies":"Gremlin Nob","floor":10,"turns":4},{"damage":7,"enemies":"Blue Slaver","floor":13,"turns":3},{"damage":2,"enemies":"2 Fungi Beasts","floor":14,"turns":2},{"damage":10,"enemies":"Hexaghost","floor":16,"turns":6},{"damage":2,"enemies":"3 Byrds","floor":18,"turns":4},{"damage":13,"enemies":"2 Thieves","floor":19,"turns":3},{"damage":32,"enemies":"Centurion and Healer","floor":22,"turns":5},{"damage":0,"enemies":"Colosseum Slavers","floor":24,"turns":1},{"damage":34,"enemies":"Slavers","floor":25,"turns":5},{"damage":20,"enemies":"Gremlin Leader","floor":28,"turns":4}],"seed_played":"5598929490025747919","potions_obtained":[{"floor":2,"key":"AttackPotion"},{"floor":7,"key":"LiquidBronze"},{"floor":14,"key":"FocusPotion"},{"floor":16,"key":"EntropicBrew"},{"floor":18,"key":"SmokeBomb"},{"floor":25,"key":"Explosive Potion"}],"is_trial":false,"path_per_floor":["M","M","M","?","M","R","?","R","T","E","?","R","M","M","R","B",null,"M","M","$","?","M","R","?","E","T","?"],"character_chosen":"DEFECT","items_purchased":["Darkness","Regal Pillow"],"campfire_rested":3,"item_purchase_floors":[20,20],"current_hp_per_floor":[70,68,68,68,55,55,30,53,53,29,18,41,34,32,32,22,64,62,49,49,42,10,48,48,14,14,14,0],"gold":186,"neow_bonus":"TEN_PERCENT_HP_BONUS","is_prod":false,"is_daily":false,"chose_seed":false,"campfire_upgraded":2,"win_rate":0,"timestamp":1540643420,"path_taken":["M","M","?","?","M","R","?","R","T","E","?","R","M","M","R","BOSS","M","M","$","?","M","R","?","E","T","?","E"],"build_version":"2018-10-25v2","purchased_purges":1,"victory":false,"max_hp_per_floor":[78,78,78,78,78,78,78,78,78,78,78,78,78,78,78,78,78,78,78,78,78,78,78,78,78,78,39,39],"card_choices":[{"not_picked":["Turbo","Redo"],"picked":"Cold Snap","floor":1},{"not_picked":["Aggregate","Rebound"],"picked":"Sunder","floor":2},{"not_picked":["Coolheaded","Skim"],"picked":"Sweeping Beam","floor":3},{"not_picked":["Static Discharge","Tempest"],"picked":"Defragment","floor":5},{"not_picked":["Gash","Steam"],"picked":"Streamline","floor":7},{"not_picked":["Streamline","Chill","Rainbow"],"picked":"Redo","floor":10},{"not_picked":["Streamline","Heatsinks","Lockon","Ball Lightning"],"picked":"SKIP","floor":13},{"not_picked":["Aggregate","Stack","Streamline"],"picked":"Chill","floor":14},{"not_picked":["Multi-Cast","Amplify","Hyperbeam"],"picked":"Biased Cognition","floor":16},{"not_picked":["Cold Snap","Turbo","Sweeping Beam"],"picked":"Tempest","floor":18},{"not_picked":["Streamline","Biased Cognition","Force Field"],"picked":"Hologram+1","floor":19},{"not_picked":["Gash","Cold Snap","Beam Cell","Go for the Eyes+1"],"picked":"SKIP","floor":22},{"not_picked":["Doom and Gloom","Redo","Cold Snap+1"],"picked":"Capacitor+1","floor":25}],"player_experience":913552,"relics_obtained":[{"floor":7,"key":"Odd Mushroom"},{"floor":9,"key":"Question Card"},{"floor":10,"key":"Symbiotic Virus"},{"floor":25,"key":"Vajra"},{"floor":26,"key":"Whetstone"}],"event_choices":[{"cards_removed":["Strike_B"],"damage_healed":0,"gold_gain":0,"player_choice":"Card Removal","damage_taken":0,"max_hp_gain":0,"max_hp_loss":0,"event_name":"The Cleric","floor":4,"gold_loss":75},{"damage_healed":0,"gold_gain":0,"player_choice":"Fought Mushrooms","damage_taken":0,"max_hp_gain":0,"max_hp_loss":0,"event_name":"Mushrooms","floor":7,"gold_loss":0},{"damage_healed":0,"gold_gain":75,"player_choice":"Gather Gold","damage_taken":11,"max_hp_gain":0,"max_hp_loss":0,"event_name":"World of Goop","floor":11,"gold_loss":0},{"damage_healed":0,"gold_gain":50,"player_choice":"Touch","damage_taken":7,"max_hp_gain":0,"max_hp_loss":0,"event_name":"FaceTrader","floor":21,"gold_loss":0},{"damage_healed":0,"gold_gain":0,"player_choice":"Fight","damage_taken":0,"max_hp_gain":0,"max_hp_loss":0,"event_name":"Colosseum","floor":24,"gold_loss":0},{"damage_healed":0,"gold_gain":0,"player_choice":"Fled From Nobs","damage_taken":0,"max_hp_gain":0,"max_hp_loss":0,"event_name":"Colosseum","floor":24,"gold_loss":0},{"damage_healed":0,"gold_gain":0,"player_choice":"Became a Ghost","damage_taken":0,"max_hp_gain":0,"max_hp_loss":39,"event_name":"Ghosts","floor":27,"gold_loss":0,"cards_obtained":["Ghostly","Ghostly","Ghostly"]}],"is_beta":false,"boss_relics":[{"not_picked":["Philosopher\u0027s Stone","Fusion Hammer"],"picked":"Velvet Choker"}],"items_purged_floors":[20],"is_endless":false,"potions_floor_spawned":[2,7,14,16,18,19,25],"killed_by":"Gremlin Leader","ascension_level":16}