{"gold_per_floor":[114,126,126,126,126,145,160,160,186,220,233,233,251,294,294,294],"floor_reached":16,"playtime":496,"items_purged":[],"score":202,"play_id":"519c6a7e-9b61-409b-8faf-5dd7f5007aeb","local_time":"20190610101923","is_ascension_mode":true,"campfire_choices":[{"data":"Neutralize","floor":8,"key":"SMITH"},{"data":"Glass Knife","floor":12,"key":"SMITH"},{"data":"Crippling Poison","floor":15,"key":"SMITH"}],"neow_cost":"NONE","seed_source_timestamp":279755883222799,"circlet_count":0,"master_deck":["AscendersBane","Defend_G","Defend_G","Defend_G","Defend_G","Defend_G","Strike_G","Strike_G","Strike_G","Strike_G","Strike_G","Survivor","Neutralize+1","Crippling Poison+1","Dagger Spray","Injury","Glass Knife+1","Bouncing Flask","Well Laid Plans","Dash","Noxious Fumes","Bane"],"relics":["Ring of the Snake","NeowsBlessing","Boot","Golden Idol","Mercury Hourglass","Omamori","Bag of Preparation","Blood Vial"],"potions_floor_usage":[10,11,14],"damage_taken":[{"damage":0,"enemies":"Cultist","floor":1,"turns":1},{"damage":0,"enemies":"Small Slimes","floor":2,"turns":1},{"damage":0,"enemies":"2 Louse","floor":6,"turns":1},{"damage":4,"enemies":"Blue Slaver","floor":7,"turns":3},{"damage":15,"enemies":"Lagavulin","floor":10,"turns":7},{"damage":0,"enemies":"2 Fungi Beasts","floor":11,"turns":2},{"damage":3,"enemies":"Looter","floor":13,"turns":3},{"damage":13,"enemies":"3 Sentries","floor":14,"turns":4},{"damage":17,"enemies":"Hexaghost","floor":16,"turns":8}],"seed_played":"8766986199298530887","potions_obtained":[{"floor":1,"key":"Fire Potion"},{"floor":6,"key":"Swift Potion"},{"floor":11,"key":"Dexterity Potion"}],"is_trial":false,"path_per_floor":["M","M","T","?","?","M","M","R","T","E","M","R","M","E","R","B"],"character_chosen":"THE_SILENT","items_purchased":[],"campfire_rested":0,"item_purchase_floors":[],"current_hp_per_floor":[59,59,59,59,48,48,44,44,44,29,29,29,26,13,13,0],"gold":294,"neow_bonus":"THREE_ENEMY_KILL","is_prod":false,"is_daily":false,"chose_seed":false,"campfire_upgraded":3,"win_rate":0,"timestamp":1560154763,"path_taken":["M","?","?","?","?","M","M","R","T","E","M","R","M","E","R","BOSS"],"build_version":"2019-01-23","purchased_purges":0,"victory":false,"max_hp_per_floor":[66,66,66,66,66,66,66,66,66,66,66,66,66,66,66,66],"card_choices":[{"not_picked":["Bouncing Flask","Catalyst"],"picked":"Crippling Poison","floor":1},{"not_picked":["Blade Dance","Dodge and Roll"],"picked":"Dagger Spray","floor":2},{"not_picked":["Backflip","Dagger Throw"],"picked":"Glass Knife","floor":6},{"not_picked":["Quick Slash","Prepared"],"picked":"Bouncing Flask","floor":7},{"not_picked":["Cloak And Dagger","Sucker Punch"],"picked":"Well Laid Plans","floor":10},{"not_picked":["Poisoned Stab","Concentrate"],"picked":"Dash","floor":11},{"not_picked":["Blur","Flechettes"],"picked":"Noxious Fumes","floor":13},{"not_picked":["Dagger Throw","Infinite Blades"],"picked":"Bane","floor":14}],"player_experience":1271885,"relics_obtained":[{"floor":3,"key":"Boot"},{"floor":9,"key":"Omamori"},{"floor":10,"key":"Bag of Preparation"},{"floor":14,"key":"Blood Vial"}],"event_choices":[{"damage_healed":0,"gold_gain":0,"player_choice":"Take Wound","damage_taken":0,"relics_obtained":["Golden Idol"],"max_hp_gain":0,"max_hp_loss":0,"event_name":"Golden Idol","floor":4,"gold_loss":0,"cards_obtained":["Injury"]},{"damage_healed":0,"gold_gain":0,"player_choice":"Success","damage_taken":11,"relics_obtained":["Mercury Hourglass"],"max_hp_gain":0,"max_hp_loss":0,"event_name":"Scrap Ooze","floor":5,"gold_loss":0}],"is_beta":false,"boss_relics":[],"items_purged_floors":[],"is_endless":false,"potions_floor_spawned":[1,6,11],"killed_by":"Hexaghost","ascension_level":16}