{"path_per_floor":["M","M","?","$","M","R","E","?","T","R","$","R","M","M","R","B",null,"M","$","M","M","M","R","M","?","T","M","$","R","E","M","R","B",null,"M","?","$","M","M","E","R","?","T","?","M","$","M","M","R"],"character_chosen":"THE_SILENT","items_purchased":["Pen Nib","Infinite Blades","Vajra","Bag of Marbles","Regen Potion"],"gold_per_floor":[143,156,156,156,176,176,209,231,231,231,46,46,58,71,71,171,171,191,34,47,57,75,75,88,38,38,56,56,56,86,98,98,194,194,208,208,9,24,41,71,71,71,71,0,11,11,23,43,43],"floor_reached":50,"campfire_rested":4,"playtime":7022,"current_hp_per_floor":[59,50,50,50,48,48,19,4,11,34,34,34,27,24,24,6,77,69,69,65,57,47,47,38,38,38,7,7,30,30,17,40,19,77,63,63,63,65,50,11,11,67,67,67,38,38,32,11,31],"items_purged":[],"gold":43,"play_id":"b36516fd-b83d-487b-b3cb-557725bc1dbb","is_prod":false,"is_daily":false,"campfire_rituals":0,"campfire_upgraded":5,"is_hardmode":false,"path_taken":["M","M","?","$","M","R","E","?","T","R","?","R","?","M","R","BOSS","M","$","M","M","?","R","M","?","T","M","?","R","E","?","R","BOSS","M","?","$","M","M","E","R","?","T","?","?","$","?","?","R","BOSS"],"build_version":"2018-01-18-PROD4","purchased_purges":1,"victory":false,"master_deck":["Defend_G","Defend_G","Defend_G","Defend_G","Strike_G","Strike_G","Strike_G","Strike_G","Survivor","Neutralize","Sucker Punch","Blur","Malaise","Accuracy","Deadly Poison","Infinite Blades","Cloak And Dagger","Outmaneuver","Die Die Die","Dagger Spray","Sucker Punch","Blade Dance","Finisher","Venomology","Malaise","Cloak And Dagger","Prepared"],"max_hp_per_floor":[70,70,70,70,70,70,70,70,77,77,77,77,77,77,77,77,77,77,77,77,77,77,77,77,77,77,77,77,77,77,77,77,77,77,77,77,77,77,77,77,77,67,67,67,67,67,67,67,67],"relics":["Ring of the Snake","Tiny Chest","Gremlin Horn","Odd Mushroom","Strawberry","Pen Nib","Lizard Tail","Vajra","Gambling Chip","Anchor","Orrery","Bag of Marbles","Orichalcum","Matryoshka","Red Mask"],"campfire_meditates":0,"card_choices":[{"not_picked":["Predator","Deflect"],"picked":"Sucker Punch"},{"not_picked":["Bane","Prepared"],"picked":"Blur"},{"not_picked":["Bane","Quick Slash"],"picked":"Malaise"},{"not_picked":["Quick Slash","Backflip"],"picked":"Accuracy"},{"not_picked":["Acrobatics","Masterful Stab"],"picked":"Deadly Poison"},{"not_picked":["Flying Knee","Deadly Poison"],"picked":"Cloak And Dagger"},{"not_picked":["Poisoned Stab","Caltrops"],"picked":"Outmaneuver"},{"not_picked":["Bullet Time","Glass Knife"],"picked":"Die Die Die"},{"not_picked":["Dodge and Roll","Backflip"],"picked":"Dagger Spray"},{"not_picked":["Prepared","Slice"],"picked":"Sucker Punch"},{"not_picked":["PiercingWail","All Out Attack"],"picked":"Blade Dance"},{"not_picked":["Slice","Dagger Spray"],"picked":"Finisher"},{"not_picked":["Backflip","Catalyst"],"picked":"Venomology"},{"not_picked":["Dash","Deadly Poison"],"picked":"Malaise"},{"not_picked":["Slice","Backflip"],"picked":"Cloak And Dagger"},{"not_picked":["All Out Attack","Sucker Punch"],"picked":"Prepared"}],"player_experience":65919,"potions_floor_usage":[16,21,21,33,35,38,39,39,40,40,40,45,48],"damage_taken":[{"damage":11.0,"enemies":"Jaw Worm","floor":1.0,"turns":7.0},{"damage":9.0,"enemies":"Blue Slaver","floor":2.0,"turns":4.0},{"damage":2.0,"enemies":"Small Slimes","floor":5.0,"turns":3.0},{"damage":29.0,"enemies":"3 Sentries","floor":7.0,"turns":13.0},{"damage":15.0,"enemies":"The Mushroom Lair","floor":8.0,"turns":6.0},{"damage":7,"enemies":"2 Fungi Beasts","floor":13,"turns":3},{"damage":3,"enemies":"Exordium Thugs","floor":14,"turns":5},{"damage":18,"enemies":"The Guardian","floor":16,"turns":10},{"damage":8,"enemies":"Shell Parasite","floor":18,"turns":9},{"damage":4,"enemies":"Chosen","floor":20,"turns":6},{"damage":8,"enemies":"Centurion and Healer","floor":21,"turns":9},{"damage":10,"enemies":"3 Cultists","floor":22,"turns":5},{"damage":9,"enemies":"Chosen and Byrds","floor":24,"turns":5},{"damage":31,"enemies":"Slaver and Parasite","floor":27,"turns":10},{"damage":0,"enemies":"Gremlin Leader","floor":30,"turns":5},{"damage":13,"enemies":"Sentry and Sphere","floor":31,"turns":4},{"damage":67,"enemies":"Champ","floor":33,"turns":15},{"damage":14,"enemies":"Orb Walker","floor":35,"turns":4},{"damage":4,"enemies":"3 Darklings","floor":38,"turns":4},{"damage":15,"enemies":"Maw","floor":39,"turns":9},{"damage":39,"enemies":"Nemesis","floor":40,"turns":11},{"damage":29,"enemies":"4 Shapes","floor":45,"turns":4},{"damage":6,"enemies":"3 Darklings","floor":47,"turns":4},{"damage":36,"enemies":"Maw","floor":48,"turns":8},{"damage":31,"enemies":"Time Eater","floor":50,"turns":7}],"event_choices":[{"event_name":"Purifier","player_choice":"One Purge","floor":3.0,"damage_taken":0.0},{"event_name":"Mushrooms","player_choice":"Fought Mushrooms","floor":8.0,"damage_taken":0.0},{"event_name":"The Joust","player_choice":"Bet on Murderer","floor":25,"damage_taken":0},{"event_name":"The Moai Head","player_choice":"Heal","floor":42,"damage_taken":0},{"event_name":"Tomb of Lord Red Mask","player_choice":"Paid","floor":44,"damage_taken":0}],"boss_relics":[{"not_picked":["Cursed Key","Sozu"],"picked":"Lizard Tail"},{"not_picked":["White Beast Statue","The Specimen"],"picked":"Orrery"}],"potions_floor_spawned":[1,5,13,16,20,27,31,33,38,40],"seed_played":"-5039005569329175049","killed_by":"Time Eater","is_trial":false}