{"gold_per_floor":[116,128,303,253,263,263,298,309,309,309,309,309,324,340,340,417,417,417,417,34,34,34,34,34,34,34,34,34,34,34,34,34,34],"floor_reached":33,"playtime":1267,"items_purged":["Strike_R"],"score":423,"play_id":"e75302ae-0938-4853-af45-537ee101193f","local_time":"20180909205608","is_ascension_mode":true,"campfire_choices":[{"data":"Whirlwind","floor":6,"key":"SMITH"},{"floor":12,"key":"REST"},{"data":"Bludgeon","floor":15,"key":"SMITH"},{"data":"Body Slam","floor":23,"key":"SMITH"},{"data":"Battle Trance","floor":27,"key":"SMITH"},{"data":"Corruption","floor":29,"key":"SMITH"},{"data":"Bash","floor":32,"key":"SMITH"}],"neow_cost":"NONE","seed_source_timestamp":1936392210453688,"circlet_count":0,"master_deck":["Strike_R","Strike_R","Strike_R","Strike_R","Defend_R","Defend_R","Defend_R","Defend_R","Bash+1","AscendersBane","Whirlwind+1","Battle Trance+1","Wild Strike","Clothesline","Bludgeon+1","Evolve","Flex+1","Sentinel+1","Barricade+1","Armaments+1","Spot Weakness+1","Shrug It Off+1","Corruption+1","Body Slam+1","Armaments+1","True Grit+1","Shrug It Off+1"],"relics":["Burning Blood","Bottled Lightning","Pantograph","Toxic Egg 2","The Courier","Ectoplasm","Charon\u0027s Ashes","Self Forming Clay"],"potions_floor_usage":[16,24],"damage_taken":[{"damage":3,"enemies":"Small Slimes","floor":1,"turns":4},{"damage":13,"enemies":"Jaw Worm","floor":2,"turns":4},{"damage":0,"enemies":"2 Louse","floor":5,"turns":1},{"damage":25,"enemies":"Lagavulin","floor":7,"turns":6},{"damage":18,"enemies":"Exordium Thugs","floor":8,"turns":3},{"damage":21,"enemies":"Lots of Slimes","floor":13,"turns":3},{"damage":10,"enemies":"Gremlin Gang","floor":14,"turns":5},{"damage":57,"enemies":"Hexaghost","floor":16,"turns":8},{"damage":6,"enemies":"3 Byrds","floor":18,"turns":5},{"damage":8,"enemies":"Chosen","floor":19,"turns":5},{"damage":0,"enemies":"3 Cultists","floor":21,"turns":2},{"damage":23,"enemies":"Snake Plant","floor":24,"turns":4},{"damage":5,"enemies":"Snecko","floor":25,"turns":3},{"damage":13,"enemies":"Sentry and Sphere","floor":30,"turns":4},{"damage":75,"enemies":"Automaton","floor":33,"turns":6}],"seed_played":"8072738396625109718","potions_obtained":[{"floor":7,"key":"Fire Potion"},{"floor":13,"key":"SmokeBomb"},{"floor":14,"key":"AttackPotion"},{"floor":16,"key":"Fire Potion"},{"floor":25,"key":"Fire Potion"}],"is_trial":false,"path_per_floor":["M","M","?","?","M","R","E","M","T","?","T","R","M","M","R","B",null,"M","M","$","M","?","R","M","M","T","R","?","R","M","?","R"],"character_chosen":"IRONCLAD","items_purchased":["Shrug It Off+1","Charon\u0027s Ashes","Corruption"],"campfire_rested":1,"item_purchase_floors":[20,20,20],"current_hp_per_floor":[71,64,64,64,70,70,51,39,39,32,32,54,39,35,35,9,59,59,57,57,63,63,63,46,47,47,47,72,72,65,65,65,0],"gold":34,"neow_bonus":"THREE_CARDS","is_prod":false,"is_daily":false,"chose_seed":false,"campfire_upgraded":6,"win_rate":0,"timestamp":1536522968,"path_taken":["M","M","?","?","?","R","E","?","T","?","?","R","M","?","R","BOSS","M","M","$","?","?","R","M","?","T","R","?","R","M","?","R","BOSS"],"build_version":"2018-09-06","purchased_purges":1,"victory":false,"max_hp_per_floor":[75,75,75,75,75,75,75,75,75,75,75,75,75,75,75,75,75,75,75,75,75,75,75,75,75,75,75,75,75,75,75,75,75],"card_choices":[{"not_picked":["Corruption","Wild Strike"],"picked":"Whirlwind","floor":0},{"not_picked":["Flex","Anger"],"picked":"Battle Trance","floor":1},{"not_picked":["Combust","Blood for Blood"],"picked":"Wild Strike","floor":2},{"not_picked":["Infernal Blade","Iron Wave"],"picked":"Clothesline","floor":5},{"not_picked":["Metallicize","Shockwave"],"picked":"Bludgeon","floor":7},{"not_picked":["Body Slam","Pommel Strike"],"picked":"Evolve","floor":8},{"not_picked":["Seeing Red+1","Perfected Strike"],"picked":"Flex+1","floor":13},{"not_picked":["Dropkick","Fire Breathing"],"picked":"Sentinel+1","floor":14},{"not_picked":["Double Tap+1","Juggernaut"],"picked":"Barricade","floor":16},{"not_picked":["Reckless Charge+1","Battle Trance+1"],"picked":"Armaments+1","floor":18},{"not_picked":["Shrug It Off+1","Warcry+1"],"picked":"Spot Weakness+1","floor":19},{"not_picked":["Rage+1","Havoc+1"],"picked":"Body Slam","floor":21},{"not_picked":["Dropkick","Body Slam"],"picked":"Armaments+1","floor":24},{"not_picked":["Clothesline","Metallicize"],"picked":"True Grit+1","floor":25},{"not_picked":["Uppercut","Searing Blow"],"picked":"Shrug It Off+1","floor":30}],"player_experience":718401,"relics_obtained":[{"floor":7,"key":"Bottled Lightning"},{"floor":9,"key":"Pantograph"},{"floor":11,"key":"The Courier"},{"floor":26,"key":"Self Forming Clay"}],"event_choices":[{"event_name":"Liars Game","player_choice":"agreed","floor":3,"damage_taken":0},{"event_name":"The Cleric","player_choice":"Card Removal","floor":4,"damage_taken":0},{"event_name":"Scrap Ooze","player_choice":"success","floor":10,"damage_taken":7},{"event_name":"Accursed Blacksmith","player_choice":"Forge","floor":22,"damage_taken":0},{"event_name":"The Library","player_choice":"Heal","floor":28,"damage_taken":0}],"is_beta":false,"boss_relics":[{"not_picked":["Pandora\u0027s Box","Black Blood"],"picked":"Ectoplasm"}],"items_purged_floors":[20],"is_endless":false,"potions_floor_spawned":[7,13,14,16,18,25,30],"killed_by":"Automaton","ascension_level":14}