{"gold_per_floor":[117,42,52,52,66,101,101,101,101,29,41,53,53,71,71,167,167,182,182,182,194,43,69,69,69,69,69,69,81,115,126,126,229,229,241,259,271,271,120,120,342,353,353,353,398,398,412,429,429,429],"floor_reached":51,"playtime":3225,"items_purged":["Strike_B","Strike_B"],"score":692,"play_id":"b9316dec-efe7-4865-aaf9-eb7fb4794324","local_time":"20190602010326","is_ascension_mode":false,"campfire_choices":[{"data":"Hologram","floor":8,"key":"SMITH"},{"floor":13,"key":"REST"},{"floor":15,"key":"REST"},{"floor":24,"key":"REST"},{"floor":27,"key":"REST"},{"floor":32,"key":"REST"},{"floor":40,"key":"REST"},{"floor":46,"key":"REST"},{"floor":49,"key":"REST"}],"neow_cost":"TEN_PERCENT_HP_LOSS","seed_source_timestamp":716690427286856,"circlet_count":0,"master_deck":["Strike_B","Defend_B","Defend_B","Defend_B","Zap+1","Melter+1","Turbo","Hologram+1","Sunder+1","Beam Cell+1","Rebound+1","Core Surge+1","Leap+1","Beam Cell+1","J.A.X.","Genetic Algorithm","Steam","Seek","Hologram","Doom and Gloom+1","Glacier"],"relics":["Cracked Core","StoneCalendar","Molten Egg 2","Singing Bowl","Fusion Hammer","Red Mask","Meat on the Bone","Ancient Tea Set","Sozu","Happy Flower","Mercury Hourglass","Shovel"],"potions_floor_usage":[16,30,30,33,33],"damage_taken":[{"damage":0,"enemies":"2 Louse","floor":1,"turns":4},{"damage":1,"enemies":"Jaw Worm","floor":3,"turns":3},{"damage":0,"enemies":"Cultist","floor":5,"turns":3},{"damage":18,"enemies":"3 Sentries","floor":6,"turns":7},{"damage":0,"enemies":"2 Fungi Beasts","floor":11,"turns":1},{"damage":4,"enemies":"Blue Slaver","floor":12,"turns":3},{"damage":0,"enemies":"Looter","floor":14,"turns":2},{"damage":0,"enemies":"Slime Boss","floor":16,"turns":5},{"damage":0,"enemies":"Spheric Guardian","floor":18,"turns":2},{"damage":5,"enemies":"2 Thieves","floor":21,"turns":3},{"damage":3,"enemies":"Masked Bandits","floor":23,"turns":4},{"damage":0,"enemies":"Centurion and Healer","floor":29,"turns":4},{"damage":32,"enemies":"Gremlin Leader","floor":30,"turns":4},{"damage":3,"enemies":"3 Cultists","floor":31,"turns":5},{"damage":58,"enemies":"Automaton","floor":33,"turns":8},{"damage":0,"enemies":"Orb Walker","floor":35,"turns":2},{"damage":1,"enemies":"3 Shapes","floor":36,"turns":3},{"damage":38,"enemies":"Maw","floor":37,"turns":7},{"damage":28,"enemies":"Sphere and 2 Shapes","floor":42,"turns":4},{"damage":16,"enemies":"2 Orb Walkers","floor":45,"turns":3},{"damage":0,"enemies":"4 Shapes","floor":47,"turns":4},{"damage":0,"enemies":"Writhing Mass","floor":48,"turns":4},{"damage":75,"enemies":"Awakened One","floor":50,"turns":16}],"seed_played":"-7544822374886606220","potions_obtained":[{"floor":6,"key":"SpeedPotion"},{"floor":12,"key":"Fire Potion"},{"floor":14,"key":"EssenceOfSteel"},{"floor":16,"key":"PowerPotion"},{"floor":31,"key":"PowerPotion"}],"is_trial":false,"path_per_floor":["M","$","M","?","M","E","T","R","T","$","M","M","R","M","R","B",null,"M","?","?","M","$","?","R","?","T","R","$","M","E","M","R","B",null,"M","M","M","?","$","R","?","M","T","$","?","R","M","M","R","B",null],"character_chosen":"DEFECT","items_purchased":["Sunder+1","Beam Cell+1","Happy Flower"],"campfire_rested":8,"item_purchase_floors":[10,22,39],"current_hp_per_floor":[68,68,67,53,53,35,35,35,35,35,37,33,54,54,70,70,70,70,70,70,67,67,66,74,74,74,74,74,74,44,41,63,17,76,78,79,41,41,41,63,63,49,49,49,45,68,68,70,80,17],"gold":429,"neow_bonus":"REMOVE_TWO","is_prod":false,"is_daily":false,"chose_seed":false,"campfire_upgraded":1,"win_rate":0.0,"timestamp":1559451806,"path_taken":["M","$","M","?","M","E","?","R","T","$","?","M","R","M","R","BOSS","M","?","?","M","$","?","R","?","T","R","$","M","E","M","R","BOSS","M","M","M","?","$","R","?","M","T","$","?","R","M","M","R","BOSS"],"build_version":"2019-01-23","purchased_purges":2,"victory":true,"max_hp_per_floor":[68,68,68,68,68,68,68,68,68,68,70,70,70,70,70,70,70,70,70,70,72,72,74,74,74,74,74,74,74,76,76,76,76,76,78,80,80,76,76,76,76,78,78,78,78,78,78,80,80,80],"card_choices":[{"not_picked":["Rebound","Go for the Eyes"],"picked":"Melter","floor":1},{"not_picked":["Go for the Eyes","Heatsinks"],"picked":"Turbo","floor":3},{"not_picked":["Redo","Reprogram"],"picked":"Hologram","floor":5},{"not_picked":["Stack","Electrodynamics","Ball Lightning"],"picked":"SKIP","floor":6},{"not_picked":["Recycle","Ball Lightning+1","Consume"],"picked":"Singing Bowl","floor":11},{"not_picked":["Conserve Battery","Recycle"],"picked":"Beam Cell+1","floor":12},{"not_picked":["Sweeping Beam+1","Reprogram"],"picked":"Rebound+1","floor":14},{"not_picked":["Amplify","Multi-Cast"],"picked":"Core Surge+1","floor":16},{"not_picked":["Heatsinks","Stack+1"],"picked":"Leap+1","floor":18},{"not_picked":["Cold Snap+1","Storm","Compile Driver+1"],"picked":"Singing Bowl","floor":21},{"not_picked":["Stack","Doom and Gloom+1","Go for the Eyes+1"],"picked":"Singing Bowl","floor":23},{"not_picked":["Reprogram","Conserve Battery"],"picked":"Genetic Algorithm","floor":29},{"not_picked":["Reprogram","Turbo+1","Creative AI"],"picked":"Singing Bowl","floor":30},{"not_picked":["Beam Cell+1","Static Discharge+1"],"picked":"Steam","floor":31},{"not_picked":["Buffer","Electrodynamics"],"picked":"Seek","floor":33},{"not_picked":["Leap","Blizzard+1","Barrage+1"],"picked":"Singing Bowl","floor":35},{"not_picked":["Turbo+1","Chaos+1","Leap+1"],"picked":"Singing Bowl","floor":36},{"not_picked":["Ball Lightning+1","Go for the Eyes+1"],"picked":"Hologram","floor":37},{"not_picked":["Turbo","Skim","Redo"],"picked":"Singing Bowl","floor":42},{"not_picked":["Redo","Core Surge+1"],"picked":"Doom and Gloom+1","floor":45},{"not_picked":["Turbo","Gash+1"],"picked":"Glacier","floor":47},{"not_picked":["Compile Driver+1","Blizzard+1","Barrage+1"],"picked":"Singing Bowl","floor":48}],"player_experience":94014,"relics_obtained":[{"floor":6,"key":"StoneCalendar"},{"floor":7,"key":"Molten Egg 2"},{"floor":9,"key":"Singing Bowl"},{"floor":23,"key":"Red Mask"},{"floor":26,"key":"Meat on the Bone"},{"floor":30,"key":"Ancient Tea Set"},{"floor":43,"key":"Mercury Hourglass"},{"floor":45,"key":"Shovel"}],"event_choices":[{"damage_healed":0,"gold_gain":0,"player_choice":"Entered Light","damage_taken":14,"max_hp_gain":0,"max_hp_loss":0,"event_name":"Shining Light","floor":4,"gold_loss":0,"cards_upgraded":["Melter","Zap"]},{"damage_healed":0,"gold_gain":0,"player_choice":"Ignored","damage_taken":0,"max_hp_gain":0,"max_hp_loss":0,"event_name":"Ghosts","floor":19,"gold_loss":0},{"cards_removed":["Defend_B"],"damage_healed":0,"gold_gain":0,"player_choice":"Elegance","damage_taken":0,"max_hp_gain":0,"max_hp_loss":0,"event_name":"Back to Basics","floor":20,"gold_loss":0},{"damage_healed":0,"gold_gain":0,"player_choice":"Fought Bandits","damage_taken":0,"max_hp_gain":0,"max_hp_loss":0,"event_name":"Masked Bandits","floor":23,"gold_loss":0},{"damage_healed":0,"gold_gain":0,"player_choice":"Obtain J.A.X.","damage_taken":0,"max_hp_gain":0,"max_hp_loss":0,"event_name":"Drug Dealer","floor":25,"gold_loss":0,"cards_obtained":["J.A.X."]},{"damage_healed":0,"gold_gain":0,"player_choice":"Max HP","damage_taken":0,"max_hp_gain":0,"max_hp_loss":4,"event_name":"Winding Halls","floor":38,"gold_loss":0},{"damage_healed":0,"gold_gain":222,"player_choice":"Wore Mask","damage_taken":0,"max_hp_gain":0,"max_hp_loss":0,"event_name":"Tomb of Lord Red Mask","floor":41,"gold_loss":0},{"damage_healed":0,"gold_gain":0,"player_choice":"Fight","damage_taken":0,"max_hp_gain":0,"max_hp_loss":0,"event_name":"Mysterious Sphere","floor":45,"gold_loss":0}],"is_beta":false,"boss_relics":[{"not_picked":["Runic Pyramid","Velvet Choker"],"picked":"Fusion Hammer"},{"not_picked":["White Beast Statue","Busted Crown"],"picked":"Sozu"}],"items_purged_floors":[2,22],"is_endless":false,"potions_floor_spawned":[6,12,14,16,23,31,35,45],"ascension_level":0}