{"gold_per_floor":[115,129,147,158,158,158,183,63,134,134,168,178,203,217,217,318,318,334,349,360,13,33,63,63,82,108,108,125,156,156,188,188,292,292,305,318,334,350,370,402,421,456,456,482,500,500,41,41,41,41,41,41,41,71,71],"floor_reached":56,"playtime":4900,"items_purged":["Strike_G","Strike_G"],"score":1373,"play_id":"6cdc3d78-d135-4b2d-a640-9e978cd58f53","local_time":"20190723204504","is_ascension_mode":false,"campfire_choices":[{"data":"Footwork","floor":6.0,"key":"SMITH"},{"data":"Glass Knife","floor":10.0,"key":"SMITH"},{"floor":15.0,"key":"REST"},{"floor":24.0,"key":"REST"},{"data":"After Image","floor":27.0,"key":"SMITH"},{"data":"Crippling Poison","floor":30.0,"key":"SMITH"},{"data":"Neutralize","floor":32.0,"key":"SMITH"},{"floor":46.0,"key":"REST"},{"floor":49.0,"key":"RECALL"},{"data":"Catalyst","floor":52.0,"key":"SMITH"}],"neow_cost":"NONE","seed_source_timestamp":1194112157728444,"circlet_count":0,"master_deck":["Strike_G","Defend_G","Defend_G","Defend_G+1","Defend_G","Defend_G+1","Survivor","Neutralize+1","Dodge and Roll","PiercingWail","Crippling Poison+1","Footwork+1","Glass Knife+1","PiercingWail","Die Die Die","Dash","Dodge and Roll","Backflip","Bouncing Flask+1","PiercingWail","After Image+1","Footwork+1","Backflip","PiercingWail","PiercingWail","PiercingWail+1","Backflip","Wraith Form v2","Noxious Fumes+1","Backflip+1","Wraith Form v2","Leg Sweep","Escape Plan+1","Catalyst+1","PiercingWail","Crippling Poison"],"special_seed":0,"relics":["Ring of the Snake","War Paint","Bird Faced Urn","Question Card","Dream Catcher","Centennial Puzzle","Sozu","OrangePellets","Bronze Scales","Strawberry","Singing Bowl","Calipers","Empty Cage","Girya","Sundial","Pantograph","Bottled Lightning","Regal Pillow","Incense Burner"],"potions_floor_usage":[],"damage_taken":[{"damage":0.0,"enemies":"2 Louse","floor":1.0,"turns":4.0},{"damage":0.0,"enemies":"Cultist","floor":2.0,"turns":4.0},{"damage":0.0,"enemies":"Jaw Worm","floor":3.0,"turns":5.0},{"damage":0.0,"enemies":"Lots of Slimes","floor":4.0,"turns":3.0},{"damage":5.0,"enemies":"3 Sentries","floor":7.0,"turns":10.0},{"damage":21.0,"enemies":"Gremlin Nob","floor":11.0,"turns":5.0},{"damage":3.0,"enemies":"Looter","floor":12.0,"turns":3.0},{"damage":20.0,"enemies":"Lagavulin","floor":13.0,"turns":15.0},{"damage":0.0,"enemies":"Large Slime","floor":14.0,"turns":7.0},{"damage":26.0,"enemies":"The Guardian","floor":16.0,"turns":19.0},{"damage":0.0,"enemies":"Spheric Guardian","floor":18.0,"turns":8.0},{"damage":13.0,"enemies":"2 Thieves","floor":19.0,"turns":4.0},{"damage":10.0,"enemies":"Snake Plant","floor":20.0,"turns":4.0},{"damage":1.0,"enemies":"Snecko","floor":22.0,"turns":6.0},{"damage":14.0,"enemies":"Slavers","floor":23.0,"turns":7.0},{"damage":0.0,"enemies":"3 Cultists","floor":25.0,"turns":7.0},{"damage":0.0,"enemies":"Shelled Parasite and Fungi","floor":28.0,"turns":5.0},{"damage":1.0,"enemies":"Book of Stabbing","floor":29.0,"turns":6.0},{"damage":0.0,"enemies":"Gremlin Leader","floor":31.0,"turns":7.0},{"damage":19.0,"enemies":"Champ","floor":33.0,"turns":15.0},{"damage":3.0,"enemies":"3 Darklings","floor":35.0,"turns":6.0},{"damage":4.0,"enemies":"3 Shapes","floor":36.0,"turns":3.0},{"damage":7.0,"enemies":"Jaw Worm Horde","floor":37.0,"turns":6.0},{"damage":0.0,"enemies":"Maw","floor":38.0,"turns":10.0},{"damage":7.0,"enemies":"Sphere and 2 Shapes","floor":39.0,"turns":7.0},{"damage":12.0,"enemies":"Reptomancer","floor":40.0,"turns":10.0},{"damage":0.0,"enemies":"3 Darklings","floor":41.0,"turns":7.0},{"damage":23.0,"enemies":"Giant Head","floor":42.0,"turns":13.0},{"damage":16.0,"enemies":"Reptomancer","floor":44.0,"turns":11.0},{"damage":30.0,"enemies":"Jaw Worm Horde","floor":45.0,"turns":5.0},{"damage":5.0,"enemies":"Awakened One","floor":50.0,"turns":24.0},{"damage":32,"enemies":"Shield and Spear","floor":54,"turns":8},{"damage":36,"enemies":"The Heart","floor":55,"turns":14}],"seed_played":"7259139887963864063","potions_obtained":[{"floor":2.0,"key":"Strength Potion"},{"floor":4.0,"key":"PowerPotion"},{"floor":11.0,"key":"Weak Potion"},{"floor":14.0,"key":"Weak Potion"},{"floor":16.0,"key":"FearPotion"}],"is_trial":false,"path_per_floor":["M","M","M","M","?","R","E","$","T","R","E","M","E","M","R","B",null,"M","M","M","$","M","E","R","M","T","R","M","E","R","E","R","B",null,"M","M","M","M","M","E","M","E","T","E","M","R","$","?","R","B",null,"R","$","E","B",null],"character_chosen":"THE_SILENT","items_purchased":["Glass Knife","PiercingWail","After Image","OrangePellets","Bottled Lightning","PiercingWail","Crippling Poison"],"campfire_rested":3,"item_purchase_floors":[8,8,21,21,47,47,47],"current_hp_per_floor":[70,70,70,70,70,70,65,65,65,65,44,41,23,25,46,22,70,70,57,51,51,52,46,67,70,77,77,77,77,77,77,77,62,77,76,74,73,81,74,72,80,62,62,58,38,65,65,65,65,87,87,87,87,63,62],"gold":71,"neow_bonus":"RANDOM_COMMON_RELIC","is_prod":false,"is_daily":false,"chose_seed":false,"campfire_upgraded":6,"win_rate":0,"timestamp":1563929104,"path_taken":["M","M","M","M","?","R","E","?","T","R","E","M","E","M","R","BOSS","M","M","M","$","M","E","R","M","T","R","M","E","R","E","R","BOSS","M","M","M","M","M","E","M","E","T","E","?","R","$","?","R","BOSS","R","$","E","BOSS"],"build_version":"2019-07-17","purchased_purges":2,"victory":true,"max_hp_per_floor":[70,70,70,70,70,70,70,70,70,70,70,70,70,70,70,70,70,70,70,70,70,70,70,70,70,77,77,77,77,77,77,77,77,77,79,79,81,81,81,83,83,83,83,83,85,87,87,87,87,87,87,87,87,89,89],"card_choices":[{"not_picked":["Sucker Punch","Tactician"],"picked":"Dodge and Roll","floor":1.0},{"not_picked":["Bane","Dagger Throw"],"picked":"PiercingWail","floor":2.0},{"not_picked":["Blade Dance","Quick Slash"],"picked":"Crippling Poison","floor":3.0},{"not_picked":["Cloak And Dagger","Endless Agony"],"picked":"Footwork","floor":4.0},{"not_picked":["Reflex","Finisher","Deflect"],"picked":"SKIP","floor":7.0},{"not_picked":["Quick Slash","Outmaneuver","Cloak And Dagger"],"picked":"Die Die Die","floor":11.0},{"not_picked":["Calculated Gamble","Predator","Skewer"],"picked":"Dash","floor":12.0},{"not_picked":["Dash","Skewer","Distraction","Blade Dance"],"picked":"SKIP","floor":13.0},{"not_picked":["Dagger Spray","Finisher","Sucker Punch"],"picked":"Dodge and Roll","floor":14.0},{"not_picked":["Unload","Glass Knife","Storm of Steel"],"picked":"Envenom","floor":16.0},{"not_picked":["Blade Dance+1","Flying Knee+1","Deadly Poison"],"picked":"Backflip","floor":18.0},{"not_picked":["Acrobatics+1","Blade Dance+1","Distraction"],"picked":"Bouncing Flask+1","floor":19.0},{"not_picked":["Cloak And Dagger","Escape Plan","Backstab"],"picked":"PiercingWail","floor":20.0},{"not_picked":["PiercingWail","Heel Hook","Eviscerate+1"],"picked":"Footwork+1","floor":22.0},{"not_picked":["Underhanded Strike","Grand Finale","Dash"],"picked":"Backflip","floor":23.0},{"not_picked":["Flechettes","Grand Finale","Skewer"],"picked":"PiercingWail","floor":25.0},{"not_picked":["Terror","Dagger Throw","Acrobatics+1"],"picked":"PiercingWail","floor":28.0},{"not_picked":["Escape Plan","Endless Agony","Riddle With Holes"],"picked":"PiercingWail+1","floor":29.0},{"not_picked":["Dagger Throw+1","Prepared","Deflect"],"picked":"Backflip","floor":31.0},{"not_picked":["Grand Finale","Unload","Night Terror"],"picked":"Wraith Form v2","floor":33.0},{"not_picked":["Quick Slash","Underhanded Strike","Cloak And Dagger+1","Distraction+1"],"picked":"Singing Bowl","floor":35.0},{"not_picked":["Setup+1","Concentrate+1","Accuracy+1"],"picked":"Noxious Fumes+1","floor":36.0},{"not_picked":["Flying Knee","Dagger Spray","Predator","Finisher+1"],"picked":"Singing Bowl","floor":37.0},{"not_picked":["Acrobatics+1","Slice","Dagger Spray"],"picked":"Backflip+1","floor":38.0},{"not_picked":["Cloak And Dagger+1","All Out Attack+1","Deflect"],"picked":"Wraith Form v2","floor":39.0},{"not_picked":["Quick Slash","Flying Knee","Poisoned Stab+1","Setup"],"picked":"Singing Bowl","floor":40.0},{"not_picked":["Flying Knee","Poisoned Stab","Dodge and Roll"],"picked":"Leg Sweep","floor":41.0},{"not_picked":["Backstab","Flechettes","Infinite Blades"],"picked":"Escape Plan+1","floor":42.0},{"not_picked":["Riddle With Holes","Sucker Punch+1","Dash"],"picked":"Catalyst","floor":44.0},{"not_picked":["Deflect","Flechettes","Blur+1","Concentrate"],"picked":"Singing Bowl","floor":45.0},{"not_picked":["Dagger Spray+1","Finisher+1","Dodge and Roll+1","Backflip+1"],"picked":"Singing Bowl","floor":46.0},{"not_picked":["Dagger Spray+1","Dagger Throw","Quick Slash","Sucker Punch+1"],"picked":"Singing Bowl","floor":54}],"player_experience":297411,"relics_obtained":[{"floor":7.0,"key":"Bird Faced Urn"},{"floor":9.0,"key":"Question Card"},{"floor":11.0,"key":"Dream Catcher"},{"floor":13.0,"key":"Centennial Puzzle"},{"floor":23.0,"key":"Bronze Scales"},{"floor":26.0,"key":"Strawberry"},{"floor":29.0,"key":"Singing Bowl"},{"floor":31.0,"key":"Calipers"},{"floor":40.0,"key":"Girya"},{"floor":42.0,"key":"Sundial"},{"floor":44.0,"key":"Pantograph"},{"floor":54,"key":"Incense Burner"}],"event_choices":[{"damage_healed":0.0,"max_hp_gain":0.0,"max_hp_loss":0.0,"gold_gain":0.0,"event_name":"NoteForYourself","player_choice":"Ignored","floor":5.0,"gold_loss":0.0,"damage_taken":0.0},{"cards_removed":["Envenom"],"damage_healed":0.0,"max_hp_gain":0.0,"max_hp_loss":0.0,"gold_gain":0.0,"event_name":"WeMeetAgain","player_choice":"Gave Card","floor":48.0,"gold_loss":0.0,"damage_taken":0.0,"relics_obtained":["Regal Pillow"]}],"is_beta":false,"boss_relics":[{"not_picked":["Ectoplasm","HoveringKite"],"picked":"Sozu"},{"not_picked":["Tiny House","Ring of the Serpent"],"picked":"Empty Cage"}],"items_purged_floors":[21,47],"is_endless":false,"potions_floor_spawned":[2,4,11,14,16,19,23,25,28,31,33,35,37,44],"ascension_level":0}