{"gold_per_floor":[117,132,132,145,145,145,176,48,48,48,48,62,136,121],"floor_reached":14,"playtime":323,"items_purged":["Injury"],"score":158,"play_id":"90cc5561-9d65-44d8-9c2e-1be89f52ebd5","local_time":"20190608115935","is_ascension_mode":true,"campfire_choices":[{"data":"Uppercut","floor":6,"key":"SMITH"},{"data":"Clothesline","floor":10,"key":"SMITH"}],"neow_cost":"NONE","seed_source_timestamp":113132399915800,"circlet_count":0,"master_deck":["AscendersBane","Strike_R","Strike_R","Strike_R","Strike_R","Strike_R","Defend_R","Defend_R","Defend_R+1","Defend_R","Bash+1","Uppercut+1","Bloodletting","Clothesline+1","Dropkick","Body Slam"],"relics":["Burning Blood","NeowsBlessing","Golden Idol","Singing Bowl","Kunai"],"potions_floor_usage":[7],"damage_taken":[{"damage":0,"enemies":"Cultist","floor":1,"turns":1},{"damage":0,"enemies":"2 Louse","floor":2,"turns":1},{"damage":0,"enemies":"Small Slimes","floor":4,"turns":1},{"damage":37,"enemies":"Lagavulin","floor":7,"turns":6},{"damage":7,"enemies":"Exordium Wildlife","floor":12,"turns":4},{"damage":21,"enemies":"Exordium Thugs","floor":14,"turns":1}],"seed_played":"-6415845224516561171","potions_obtained":[{"floor":1,"key":"FearPotion"}],"is_trial":false,"path_per_floor":["M","M","?","M","?","R","E","$","T","R","$","M","?","M"],"character_chosen":"IRONCLAD","items_purchased":["Strength Potion"],"campfire_rested":0,"item_purchase_floors":[8],"current_hp_per_floor":[74,75,75,75,52,52,21,21,21,21,21,20,20,0],"gold":121,"neow_bonus":"THREE_ENEMY_KILL","is_prod":false,"is_daily":false,"chose_seed":false,"campfire_upgraded":2,"win_rate":0,"timestamp":1559987975,"path_taken":["M","?","?","M","?","R","E","$","T","R","?","?","?","M"],"build_version":"2019-01-23","purchased_purges":1,"victory":false,"max_hp_per_floor":[75,75,75,75,75,75,75,75,75,75,75,75,75,75],"card_choices":[{"not_picked":["Headbutt","Perfected Strike"],"picked":"Uppercut","floor":1},{"not_picked":["Infernal Blade","Reckless Charge"],"picked":"Bloodletting","floor":2},{"not_picked":["Wild Strike","Headbutt"],"picked":"Clothesline","floor":4},{"not_picked":["Rage","Warcry"],"picked":"Dropkick","floor":7},{"not_picked":["Sentinel","Pummel"],"picked":"Body Slam","floor":12}],"player_experience":1223518,"relics_obtained":[{"floor":7,"key":"Singing Bowl"},{"floor":9,"key":"Kunai"}],"event_choices":[{"damage_healed":0,"gold_gain":0,"player_choice":"Take Wound","damage_taken":0,"relics_obtained":["Golden Idol"],"max_hp_gain":0,"max_hp_loss":0,"event_name":"Golden Idol","floor":3,"gold_loss":0,"cards_obtained":["Injury"]},{"damage_healed":0,"gold_gain":0,"player_choice":"Entered Light","damage_taken":23,"max_hp_gain":0,"max_hp_loss":0,"event_name":"Shining Light","floor":5,"gold_loss":0,"cards_upgraded":["Defend_R","Bash"]},{"damage_healed":0,"gold_gain":74,"player_choice":"Gained Gold","damage_taken":0,"max_hp_gain":0,"max_hp_loss":0,"event_name":"Golden Wing","floor":13,"gold_loss":0}],"is_beta":false,"boss_relics":[],"items_purged_floors":[8],"is_endless":false,"potions_floor_spawned":[1],"killed_by":"Exordium Thugs","ascension_level":16}