{"gold_per_floor":[114,114,129,209,35,35,35,35,82,108,108,108,19,29,29,100,100,120,35,35,46,0,33,33,49,49,96,127,52,52,70,70,70],"floor_reached":33,"playtime":1723,"items_purged":[],"score":502,"play_id":"a5252bff-daec-4491-8add-1b2a17f3e93f","local_time":"20181011200540","is_ascension_mode":true,"campfire_choices":[{"data":"Sweeping Beam","floor":6,"key":"SMITH"},{"data":"Go for the Eyes","floor":12,"key":"SMITH"},{"data":"Zap","floor":15,"key":"SMITH"},{"data":"Loop","floor":24,"key":"SMITH"},{"data":"Core Surge","floor":30,"key":"SMITH"},{"data":"Echo Form","floor":32,"key":"SMITH"}],"neow_cost":"NONE","seed_source_timestamp":91405319043670,"circlet_count":0,"master_deck":["Defend_B","Defend_B","Zap+1","Dualcast","AscendersBane","Steam","Ball Lightning","Reinforced Body","Sweeping Beam+1","Leap","Go for the Eyes+1","Conserve Battery","Cold Snap","Hologram+1","Echo Form+1","Loop+1","Ball Lightning+1","Core Surge+1","White Noise+1"],"relics":["Cracked Core","Meat on the Bone","Juzu Bracelet","Regal Pillow","Singing Bowl","Empty Cage","Happy Flower","Ginger","Darkstone Periapt","DataDisk","Bottled Lightning"],"potions_floor_usage":[16,28],"damage_taken":[{"damage":0,"enemies":"2 Louse","floor":1,"turns":2},{"damage":0,"enemies":"Cultist","floor":3,"turns":3},{"damage":28,"enemies":"Gremlin Nob","floor":10,"turns":5},{"damage":0,"enemies":"Jaw Worm","floor":14,"turns":3},{"damage":21,"enemies":"Hexaghost","floor":16,"turns":14},{"damage":2,"enemies":"Chosen","floor":18,"turns":6},{"damage":2,"enemies":"Spheric Guardian","floor":21,"turns":6},{"damage":26,"enemies":"Book of Stabbing","floor":23,"turns":8},{"damage":11,"enemies":"Shelled Parasite and Fungi","floor":25,"turns":5},{"damage":24,"enemies":"Slavers","floor":28,"turns":5},{"damage":5,"enemies":"Sentry and Sphere","floor":31,"turns":4},{"damage":74,"enemies":"Collector","floor":33,"turns":9}],"seed_played":"1499661691714329869","potions_obtained":[{"floor":10,"key":"FearPotion"},{"floor":14,"key":"FairyPotion"},{"floor":23,"key":"SpeedPotion"}],"is_trial":false,"path_per_floor":["M","?","M","T","$","R","?","?","T","E","?","R","$","M","R","B",null,"M","?","?","M","?","E","R","M","T","T","E","?","R","M","R"],"character_chosen":"DEFECT","items_purchased":["Juzu Bracelet","Conserve Battery","Cold Snap"],"campfire_rested":0,"item_purchase_floors":[5,13,13],"current_hp_per_floor":[64,64,64,64,64,64,64,69,69,41,34,34,34,46,46,37,66,66,66,66,64,64,50,50,51,51,51,39,39,39,48,48,0],"gold":70,"neow_bonus":"REMOVE_CARD","is_prod":false,"is_daily":false,"chose_seed":false,"campfire_upgraded":6,"win_rate":0,"timestamp":1539284740,"path_taken":["M","?","M","?","$","R","?","?","T","E","?","R","$","M","R","BOSS","M","?","?","M","?","E","R","M","T","?","E","?","R","M","R","BOSS"],"build_version":"2018-10-04v2","purchased_purges":0,"victory":false,"max_hp_per_floor":[71,71,71,71,71,71,71,76,76,76,76,76,76,76,76,76,76,78,78,78,78,78,78,78,78,78,78,78,78,78,80,80,80],"card_choices":[{"not_picked":["Leap","Redo"],"picked":"Steam","floor":1},{"not_picked":["Turbo","Go for the Eyes"],"picked":"Sweeping Beam","floor":3},{"not_picked":["All For One","Stack"],"picked":"Go for the Eyes","floor":10},{"not_picked":["Ball Lightning","Go for the Eyes"],"picked":"Hologram","floor":14},{"not_picked":["Rainbow","Seek"],"picked":"Echo Form","floor":16},{"not_picked":["Stack+1","Hologram","Beam Cell+1"],"picked":"Singing Bowl","floor":18},{"not_picked":["Conserve Battery","Auto Shields"],"picked":"Loop","floor":21},{"not_picked":["Chaos","Self Repair"],"picked":"Ball Lightning+1","floor":23},{"not_picked":["Sweeping Beam","Go for the Eyes"],"picked":"Core Surge","floor":25},{"not_picked":["Gash","Cold Snap+1"],"picked":"White Noise+1","floor":28},{"not_picked":["Beam Cell","Redo","Hyperbeam"],"picked":"Singing Bowl","floor":31}],"player_experience":804339,"relics_obtained":[{"floor":4,"key":"Meat on the Bone"},{"floor":9,"key":"Regal Pillow"},{"floor":10,"key":"Singing Bowl"},{"floor":23,"key":"Ginger"},{"floor":26,"key":"Darkstone Periapt"},{"floor":27,"key":"DataDisk"},{"floor":28,"key":"Bottled Lightning"}],"event_choices":[{"event_name":"Match and Keep!","player_choice":"2 cards matched","floor":2,"damage_taken":0},{"event_name":"Transmorgrifier","player_choice":"Transform","floor":7,"damage_taken":0},{"event_name":"Big Fish","player_choice":"Donut","floor":8,"damage_taken":0},{"event_name":"Golden Wing","player_choice":"Card Removal","floor":11,"damage_taken":0},{"event_name":"Addict","player_choice":"Obtained Relic","floor":19,"damage_taken":0},{"event_name":"Upgrade Shrine","player_choice":"Upgraded","floor":20,"damage_taken":0},{"event_name":"Masked Bandits","player_choice":"Paid Fearfully","floor":22,"damage_taken":0},{"event_name":"Beggar","player_choice":"Gave Gold","floor":29,"damage_taken":0}],"is_beta":false,"boss_relics":[{"not_picked":["Lizard Tail","FrozenCore"],"picked":"Empty Cage"}],"items_purged_floors":[],"is_endless":false,"potions_floor_spawned":[10,14,23],"killed_by":"Collector","ascension_level":16}