{"gold_per_floor":[117,117,133,144,157,157,187,187,213,245,277,289],"floor_reached":12,"playtime":673,"items_purged":[],"score":144,"play_id":"e0afdefa-2a00-4455-b5d0-33506b4a85a4","local_time":"20190528124952","is_ascension_mode":true,"campfire_choices":[{"data":"Bash","floor":6,"key":"SMITH"},{"data":"Feel No Pain","floor":8,"key":"SMITH"}],"neow_cost":"PERCENT_DAMAGE","seed_source_timestamp":1258552175102300,"circlet_count":0,"master_deck":["AscendersBane","Strike_R","Strike_R","Strike_R","Strike_R+1","Strike_R+1","Defend_R","Defend_R","Defend_R","Defend_R","Bash+1","Fiend Fire","Second Wind","Anger","Shrug It Off","Headbutt","Feel No Pain+1","Body Slam","Evolve"],"relics":["Burning Blood","Odd Mushroom","Whetstone","MawBank"],"potions_floor_usage":[10,10,12,12],"damage_taken":[{"damage":12,"enemies":"Jaw Worm","floor":1,"turns":2},{"damage":6,"enemies":"2 Louse","floor":3,"turns":4},{"damage":8,"enemies":"Small Slimes","floor":4,"turns":3},{"damage":11,"enemies":"3 Louse","floor":5,"turns":4},{"damage":25,"enemies":"The Mushroom Lair","floor":7,"turns":5},{"damage":11,"enemies":"3 Sentries","floor":10,"turns":7},{"damage":16,"enemies":"Blue Slaver","floor":11,"turns":4},{"damage":20,"enemies":"Lagavulin","floor":12,"turns":4}],"seed_played":"671754001063550043","potions_obtained":[{"floor":3,"key":"Energy Potion"},{"floor":5,"key":"Strength Potion"},{"floor":10,"key":"SkillPotion"},{"floor":11,"key":"PowerPotion"}],"is_trial":false,"path_per_floor":["M","?","M","M","M","R","?","R","T","E","M","E"],"character_chosen":"IRONCLAD","items_purchased":[],"campfire_rested":0,"item_purchase_floors":[],"current_hp_per_floor":[44,49,49,47,42,42,23,23,23,18,8,0],"gold":289,"neow_bonus":"THREE_RARE_CARDS","is_prod":false,"is_daily":false,"chose_seed":false,"campfire_upgraded":2,"win_rate":0,"timestamp":1559040592,"path_taken":["M","?","M","M","M","R","?","R","T","E","M","E"],"build_version":"2019-01-23","purchased_purges":0,"victory":false,"max_hp_per_floor":[75,80,80,80,80,80,80,80,80,80,80,80],"card_choices":[{"not_picked":["Immolate","Barricade"],"picked":"Fiend Fire","floor":0},{"not_picked":["Clash","Warcry"],"picked":"Second Wind","floor":1},{"not_picked":["Bloodletting","Rage"],"picked":"Anger","floor":3},{"not_picked":["Inflame","Heavy Blade"],"picked":"Shrug It Off","floor":4},{"not_picked":["Carnage","Wild Strike"],"picked":"Headbutt","floor":5},{"not_picked":["Burning Pact","Entrench"],"picked":"Feel No Pain","floor":7},{"not_picked":["Entrench","Clothesline"],"picked":"Body Slam","floor":10},{"not_picked":["Warcry","Heavy Blade"],"picked":"Evolve","floor":11}],"player_experience":1217655,"relics_obtained":[{"floor":7,"key":"Odd Mushroom"},{"floor":9,"key":"Whetstone"},{"floor":10,"key":"MawBank"}],"event_choices":[{"damage_healed":0,"gold_gain":0,"player_choice":"Donut","damage_taken":0,"max_hp_gain":5,"max_hp_loss":0,"event_name":"Big Fish","floor":2,"gold_loss":0},{"damage_healed":0,"gold_gain":0,"player_choice":"Fought Mushrooms","damage_taken":0,"max_hp_gain":0,"max_hp_loss":0,"event_name":"Mushrooms","floor":7,"gold_loss":0}],"is_beta":false,"boss_relics":[],"items_purged_floors":[],"is_endless":false,"potions_floor_spawned":[3,5,7,10,11],"killed_by":"Lagavulin","ascension_level":16}