{"gold_per_floor":[369,388,388,401,242,268,268,298,321,321,304,304,304,314,314,314],"floor_reached":16,"playtime":653,"items_purged":["Strike_R"],"score":179,"play_id":"35294b93-bd48-45dc-9c69-7a2862611585","local_time":"20180825211335","is_ascension_mode":true,"campfire_choices":[{"floor":7,"key":"REST"},{"data":"Shockwave","floor":12,"key":"SMITH"},{"data":"Metallicize","floor":15,"key":"SMITH"}],"neow_cost":"PERCENT_DAMAGE","seed_source_timestamp":642012042923356,"circlet_count":0,"master_deck":["Strike_R","Strike_R","Strike_R","Strike_R","Defend_R","Defend_R","Defend_R","Defend_R","Bash","AscendersBane","Cleave","Clothesline","Pummel","Metallicize","Shockwave+1","Metallicize+1"],"relics":["Burning Blood","Juzu Bracelet","Strawberry","Oddly Smooth Stone","Meat on the Bone"],"potions_floor_usage":[6,13],"damage_taken":[{"damage":6,"enemies":"Cultist","floor":1,"turns":4},{"damage":7,"enemies":"Jaw Worm","floor":2,"turns":3},{"damage":4,"enemies":"Small Slimes","floor":4,"turns":5},{"damage":20,"enemies":"Lagavulin","floor":6,"turns":5},{"damage":32,"enemies":"Gremlin Nob","floor":8,"turns":5},{"damage":8,"enemies":"Exordium Thugs","floor":11,"turns":4},{"damage":0,"enemies":"Exordium Wildlife","floor":13,"turns":1},{"damage":23,"enemies":"Looter","floor":14,"turns":4},{"damage":62,"enemies":"Hexaghost","floor":16,"turns":14}],"seed_played":"8766160817702095053","potions_obtained":[{"floor":2,"key":"SmokeBomb"},{"floor":11,"key":"Explosive Potion"}],"is_trial":false,"path_per_floor":["M","M","?","M","$","E","R","E","T","T","M","R","M","M","R"],"character_chosen":"IRONCLAD","items_purchased":["Strength Potion","Pummel"],"campfire_rested":1,"item_purchase_floors":[5,5],"current_hp_per_floor":[51,50,55,57,57,43,68,49,49,49,59,59,65,60,60,0],"gold":314,"neow_bonus":"TWO_FIFTY_GOLD","is_prod":false,"is_daily":false,"chose_seed":false,"campfire_upgraded":2,"win_rate":0,"timestamp":1535228015,"path_taken":["M","?","?","M","$","E","R","E","T","?","M","R","M","M","R","BOSS"],"build_version":"2018-08-23v2","purchased_purges":1,"victory":false,"max_hp_per_floor":[80,80,85,85,85,85,85,92,92,92,92,92,92,92,92,92],"card_choices":[{"not_picked":["Anger","Body Slam"],"picked":"Cleave","floor":1},{"not_picked":["Twin Strike","Wild Strike"],"picked":"Clothesline","floor":2},{"not_picked":["Clash","Clothesline","Sever Soul"],"picked":"SKIP","floor":4},{"not_picked":["Rupture","Pummel"],"picked":"Metallicize","floor":6},{"not_picked":["Headbutt","Blood for Blood"],"picked":"Shockwave","floor":8},{"not_picked":["Burning Pact","Pummel"],"picked":"Metallicize","floor":11},{"not_picked":["Dropkick","Twin Strike","Flex"],"picked":"SKIP","floor":14}],"player_experience":602301,"relics_obtained":[{"floor":6,"key":"Juzu Bracelet"},{"floor":8,"key":"Strawberry"},{"floor":9,"key":"Oddly Smooth Stone"},{"floor":10,"key":"Meat on the Bone"}],"event_choices":[{"event_name":"Big Fish","player_choice":"Donut","floor":3,"damage_taken":0}],"is_beta":false,"boss_relics":[],"items_purged_floors":[5],"is_endless":false,"potions_floor_spawned":[2,11,13],"killed_by":"Hexaghost","ascension_level":12}