{"gold_per_floor":[161,11,21,39,114,114,114,114,140,140,140,158,188,158,158,158],"floor_reached":16,"playtime":660,"items_purged":["Strike_G"],"score":132,"play_id":"9fdb1915-0561-4a82-ae26-9620fa616298","local_time":"20190927025744","is_ascension_mode":true,"campfire_choices":[{"data":"Sucker Punch","floor":6.0,"key":"SMITH"},{"data":"Dagger Spray","floor":8.0,"key":"SMITH"},{"data":"Neutralize","floor":10.0,"key":"SMITH"},{"data":"Burst","floor":15,"key":"SMITH"}],"neow_cost":"NONE","seed_source_timestamp":751490096945373,"circlet_count":0,"master_deck":["Strike_G","Strike_G","Strike_G+1","Defend_G","Defend_G","Defend_G","Defend_G","Defend_G","Survivor","Neutralize+1","Dash","Dagger Throw","Dagger Spray+1","Sucker Punch+1","Terror","Backflip","Burst+1"],"special_seed":0,"relics":["Tiny House","Happy Flower","Art of War"],"potions_floor_usage":[13,16,16,16],"damage_taken":[{"damage":1.0,"enemies":"2 Louse","floor":1.0,"turns":3.0},{"damage":0.0,"enemies":"Jaw Worm","floor":3.0,"turns":4.0},{"damage":0.0,"enemies":"Cultist","floor":4.0,"turns":3.0},{"damage":0,"enemies":"Red Slaver","floor":12,"turns":3},{"damage":15,"enemies":"Lagavulin","floor":13,"turns":6},{"damage":0,"enemies":"Looter","floor":14,"turns":4},{"damage":46,"enemies":"Slime Boss","floor":16,"turns":12}],"seed_played":"-8839949186960061676","potions_obtained":[{"floor":0.0,"key":"PowerPotion"},{"floor":1.0,"key":"PowerPotion"},{"floor":3.0,"key":"SkillPotion"},{"floor":13,"key":"SpeedPotion"}],"is_trial":false,"path_per_floor":["M","$","M","M","?","R","?","R","T","R","?","M","E","M","R","B"],"character_chosen":"THE_SILENT","items_purchased":["Dagger Spray","Sucker Punch"],"campfire_rested":0,"item_purchase_floors":[2,2],"current_hp_per_floor":[67,67,67,67,56,56,56,56,56,56,56,56,41,41,41,0],"gold":158,"neow_bonus":"BOSS_RELIC","is_prod":false,"is_daily":false,"chose_seed":false,"campfire_upgraded":4,"win_rate":0,"timestamp":1569578264,"path_taken":["M","$","M","M","?","R","?","R","T","R","?","M","E","M","R","BOSS"],"build_version":"2019-07-17","purchased_purges":1,"victory":false,"max_hp_per_floor":[75,75,75,75,75,75,75,75,75,75,75,75,75,75,75,75],"card_choices":[{"not_picked":["Crippling Poison","Predator"],"picked":"Dash","floor":0.0},{"not_picked":["Deflect","Tactician"],"picked":"Dagger Throw","floor":1.0},{"not_picked":["Dagger Spray","Sucker Punch","Crippling Poison"],"picked":"SKIP","floor":3.0},{"not_picked":["Infinite Blades","Dagger Throw","Choke"],"picked":"SKIP","floor":4.0},{"not_picked":["Dagger Throw","Riddle With Holes"],"picked":"Backflip","floor":12},{"not_picked":["Underhanded Strike","Dagger Spray"],"picked":"Burst","floor":13},{"not_picked":["Infinite Blades","Setup","Eviscerate"],"picked":"SKIP","floor":14}],"player_experience":254350,"relics_obtained":[{"floor":9.0,"key":"Happy Flower"},{"floor":13,"key":"Art of War"}],"event_choices":[{"damage_healed":0.0,"max_hp_gain":0.0,"max_hp_loss":0.0,"gold_gain":75.0,"event_name":"World of Goop","player_choice":"Gather Gold","floor":5.0,"gold_loss":0.0,"damage_taken":11.0},{"damage_healed":0.0,"max_hp_gain":0.0,"max_hp_loss":0.0,"gold_gain":0.0,"event_name":"Liars Game","player_choice":"Ignored","floor":7.0,"gold_loss":0.0,"damage_taken":0.0},{"damage_healed":0,"gold_gain":0,"cards_transformed":["Strike_G"],"player_choice":"Transformed","damage_taken":0,"max_hp_gain":0,"max_hp_loss":0,"event_name":"Transmorgrifier","floor":11,"gold_loss":0,"cards_obtained":["Terror"]}],"is_beta":false,"boss_relics":[],"items_purged_floors":[2],"is_endless":false,"potions_floor_spawned":[1,3,13],"killed_by":"Slime Boss","ascension_level":7}