{"gold_per_floor":[113,38,38,52,227,227,254,254,254,33,54,54,72,83,83,160,160,176,193,12,28,28,28,63,63],"floor_reached":25,"playtime":2382,"items_purged":["Strike_B"],"score":372,"play_id":"34c1c1ed-ed2e-497c-a653-232eaac712ea","local_time":"20180922003550","is_ascension_mode":true,"campfire_choices":[{"data":"Streamline","floor":6,"key":"SMITH"},{"data":"Multi-Cast","floor":8,"key":"SMITH"},{"floor":15,"key":"REST"},{"floor":23,"key":"REST"}],"neow_cost":"NONE","seed_source_timestamp":13923738907398,"circlet_count":0,"master_deck":["Strike_B","Strike_B","Strike_B","Defend_B","Defend_B","Defend_B","Dualcast","AscendersBane","Leap","Multi-Cast+1","Streamline+1","Doubt","Ball Lightning","FTL","Beam Cell","Recycle","Creative AI","Sunder","Mayhem","Machine Learning","Chill","Amplify","Hello World+1"],"relics":["Cracked Core","DataDisk","Matryoshka","Happy Flower","Girya","Tiny Chest","Odd Mushroom","Vajra","Thread and Needle","Snecko Eye","Juzu Bracelet"],"potions_floor_usage":[7,16,18,18],"damage_taken":[{"damage":0,"enemies":"Cultist","floor":1,"turns":3},{"damage":0,"enemies":"2 Louse","floor":4,"turns":3},{"damage":21,"enemies":"3 Sentries","floor":7,"turns":7},{"damage":17,"enemies":"The Mushroom Lair","floor":11,"turns":3},{"damage":0,"enemies":"Small Slimes","floor":13,"turns":2},{"damage":3,"enemies":"3 Louse","floor":14,"turns":2},{"damage":2,"enemies":"Slime Boss","floor":16,"turns":5},{"damage":16,"enemies":"3 Byrds","floor":18,"turns":4},{"damage":5,"enemies":"Shell Parasite","floor":19,"turns":6},{"damage":13,"enemies":"Shelled Parasite and Fungi","floor":21,"turns":7},{"damage":44,"enemies":"Slavers","floor":24,"turns":8},{"damage":7,"enemies":"Snake Plant","floor":25,"turns":1}],"seed_played":"-331084600180692177","potions_obtained":[{"floor":4,"key":"Block Potion"},{"floor":7,"key":"GamblersBrew"},{"floor":13,"key":"PowerPotion"},{"floor":16,"key":"Fire Potion"},{"floor":19,"key":"Dexterity Potion"},{"floor":21,"key":"Energy Potion"}],"is_trial":false,"path_per_floor":["M","$","$","M","?","R","E","R","T","$","?","T","M","M","R","B",null,"M","M","$","M","?","R","E"],"character_chosen":"DEFECT","items_purchased":["Multi-Cast","Tiny Chest","FTL","Mayhem"],"campfire_rested":2,"item_purchase_floors":[2,10,10,20],"current_hp_per_floor":[64,64,64,64,64,64,43,43,43,43,26,26,26,23,44,42,64,48,43,43,30,30,51,7,0],"gold":63,"neow_bonus":"RANDOM_COMMON_RELIC","is_prod":false,"is_daily":false,"chose_seed":false,"campfire_upgraded":2,"win_rate":0,"timestamp":1537572950,"path_taken":["M","?","$","?","?","R","E","R","T","$","?","?","M","M","R","BOSS","M","M","$","?","?","R","E","M"],"build_version":"2018-09-20","purchased_purges":1,"victory":false,"max_hp_per_floor":[71,71,71,71,71,71,71,71,71,71,71,71,71,71,71,71,71,71,71,71,71,71,71,71,71],"card_choices":[{"not_picked":["Stack","Steam"],"picked":"Leap","floor":1},{"not_picked":["Consume","Sweeping Beam"],"picked":"Streamline","floor":4},{"not_picked":["Melter","Barrage"],"picked":"Ball Lightning","floor":7},{"not_picked":["Gash","Beam Cell"],"picked":"Glacier","floor":11},{"not_picked":["Conserve Battery","Redo"],"picked":"Beam Cell","floor":13},{"not_picked":["Rip and Tear","Conserve Battery"],"picked":"Recycle","floor":14},{"not_picked":["Rainbow","Reboot"],"picked":"Creative AI","floor":16},{"not_picked":["Stack","Skim","Beam Cell"],"picked":"SKIP","floor":18},{"not_picked":["Hologram","Barrage"],"picked":"Sunder","floor":19},{"not_picked":["Coolheaded","Gash","Blizzard"],"picked":"SKIP","floor":21},{"not_picked":["Lockon","Ball Lightning"],"picked":"Hello World+1","floor":24}],"player_experience":752429,"relics_obtained":[{"floor":7,"key":"Matryoshka"},{"floor":9,"key":"Happy Flower"},{"floor":9,"key":"Girya"},{"floor":11,"key":"Odd Mushroom"},{"floor":12,"key":"Vajra"},{"floor":12,"key":"Thread and Needle"},{"floor":24,"key":"Juzu Bracelet"}],"event_choices":[{"event_name":"Liars Game","player_choice":"agreed","floor":5,"damage_taken":0},{"event_name":"Mushrooms","player_choice":"Fought Mushrooms","floor":11,"damage_taken":0},{"event_name":"Drug Dealer","player_choice":"Became Test Subject","floor":22,"damage_taken":0}],"is_beta":false,"boss_relics":[{"not_picked":["Pandora\u0027s Box","Coffee Dripper"],"picked":"Snecko Eye"}],"items_purged_floors":[10],"is_endless":false,"potions_floor_spawned":[4,7,13,16,19,21],"killed_by":"Snake Plant","ascension_level":14}