{"gold_per_floor":[118,118,135,182,198,198,227,227,305,305,320,280],"floor_reached":12,"playtime":351,"items_purged":[],"score":156,"play_id":"5f39b323-f51c-437d-852c-779cedb3fa30","local_time":"20190531113756","is_ascension_mode":true,"campfire_choices":[{"data":"Static Discharge","floor":6,"key":"SMITH"},{"floor":8,"key":"REST"}],"neow_cost":"NONE","seed_source_timestamp":1181596058890482,"circlet_count":0,"master_deck":["AscendersBane","Strike_B","Strike_B","Strike_B","Strike_B","Defend_B","Defend_B","Defend_B","Defend_B","Zap","Dualcast","Meteor Strike","Static Discharge+1","Ball Lightning","Cold Snap","White Noise","Pain","Echo Form"],"relics":["Cracked Core","Bag of Marbles","Matryoshka","Bag of Preparation","Question Card","WarpedTongs"],"potions_floor_usage":[3,7,11],"damage_taken":[{"damage":10,"enemies":"Small Slimes","floor":1,"turns":3},{"damage":7,"enemies":"Cultist","floor":3,"turns":4},{"damage":12,"enemies":"Jaw Worm","floor":5,"turns":2},{"damage":25,"enemies":"Lagavulin","floor":7,"turns":4},{"damage":13,"enemies":"Gremlin Gang","floor":11,"turns":3},{"damage":30,"enemies":"Exordium Thugs","floor":12,"turns":2}],"seed_played":"-2142366581555499569","potions_obtained":[{"floor":2,"key":"Fruit Juice"},{"floor":2,"key":"Energy Potion"},{"floor":3,"key":"Poison Potion"},{"floor":11,"key":"Swift Potion"}],"is_trial":false,"path_per_floor":["M","?","M","T","M","R","E","R","T","?","M","M"],"character_chosen":"DEFECT","items_purchased":[],"campfire_rested":1,"item_purchase_floors":[],"current_hp_per_floor":[54,54,52,52,40,40,15,37,37,37,24,0],"gold":280,"neow_bonus":"ONE_RANDOM_RARE_CARD","is_prod":false,"is_daily":false,"chose_seed":false,"campfire_upgraded":1,"win_rate":0,"timestamp":1559295476,"path_taken":["M","?","?","?","M","R","E","R","T","?","M","M"],"build_version":"2019-01-23","purchased_purges":0,"victory":false,"max_hp_per_floor":[71,71,76,76,76,76,76,76,76,76,76,76],"card_choices":[{"not_picked":["Redo","Barrage"],"picked":"Static Discharge","floor":1},{"not_picked":["Doom and Gloom","Capacitor"],"picked":"Ball Lightning","floor":3},{"not_picked":["Rebound","Conserve Battery"],"picked":"Cold Snap","floor":5},{"not_picked":["Doom and Gloom","Hello World"],"picked":"White Noise","floor":7},{"not_picked":["Loop","Ball Lightning","Redo"],"picked":"Echo Form","floor":11}],"player_experience":815501,"relics_obtained":[{"floor":4,"key":"Bag of Marbles"},{"floor":7,"key":"Matryoshka"},{"floor":9,"key":"Bag of Preparation"},{"floor":9,"key":"Question Card"}],"event_choices":[{"damage_healed":0,"gold_gain":0,"player_choice":"Got Potions","damage_taken":0,"max_hp_gain":0,"max_hp_loss":0,"event_name":"Lab","floor":2,"gold_loss":0},{"damage_healed":0,"gold_gain":0,"player_choice":"Rummage","damage_taken":0,"relics_obtained":["WarpedTongs"],"max_hp_gain":0,"max_hp_loss":0,"event_name":"Accursed Blacksmith","floor":10,"gold_loss":0,"cards_obtained":["Pain"]}],"is_beta":false,"boss_relics":[],"items_purged_floors":[],"is_endless":false,"potions_floor_spawned":[3,11],"killed_by":"Exordium Thugs","ascension_level":20}