{"gold_per_floor":[115,126,138,157,176,176,191,253,329,329,329,329,13,30,30,30],"floor_reached":16,"playtime":682,"items_purged":["Strike_G"],"score":169,"play_id":"e2bb60c8-24e9-4ba8-ac33-23e8197259d4","local_time":"20190610104230","is_ascension_mode":true,"campfire_choices":[{"data":"Neutralize","floor":6,"key":"SMITH"},{"data":"Crippling Poison","floor":10,"key":"SMITH"},{"data":"All Out Attack","floor":12,"key":"SMITH"},{"data":"Leg Sweep","floor":15,"key":"SMITH"}],"neow_cost":"NONE","seed_source_timestamp":280954418505800,"circlet_count":0,"master_deck":["AscendersBane","Defend_G","Defend_G","Defend_G","Defend_G","Defend_G","Strike_G","Strike_G","Strike_G","Strike_G","Survivor","Neutralize+1","All Out Attack+1","Crippling Poison+1","Slice","Leg Sweep+1","PiercingWail","Caltrops","Caltrops","Blur"],"relics":["Ring of the Snake","Lantern","Ornamental Fan","Pantograph","Bottled Lightning","Bag of Marbles"],"potions_floor_usage":[5,16],"damage_taken":[{"damage":0,"enemies":"Small Slimes","floor":1,"turns":3},{"damage":0,"enemies":"Jaw Worm","floor":2,"turns":5},{"damage":0,"enemies":"Cultist","floor":3,"turns":4},{"damage":9,"enemies":"Lots of Slimes","floor":4,"turns":4},{"damage":6,"enemies":"Exordium Wildlife","floor":5,"turns":5},{"damage":0,"enemies":"2 Fungi Beasts","floor":7,"turns":3},{"damage":19,"enemies":"3 Sentries","floor":8,"turns":9},{"damage":0,"enemies":"Looter","floor":14,"turns":4},{"damage":66,"enemies":"Slime Boss","floor":16,"turns":11}],"seed_played":"6234319325581724050","potions_obtained":[{"floor":3,"key":"Regen Potion"},{"floor":4,"key":"SmokeBomb"},{"floor":14,"key":"SpeedPotion"}],"is_trial":false,"path_per_floor":["M","M","M","M","M","R","M","?","T","R","T","R","$","M","R","B"],"character_chosen":"THE_SILENT","items_purchased":["Caltrops","Bag of Marbles"],"campfire_rested":0,"item_purchase_floors":[13,13],"current_hp_per_floor":[59,59,59,50,58,58,58,39,39,39,39,39,39,39,39,0],"gold":30,"neow_bonus":"RANDOM_COMMON_RELIC","is_prod":false,"is_daily":false,"chose_seed":false,"campfire_upgraded":4,"win_rate":0,"timestamp":1560156150,"path_taken":["M","M","M","M","M","R","M","?","T","R","?","R","$","M","R","BOSS"],"build_version":"2019-01-23","purchased_purges":1,"victory":false,"max_hp_per_floor":[66,66,66,66,66,66,66,66,66,66,66,66,66,66,66,66],"card_choices":[{"not_picked":["Flying Knee","Slice"],"picked":"All Out Attack","floor":1},{"not_picked":["Dagger Throw","Noxious Fumes"],"picked":"Crippling Poison","floor":2},{"not_picked":["Prepared","Finisher"],"picked":"Slice","floor":3},{"not_picked":["Backflip","Dash"],"picked":"Leg Sweep","floor":4},{"not_picked":["Blade Dance","Eviscerate"],"picked":"PiercingWail","floor":5},{"not_picked":["Tactician","Setup","Underhanded Strike"],"picked":"SKIP","floor":7},{"not_picked":["Burst","Dodge and Roll"],"picked":"Caltrops","floor":8},{"not_picked":["Underhanded Strike","Crippling Poison"],"picked":"Blur","floor":14}],"player_experience":1273054,"relics_obtained":[{"floor":8,"key":"Ornamental Fan"},{"floor":9,"key":"Pantograph"},{"floor":11,"key":"Bottled Lightning"}],"event_choices":[{"damage_healed":0,"gold_gain":0,"player_choice":"Searched \u00271\u0027 times","damage_taken":0,"max_hp_gain":0,"max_hp_loss":0,"event_name":"Dead Adventurer","floor":8,"gold_loss":0}],"is_beta":false,"boss_relics":[],"items_purged_floors":[13],"is_endless":false,"potions_floor_spawned":[3,4,14],"killed_by":"Slime Boss","ascension_level":16}