{"gold_per_floor":[118,134,208,208,133,161,180,180,180,195,210,210,236,52,52,129,129,147,147,147,22,22,22,38,38,38,38],"floor_reached":27,"playtime":694,"items_purged":["Strike_B","Strike_B","Pain"],"score":488,"play_id":"a1e89e6d-a328-43f3-bedb-e89e440d9804","local_time":"20190106203815","is_ascension_mode":true,"campfire_choices":[{"data":"Static Discharge","floor":8.0,"key":"SMITH"},{"data":"White Noise","floor":12.0,"key":"SMITH"},{"data":"Defragment","floor":15.0,"key":"SMITH"},{"data":"Fission","floor":23.0,"key":"SMITH"}],"neow_cost":"NONE","seed_source_timestamp":355606445727653,"circlet_count":0,"master_deck":["AscendersBane","Strike_B","Strike_B","Defend_B","Defend_B","Defend_B","Defend_B","Zap","Dualcast","Static Discharge+1","Coolheaded","Streamline","Ball Lightning","White Noise+1","Meteor Strike","Defragment+1","Fission+1","Doubt","Shame","Conserve Battery","Shame","BootSequence","Ghostly","Ghostly","Ghostly"],"special_seed":0,"relics":["Cracked Core","NeowsBlessing","Matryoshka","Happy Flower","Meat on the Bone","Question Card","Unceasing Top","Centennial Puzzle","Bottled Flame","Calling Bell","Strawberry","Shuriken","Torii","Gambling Chip","Blue Candle"],"potions_floor_usage":[27],"damage_taken":[{"damage":0.0,"enemies":"Cultist","floor":1.0,"turns":1.0},{"damage":0.0,"enemies":"Jaw Worm","floor":2.0,"turns":1.0},{"damage":0.0,"enemies":"Gremlin Nob","floor":6.0,"turns":1.0},{"damage":8.0,"enemies":"Small Slimes","floor":7.0,"turns":3.0},{"damage":4.0,"enemies":"Blue Slaver","floor":10.0,"turns":4.0},{"damage":18.0,"enemies":"Large Slime","floor":11.0,"turns":3.0},{"damage":38.0,"enemies":"Lagavulin","floor":13.0,"turns":4.0},{"damage":17.0,"enemies":"The Guardian","floor":16.0,"turns":8.0},{"damage":21.0,"enemies":"Spheric Guardian","floor":18.0,"turns":3.0},{"damage":20.0,"enemies":"3 Byrds","floor":24.0,"turns":5.0},{"damage":44,"enemies":"Gremlin Leader","floor":27,"turns":6}],"seed_played":"343129335145872716","potions_obtained":[{"floor":1.0,"key":"GamblersBrew"},{"floor":11.0,"key":"Regen Potion"},{"floor":16.0,"key":"FocusPotion"},{"floor":24.0,"key":"Fire Potion"}],"is_trial":false,"path_per_floor":["M","M","T","T","$","E","M","R","T","M","M","R","E","$","R","B",null,"M","?","?","$","?","R","M","?","T","E"],"character_chosen":"DEFECT","items_purchased":["Defragment"],"campfire_rested":0,"item_purchase_floors":[14],"current_hp_per_floor":[64,64,64,64,64,64,56,56,56,52,46,46,32,32,32,27,67,46,62,62,62,62,62,42,39,39,0],"gold":38,"neow_bonus":"THREE_ENEMY_KILL","is_prod":false,"is_daily":false,"chose_seed":false,"campfire_upgraded":4,"win_rate":0,"timestamp":1546803495,"path_taken":["M","M","?","?","?","E","M","R","T","M","M","R","E","$","R","BOSS","M","?","?","$","?","R","M","?","T","E"],"build_version":"2019-01-03v4","purchased_purges":3,"victory":false,"max_hp_per_floor":[71,71,71,71,71,71,71,71,71,71,71,71,71,71,71,71,78,78,78,78,78,78,78,78,39,39,39],"card_choices":[{"not_picked":["Hologram","Beam Cell"],"picked":"Static Discharge","floor":1.0},{"not_picked":["Go for the Eyes","Recycle"],"picked":"Coolheaded","floor":2.0},{"not_picked":["Rebound","Stack"],"picked":"Streamline","floor":6.0},{"not_picked":["Tempest","Gash","White Noise"],"picked":"Ball Lightning","floor":7.0},{"not_picked":["Redo","Beam Cell","Heatsinks"],"picked":"White Noise","floor":10.0},{"not_picked":["Turbo","Loop","Coolheaded"],"picked":"Meteor Strike","floor":11.0},{"not_picked":["Hologram","Turbo","Cold Snap","Gash"],"picked":"SKIP","floor":13.0},{"not_picked":["Multi-Cast","Rainbow","Meteor Strike"],"picked":"Fission","floor":16.0},{"not_picked":["Gash","Storm","Rip and Tear"],"picked":"Conserve Battery","floor":18.0},{"not_picked":["Streamline+1","White Noise","Gash"],"picked":"BootSequence","floor":24.0}],"player_experience":579385,"relics_obtained":[{"floor":3.0,"key":"Matryoshka"},{"floor":4.0,"key":"Happy Flower"},{"floor":4.0,"key":"Meat on the Bone"},{"floor":6.0,"key":"Question Card"},{"floor":9.0,"key":"Unceasing Top"},{"floor":9.0,"key":"Centennial Puzzle"},{"floor":13.0,"key":"Bottled Flame"},{"floor":17.0,"key":"Strawberry"},{"floor":17.0,"key":"Shuriken"},{"floor":17.0,"key":"Torii"},{"floor":26.0,"key":"Blue Candle"}],"event_choices":[{"damage_healed":16.0,"max_hp_gain":0.0,"max_hp_loss":0.0,"gold_gain":0.0,"event_name":"The Library","player_choice":"Heal","floor":19.0,"gold_loss":0.0,"damage_taken":0.0},{"damage_healed":0.0,"max_hp_gain":0.0,"max_hp_loss":0.0,"gold_gain":0.0,"event_name":"Addict","player_choice":"Stole Relic","floor":20.0,"gold_loss":0.0,"damage_taken":0.0,"relics_obtained":["Gambling Chip"],"cards_obtained":["Shame"]},{"damage_healed":0.0,"max_hp_gain":0.0,"max_hp_loss":0.0,"gold_gain":0.0,"event_name":"Cursed Tome","player_choice":"Ignored","floor":22.0,"gold_loss":0.0,"damage_taken":0.0},{"damage_healed":0.0,"max_hp_gain":0.0,"max_hp_loss":39.0,"gold_gain":0.0,"event_name":"Ghosts","player_choice":"Became a Ghost","floor":25.0,"gold_loss":0.0,"damage_taken":0.0,"cards_obtained":["Ghostly","Ghostly","Ghostly"]}],"is_beta":false,"boss_relics":[{"not_picked":["Eternal Feather","Empty Cage"],"picked":"Calling Bell"}],"items_purged_floors":[5,14,21],"is_endless":false,"potions_floor_spawned":[1,11,16,24],"killed_by":"Gremlin Leader","ascension_level":20}