{"gold_per_floor":[119,130,205,205,224,224,22,22,70,20,50,62,62,75,75,171,171,189,11,11,11,11,45,70,70,70,2,36,36,49,59,59,136,136,146,158,158,170,181,181,4,24,24,58,58,58,70,83,83,83],"floor_reached":50,"playtime":3837,"items_purged":["Strike_G","Strike_G","Strike_G"],"score":870,"play_id":"e2029aad-530d-4218-8112-b5950dbc15be","local_time":"20190307081718","is_ascension_mode":true,"campfire_choices":[{"data":"Crippling Poison","floor":6,"key":"SMITH"},{"data":"Neutralize","floor":8,"key":"SMITH"},{"data":"Footwork","floor":15,"key":"SMITH"},{"data":"Cloak And Dagger","floor":25,"key":"SMITH"},{"floor":32,"key":"REST"},{"floor":40,"key":"REST"},{"data":"Magnetism","floor":45,"key":"SMITH"},{"floor":49,"key":"REST"}],"neow_cost":"NONE","seed_source_timestamp":95266040555900,"circlet_count":0,"master_deck":["AscendersBane","Defend_G","Defend_G+1","Defend_G","Defend_G+1","Defend_G","Strike_G","Survivor","Neutralize+1","Footwork+1","Acrobatics","Crippling Poison+1","Well Laid Plans","Deflect","Backflip","Poisoned Stab","Sucker Punch","A Thousand Cuts+1","Flying Knee","Noxious Fumes","Cloak And Dagger+1","Glass Knife","Tactician+1","Escape Plan","Dodge and Roll","Corpse Explosion","Cloak And Dagger","Leg Sweep","Magnetism+1","Panache","Blade Dance","Catalyst","Endless Agony","Injury","Finisher","Dagger Throw+1","Burst"],"relics":["Ring of the Snake","Omamori","War Paint","Paper Crane","Bloody Idol","Cursed Key","Bronze Scales","Darkstone Periapt","Girya","Eternal Feather","Bottled Flame","Pen Nib"],"potions_floor_usage":[11,16,18,23,30,38,39,42,44],"damage_taken":[{"damage":6,"enemies":"Jaw Worm","floor":1,"turns":9},{"damage":0,"enemies":"2 Louse","floor":2,"turns":3},{"damage":2,"enemies":"Small Slimes","floor":5,"turns":6},{"damage":13,"enemies":"Lagavulin","floor":11,"turns":12},{"damage":0,"enemies":"Blue Slaver","floor":12,"turns":5},{"damage":0,"enemies":"Exordium Thugs","floor":14,"turns":5},{"damage":2,"enemies":"Hexaghost","floor":16,"turns":11},{"damage":2,"enemies":"Spheric Guardian","floor":18,"turns":7},{"damage":1,"enemies":"Book of Stabbing","floor":23,"turns":7},{"damage":0,"enemies":"3 Byrds","floor":24,"turns":2},{"damage":24,"enemies":"Gremlin Leader","floor":28,"turns":6},{"damage":12,"enemies":"Shelled Parasite and Fungi","floor":30,"turns":4},{"damage":0,"enemies":"Sentry and Sphere","floor":31,"turns":3},{"damage":45,"enemies":"Automaton","floor":33,"turns":10},{"damage":20,"enemies":"3 Darklings","floor":35,"turns":4},{"damage":0,"enemies":"3 Shapes","floor":36,"turns":2},{"damage":13,"enemies":"Sphere and 2 Shapes","floor":38,"turns":5},{"damage":8,"enemies":"4 Shapes","floor":39,"turns":5},{"damage":20,"enemies":"Writhing Mass","floor":42,"turns":6},{"damage":12,"enemies":"Giant Head","floor":44,"turns":9},{"damage":17,"enemies":"Spire Growth","floor":47,"turns":5},{"damage":36,"enemies":"Maw","floor":48,"turns":7},{"damage":83,"enemies":"Donu and Deca","floor":50,"turns":6}],"seed_played":"8543663475017920535","potions_obtained":[{"floor":5,"key":"Ancient Potion"},{"floor":12,"key":"Strength Potion"},{"floor":16,"key":"Block Potion"},{"floor":18,"key":"PowerPotion"},{"floor":28,"key":"Swift Potion"},{"floor":36,"key":"EssenceOfSteel"},{"floor":38,"key":"Swift Potion"},{"floor":42,"key":"PowerPotion"}],"is_trial":false,"path_per_floor":["M","M","?","T","M","R","$","R","T","?","E","M","?","M","R","B",null,"M","$","?","$","$","E","M","R","T","$","E","?","M","M","R","B",null,"M","M","?","M","M","R","$","M","T","E","R","$","M","M","R","B"],"character_chosen":"THE_SILENT","items_purchased":["Well Laid Plans","Deflect","Noxious Fumes","Glass Knife","SkillPotion"],"campfire_rested":3,"item_purchase_floors":[7,7,19,27,41],"current_hp_per_floor":[64,64,53,53,51,51,51,51,51,51,38,38,38,38,38,36,67,65,65,65,65,65,64,64,64,64,64,40,40,33,38,61,21,63,48,53,48,40,37,77,77,62,68,61,82,82,70,39,83,0],"gold":83,"neow_bonus":"TEN_PERCENT_HP_BONUS","is_prod":false,"is_daily":false,"chose_seed":false,"campfire_upgraded":5,"win_rate":0,"timestamp":1551943038,"path_taken":["M","M","?","?","M","R","$","R","T","?","E","M","?","M","R","BOSS","M","$","?","?","$","E","M","R","T","$","E","?","M","?","R","BOSS","M","M","?","M","M","R","$","M","T","E","R","$","M","M","R","BOSS"],"build_version":"2019-01-23","purchased_purges":3,"victory":false,"max_hp_per_floor":[77,77,77,77,77,77,77,77,77,77,77,77,77,77,77,77,77,77,77,77,77,77,77,77,77,77,77,77,77,77,77,77,77,77,77,77,77,77,77,77,77,77,83,83,83,83,83,83,83,83],"card_choices":[{"not_picked":["Dodge and Roll","Masterful Stab"],"picked":"Footwork","floor":1},{"not_picked":["Outmaneuver","Prepared"],"picked":"Acrobatics","floor":2},{"not_picked":["Dagger Spray","Riddle With Holes"],"picked":"Crippling Poison","floor":5},{"not_picked":["Catalyst","Cloak And Dagger"],"picked":"Backflip","floor":11},{"not_picked":["Riddle With Holes","Distraction"],"picked":"Poisoned Stab","floor":12},{"not_picked":["Deflect","Outmaneuver"],"picked":"Sucker Punch","floor":14},{"not_picked":["Adrenaline","Glass Knife"],"picked":"A Thousand Cuts","floor":16},{"not_picked":["Backflip","Outmaneuver"],"picked":"Flying Knee","floor":18},{"not_picked":["Poisoned Stab","Malaise"],"picked":"Cloak And Dagger","floor":23},{"not_picked":["Prepared","Outmaneuver","Riddle With Holes"],"picked":"SKIP","floor":24},{"not_picked":["Dagger Spray","Concentrate"],"picked":"Tactician+1","floor":28},{"not_picked":["PiercingWail","Riddle With Holes"],"picked":"Escape Plan","floor":30},{"not_picked":["Deflect","Escape Plan+1"],"picked":"Dodge and Roll","floor":31},{"not_picked":["Malaise","Venomology"],"picked":"Corpse Explosion","floor":33},{"not_picked":["Dodge and Roll","Underhanded Strike"],"picked":"Cloak And Dagger","floor":35},{"not_picked":["Terror","Deadly Poison"],"picked":"Leg Sweep","floor":36},{"not_picked":["Master of Strategy","Jack Of All Trades"],"picked":"Magnetism","floor":37},{"not_picked":["The Bomb","Swift Strike"],"picked":"Panache","floor":37},{"not_picked":["Skewer","Backflip"],"picked":"Blade Dance","floor":38},{"not_picked":["All Out Attack","Infinite Blades"],"picked":"Catalyst","floor":39},{"not_picked":["Distraction+1","Cloak And Dagger"],"picked":"Endless Agony","floor":42},{"not_picked":["Corpse Explosion","Prepared"],"picked":"Finisher","floor":44},{"not_picked":["Endless Agony","Blade Dance"],"picked":"Dagger Throw+1","floor":47},{"not_picked":["Dagger Spray","Heel Hook"],"picked":"Burst","floor":48}],"player_experience":960308,"relics_obtained":[{"floor":4,"key":"Omamori"},{"floor":9,"key":"War Paint"},{"floor":11,"key":"Paper Crane"},{"floor":23,"key":"Bronze Scales"},{"floor":26,"key":"Darkstone Periapt"},{"floor":28,"key":"Girya"},{"floor":43,"key":"Bottled Flame"},{"floor":44,"key":"Pen Nib"}],"event_choices":[{"damage_healed":0,"gold_gain":75,"player_choice":"Gather Gold","damage_taken":11,"max_hp_gain":0,"max_hp_loss":0,"event_name":"World of Goop","floor":3,"gold_loss":0},{"cards_removed":["Strike_G"],"damage_healed":0,"gold_gain":0,"player_choice":"Card Removal","damage_taken":0,"max_hp_gain":0,"max_hp_loss":0,"event_name":"The Cleric","floor":10,"gold_loss":50},{"damage_healed":0,"gold_gain":0,"player_choice":"Take Wound","damage_taken":0,"relics_obtained":["Golden Idol"],"max_hp_gain":0,"max_hp_loss":0,"event_name":"Golden Idol","floor":13,"gold_loss":0,"cards_obtained":["Injury"]},{"damage_healed":0,"gold_gain":0,"player_choice":"Upgraded","damage_taken":0,"max_hp_gain":0,"max_hp_loss":0,"event_name":"Upgrade Shrine","floor":20,"gold_loss":0,"cards_upgraded":["A Thousand Cuts"]},{"damage_healed":0,"gold_gain":0,"player_choice":"Gave Idol","damage_taken":0,"relics_obtained":["Bloody Idol"],"max_hp_gain":0,"max_hp_loss":0,"event_name":"Forgotten Altar","floor":29,"relics_lost":["Golden Idol"],"gold_loss":0},{"damage_healed":0,"gold_gain":0,"player_choice":"Memory 2","damage_taken":5,"max_hp_gain":0,"max_hp_loss":0,"event_name":"SensoryStone","floor":37,"gold_loss":0}],"is_beta":false,"boss_relics":[{"not_picked":["Runic Pyramid","Calling Bell"],"picked":"Cursed Key"},{"not_picked":["Ring of the Serpent","WristBlade"],"picked":"Eternal Feather"}],"items_purged_floors":[7,19,41],"is_endless":false,"potions_floor_spawned":[5,12,16,18,28,36,38,42],"killed_by":"Donu and Deca","ascension_level":13}