{"path_per_floor":["M","M","?","M","$","R","M","M","T","R","?","M","M","$","R","B",null,"M","?","?","$","M","R"],"character_chosen":"IRONCLAD","items_purchased":[],"gold_per_floor":[114,131,131,142,67,67,84,98,123,123,123,143,157,57,57,160,160,171,171,171,46,66,66],"floor_reached":24,"campfire_rested":0,"playtime":1481,"current_hp_per_floor":[78,73,66,71,71,71,77,76,76,76,76,74,69,69,69,70,80,79,64,48,48,23,23],"items_purged":["Strike_R","Defend_R","Strike_R"],"gold":66,"play_id":"41f43cf6-373d-42e1-a012-bd4475e02d7d","is_prod":false,"is_daily":false,"is_ascension_mode":true,"campfire_upgraded":4,"path_taken":["M","M","?","M","$","R","M","M","T","R","?","?","M","$","R","BOSS","M","?","?","$","?","R","M"],"build_version":"2018-02-01-PROD3","purchased_purges":5,"victory":false,"master_deck":["Strike_R","Strike_R","Defend_R","Defend_R","Bash+1","Seeing Red+1","Thunderclap","Dropkick+1","Offering+1"],"max_hp_per_floor":[80,80,80,80,80,80,80,80,80,80,80,80,80,80,80,80,80,80,85,85,85,85,85],"relics":["Burning Blood","Bronze Scales","Vajra","White Beast Statue","Nilry\u0027s Codex"],"card_choices":[{"not_picked":["Sword Boomerang","Pommel Strike"],"picked":"Seeing Red"},{"not_picked":["Headbutt","Heavy Blade"],"picked":"Thunderclap"},{"not_picked":["Limit Break","True Grit"],"picked":"Dropkick"},{"not_picked":["Brutality","Impervious"],"picked":"Offering"}],"player_experience":149484,"potions_floor_usage":[16],"damage_taken":[{"damage":8,"enemies":"Small Slimes","floor":1,"turns":4},{"damage":11,"enemies":"2 Louse","floor":2,"turns":2},{"damage":1,"enemies":"Cultist","floor":4,"turns":4},{"damage":0,"enemies":"2 Fungi Beasts","floor":7,"turns":3},{"damage":7,"enemies":"Looter","floor":8,"turns":3},{"damage":8,"enemies":"Red Slaver","floor":12,"turns":3},{"damage":11,"enemies":"Exordium Thugs","floor":13,"turns":3},{"damage":5,"enemies":"Slime Boss","floor":16,"turns":7},{"damage":7,"enemies":"3 Byrds","floor":18,"turns":4},{"damage":31,"enemies":"2 Thieves","floor":22,"turns":3},{"damage":24,"enemies":"Snake Plant","floor":24,"turns":2}],"event_choices":[{"event_name":"Golden Wing","player_choice":"Card Removal","floor":3,"damage_taken":0},{"event_name":"Living Wall","player_choice":"Forget","floor":11,"damage_taken":0},{"event_name":"Forgotten Altar","player_choice":"Shed Blood","floor":19,"damage_taken":0},{"event_name":"Cursed Tome","player_choice":"Obtained Book","floor":20,"damage_taken":0}],"boss_relics":[{"not_picked":["Tiny House","Sozu"],"picked":"White Beast Statue"}],"potions_floor_spawned":[2,7,18,22],"seed_played":"-8678179538311810804","killed_by":"Snake Plant","ascension_level":4,"is_trial":false}