{"gold_per_floor":[15,33,53,71,1,32,32,32,32,44,44,44,44,61,61,61],"floor_reached":16,"playtime":645,"items_purged":[],"score":168,"play_id":"74a4594b-f863-4602-bc8a-66eb5b2ca407","local_time":"20190306201458","is_ascension_mode":true,"campfire_choices":[{"data":"Whirlwind","floor":7,"key":"SMITH"},{"data":"Armaments","floor":11,"key":"SMITH"},{"data":"True Grit","floor":13,"key":"SMITH"},{"data":"True Grit","floor":15,"key":"SMITH"}],"neow_cost":"NO_GOLD","seed_source_timestamp":55118036923800,"circlet_count":0,"master_deck":["AscendersBane","Strike_R","Strike_R","Strike_R","Strike_R","Strike_R","Defend_R","Defend_R","Defend_R","Defend_R","Bash","Cleave","True Grit+1","Shrug It Off","Armaments+1","Whirlwind+1","Flame Barrier","True Grit+1"],"relics":["Burning Blood","Torii","Meat on the Bone","Dodecahedron"],"potions_floor_usage":[4,6,6,16,16],"damage_taken":[{"damage":1,"enemies":"Cultist","floor":1,"turns":4},{"damage":2,"enemies":"Small Slimes","floor":2,"turns":3},{"damage":0,"enemies":"2 Louse","floor":3,"turns":2},{"damage":20,"enemies":"Exordium Wildlife","floor":4,"turns":5},{"damage":30,"enemies":"Gremlin Nob","floor":6,"turns":6},{"damage":12,"enemies":"Looter","floor":10,"turns":4},{"damage":17,"enemies":"Gremlin Gang","floor":14,"turns":3},{"damage":58,"enemies":"Hexaghost","floor":16,"turns":16}],"seed_played":"-7774935803782957653","potions_obtained":[{"floor":2,"key":"PowerPotion"},{"floor":3,"key":"Energy Potion"},{"floor":4,"key":"Block Potion"},{"floor":10,"key":"Strength Potion"},{"floor":14,"key":"BloodPotion"}],"is_trial":false,"path_per_floor":["M","M","M","M","$","E","R","$","T","M","R","$","R","M","R","B"],"character_chosen":"IRONCLAD","items_purchased":["Whirlwind"],"campfire_rested":0,"item_purchase_floors":[5],"current_hp_per_floor":[77,80,80,66,66,42,42,42,42,48,48,48,48,49,49,0],"gold":61,"neow_bonus":"ONE_RARE_RELIC","is_prod":false,"is_daily":false,"chose_seed":false,"campfire_upgraded":4,"win_rate":0,"timestamp":1551899698,"path_taken":["M","M","M","M","?","E","R","?","T","M","R","$","R","M","R","BOSS"],"build_version":"2019-01-23","purchased_purges":0,"victory":false,"max_hp_per_floor":[80,80,80,80,80,80,80,80,80,80,80,80,80,80,80,80],"card_choices":[{"not_picked":["Clothesline","Dual Wield"],"picked":"Cleave","floor":1},{"not_picked":["Rampage","Wild Strike"],"picked":"True Grit","floor":2},{"not_picked":["Clothesline","Flex"],"picked":"Shrug It Off","floor":3},{"not_picked":["Uppercut","Wild Strike"],"picked":"Armaments","floor":4},{"not_picked":["Headbutt","Thunderclap"],"picked":"Flame Barrier","floor":6},{"not_picked":["Shrug It Off","Burning Pact"],"picked":"True Grit","floor":10},{"not_picked":["Impervious","True Grit","Carnage"],"picked":"SKIP","floor":14}],"player_experience":948932,"relics_obtained":[{"floor":6,"key":"Meat on the Bone"},{"floor":9,"key":"Dodecahedron"}],"event_choices":[],"is_beta":false,"boss_relics":[],"items_purged_floors":[],"is_endless":false,"potions_floor_spawned":[2,3,4,10,14],"killed_by":"Hexaghost","ascension_level":13}