{"gold_per_floor":[117,129,129,204,48,79,56,56,129,129,129,162,162,162,162,162],"floor_reached":16,"playtime":606,"items_purged":["Strike_G"],"score":182,"play_id":"cb7568ee-654d-49ba-ac0b-c3aef5f974cf","local_time":"20190629141736","is_ascension_mode":true,"campfire_choices":[{"floor":8,"key":"REST"},{"floor":13,"key":"REST"},{"floor":15,"key":"REST"}],"neow_cost":"NONE","seed_source_timestamp":156318660215003,"circlet_count":0,"master_deck":["AscendersBane","Defend_G","Defend_G","Defend_G","Defend_G","Defend_G","Strike_G","Strike_G","Strike_G","Strike_G","Survivor","Neutralize","Phantasmal Killer","Skewer+1","Leg Sweep","After Image","Crippling Poison","Cloak And Dagger","A Thousand Cuts+1"],"relics":["Ring of the Snake","Dodecahedron","Frozen Egg 2","Mummified Hand"],"potions_floor_usage":[12],"damage_taken":[{"damage":3,"enemies":"2 Louse","floor":1,"turns":4},{"damage":0,"enemies":"Small Slimes","floor":2,"turns":2},{"damage":35,"enemies":"3 Sentries","floor":6,"turns":16},{"damage":33,"enemies":"Gremlin Nob","floor":12,"turns":5},{"damage":45,"enemies":"Slime Boss","floor":16,"turns":11}],"seed_played":"4240116179251115061","potions_obtained":[{"floor":2,"key":"LiquidBronze"}],"is_trial":false,"path_per_floor":["M","M","?","?","$","E","$","R","T","?","?","E","R","?","R","B"],"character_chosen":"THE_SILENT","items_purchased":["After Image","Cloak And Dagger"],"campfire_rested":3,"item_purchase_floors":[5,7],"current_hp_per_floor":[56,56,61,50,50,15,15,36,36,36,36,3,24,24,45,0],"gold":162,"neow_bonus":"ONE_RANDOM_RARE_CARD","is_prod":false,"is_daily":false,"chose_seed":false,"campfire_upgraded":0,"win_rate":0,"timestamp":1561814256,"path_taken":["M","M","?","?","$","E","$","R","T","?","?","E","R","?","R","BOSS"],"build_version":"2019-01-23","purchased_purges":1,"victory":false,"max_hp_per_floor":[66,66,71,71,71,71,71,71,71,71,71,71,71,71,71,71],"card_choices":[{"not_picked":["PiercingWail","Dagger Throw"],"picked":"Skewer","floor":1},{"not_picked":["Dodge and Roll","Deflect"],"picked":"Leg Sweep","floor":2},{"not_picked":["Flechettes","Distraction"],"picked":"Crippling Poison","floor":6},{"not_picked":["Slice","Distraction"],"picked":"A Thousand Cuts+1","floor":12}],"player_experience":1114379,"relics_obtained":[{"floor":6,"key":"Dodecahedron"},{"floor":9,"key":"Frozen Egg 2"},{"floor":12,"key":"Mummified Hand"}],"event_choices":[{"damage_healed":0,"gold_gain":0,"player_choice":"Donut","damage_taken":0,"max_hp_gain":5,"max_hp_loss":0,"event_name":"Big Fish","floor":3,"gold_loss":0},{"damage_healed":0,"gold_gain":75,"player_choice":"Gather Gold","damage_taken":11,"max_hp_gain":0,"max_hp_loss":0,"event_name":"World of Goop","floor":4,"gold_loss":0},{"damage_healed":0,"gold_gain":0,"player_choice":"Ignored","damage_taken":0,"max_hp_gain":0,"max_hp_loss":0,"event_name":"Golden Wing","floor":10,"gold_loss":0},{"damage_healed":0,"gold_gain":0,"player_choice":"Ignored","damage_taken":0,"max_hp_gain":0,"max_hp_loss":0,"event_name":"Liars Game","floor":11,"gold_loss":0},{"damage_healed":0,"gold_gain":0,"player_choice":"Grow","damage_taken":0,"max_hp_gain":0,"max_hp_loss":0,"event_name":"Living Wall","floor":14,"gold_loss":0,"cards_upgraded":["Skewer"]}],"is_beta":false,"boss_relics":[],"items_purged_floors":[5],"is_endless":false,"potions_floor_spawned":[2],"killed_by":"Slime Boss","ascension_level":15}