{"gold_per_floor":[112,112,124,138,153,153,163,163,211,211,211,211,222,250,250,327,327,337,41,53,71,71,71],"floor_reached":23,"playtime":764,"items_purged":["Strike_G"],"score":414,"play_id":"411a522a-eed4-4170-b836-6ec092987cbd","local_time":"20190720175017","is_ascension_mode":true,"campfire_choices":[{"data":"Neutralize","floor":6,"key":"SMITH"},{"data":"Dramatic Entrance","floor":8,"key":"SMITH"},{"data":"Flying Knee","floor":10,"key":"SMITH"},{"data":"Dash","floor":15,"key":"SMITH"}],"neow_cost":"NONE","seed_source_timestamp":680686240678600,"circlet_count":0,"master_deck":["AscendersBane","Strike_G","Strike_G","Defend_G","Defend_G","Defend_G","Defend_G","Defend_G","Survivor","Neutralize+1","Dramatic Entrance+1","Dagger Spray+1","Quick Slash","Dagger Throw","Dash+1","Flying Knee+1","Backflip","Choke","Envenom","Apotheosis","Well Laid Plans","Cloak And Dagger","Terror","Night Terror"],"relics":["Ring of the Snake","Bronze Scales","Bottled Flame","Busted Crown"],"potions_floor_usage":[5,14,16,16],"damage_taken":[{"damage":0,"enemies":"Jaw Worm","floor":1,"turns":7},{"damage":0,"enemies":"Small Slimes","floor":3,"turns":3},{"damage":1,"enemies":"Cultist","floor":4,"turns":4},{"damage":0,"enemies":"Exordium Thugs","floor":5,"turns":3},{"damage":2,"enemies":"2 Fungi Beasts","floor":7,"turns":3},{"damage":0,"enemies":"Lots of Slimes","floor":13,"turns":2},{"damage":0,"enemies":"3 Sentries","floor":14,"turns":5},{"damage":31,"enemies":"Hexaghost","floor":16,"turns":12},{"damage":8,"enemies":"3 Byrds","floor":18,"turns":2},{"damage":11,"enemies":"2 Thieves","floor":20,"turns":3},{"damage":25,"enemies":"Shelled Parasite and Fungi","floor":21,"turns":6},{"damage":12,"enemies":"Gremlin Leader","floor":23,"turns":3}],"seed_played":"1066285966813813192","potions_obtained":[{"floor":3,"key":"AttackPotion"},{"floor":4,"key":"GamblersBrew"},{"floor":13,"key":"Fire Potion"},{"floor":14,"key":"Energy Potion"},{"floor":21,"key":"SpeedPotion"}],"is_trial":false,"path_per_floor":["M","$","M","M","M","R","M","R","T","R","?","?","M","E","R","B",null,"M","$","M","M","?","E"],"character_chosen":"THE_SILENT","items_purchased":["Apotheosis","Well Laid Plans"],"campfire_rested":0,"item_purchase_floors":[19,19],"current_hp_per_floor":[59,59,59,58,58,58,56,56,56,56,49,49,49,49,49,18,54,46,46,35,10,10,0],"gold":71,"neow_bonus":"RANDOM_COLORLESS","is_prod":false,"is_daily":false,"chose_seed":false,"campfire_upgraded":4,"win_rate":0,"timestamp":1563637817,"path_taken":["M","$","M","M","M","R","M","R","T","R","?","?","?","E","R","BOSS","M","$","M","M","?","E"],"build_version":"2019-07-17","purchased_purges":1,"victory":false,"max_hp_per_floor":[66,66,66,66,66,66,66,66,66,66,66,66,66,66,66,66,66,66,66,66,66,66,66],"card_choices":[{"not_picked":["Blade Dance","Bane"],"picked":"Dagger Spray","floor":1},{"not_picked":["Underhanded Strike","Sucker Punch"],"picked":"Quick Slash","floor":3},{"not_picked":["Expertise","Prepared"],"picked":"Dagger Throw","floor":4},{"not_picked":["Leg Sweep","Endless Agony"],"picked":"Dash","floor":5},{"not_picked":["Prepared","Quick Slash"],"picked":"Flying Knee","floor":7},{"not_picked":["Cloak And Dagger","Poisoned Stab"],"picked":"Backflip","floor":13},{"not_picked":["Outmaneuver","Quick Slash"],"picked":"Choke","floor":14},{"not_picked":["Glass Knife","Tools of the Trade"],"picked":"Envenom","floor":16},{"not_picked":["Quick Slash+1"],"picked":"SKIP","floor":18},{"not_picked":[],"picked":"Cloak And Dagger","floor":20},{"not_picked":[],"picked":"Terror","floor":21}],"player_experience":1713669,"relics_obtained":[{"floor":9,"key":"Bronze Scales"},{"floor":14,"key":"Bottled Flame"}],"event_choices":[{"cards_removed":["Strike_G"],"damage_healed":0,"gold_gain":0,"player_choice":"Card Removal","damage_taken":7,"max_hp_gain":0,"max_hp_loss":0,"event_name":"Golden Wing","floor":11,"gold_loss":0},{"damage_healed":0,"gold_gain":0,"player_choice":"Forge","damage_taken":0,"max_hp_gain":0,"max_hp_loss":0,"event_name":"Accursed Blacksmith","floor":12,"gold_loss":0,"cards_upgraded":["Dagger Spray"]},{"damage_healed":0,"gold_gain":0,"cards_transformed":["Strike_G"],"player_choice":"Transformed","damage_taken":0,"max_hp_gain":0,"max_hp_loss":0,"event_name":"Transmorgrifier","floor":22,"gold_loss":0,"cards_obtained":["Night Terror"]}],"is_beta":false,"boss_relics":[{"not_picked":["Black Star","Tiny House"],"picked":"Busted Crown"}],"items_purged_floors":[19],"is_endless":false,"potions_floor_spawned":[3,4,13,14,21],"killed_by":"Gremlin Leader","ascension_level":18}