{"gold_per_floor":[115,115,130,130,110,110,128,143,143,143,168,168,179,199,199,270,270,285,285,335,315,315],"floor_reached":22,"playtime":756,"items_purged":[],"score":378,"play_id":"0b9e5c66-9b32-4f93-a95c-b725634cf297","local_time":"20190815151508","is_ascension_mode":true,"campfire_choices":[{"data":"Zap","floor":6,"key":"SMITH"},{"floor":10,"key":"REST"},{"data":"Cold Snap","floor":12,"key":"SMITH"},{"floor":15,"key":"REST"}],"neow_cost":"PERCENT_DAMAGE","seed_source_timestamp":122950858344500,"circlet_count":0,"master_deck":["AscendersBane","Zap+1","Dualcast","Ball Lightning","Capacitor","Reboot","Cold Snap+1","Capacitor","Capacitor","Ball Lightning","Consume","Fission","Machine Learning","Chaos","Glacier","Machine Learning","Hyperbeam","Recycle","Reinforced Body","Self Repair","Conserve Battery"],"relics":["Cracked Core","Bird Faced Urn","Gambling Chip","Pandora\u0027s Box"],"potions_floor_usage":[3,5,21,22],"damage_taken":[{"damage":1,"enemies":"Cultist","floor":1,"turns":3},{"damage":9,"enemies":"Small Slimes","floor":3,"turns":4},{"damage":3,"enemies":"2 Louse","floor":7,"turns":2},{"damage":26,"enemies":"Exordium Thugs","floor":8,"turns":4},{"damage":48,"enemies":"Gremlin Nob","floor":11,"turns":5},{"damage":4,"enemies":"Red Slaver","floor":13,"turns":4},{"damage":8,"enemies":"Looter","floor":14,"turns":3},{"damage":23,"enemies":"The Guardian","floor":16,"turns":8},{"damage":31,"enemies":"Shell Parasite","floor":18,"turns":5},{"damage":9,"enemies":"2 Thieves","floor":21,"turns":4},{"damage":80,"enemies":"3 Cultists","floor":22,"turns":4}],"seed_played":"-3403547277126447299","potions_obtained":[{"floor":1,"key":"Weak Potion"},{"floor":5,"key":"Fruit Juice"},{"floor":8,"key":"Explosive Potion"},{"floor":16,"key":"Fire Potion"},{"floor":21,"key":"SteroidPotion"}],"is_trial":false,"path_per_floor":["M","?","M","?","?","R","M","M","T","R","E","R","M","M","R","B",null,"M","?","?","M","M"],"character_chosen":"DEFECT","items_purchased":[],"campfire_rested":2,"item_purchase_floors":[],"current_hp_per_floor":[59,64,55,55,60,60,57,31,31,59,15,15,15,9,37,20,76,53,53,53,57,0],"gold":315,"neow_bonus":"TWENTY_PERCENT_HP_BONUS","is_prod":false,"is_daily":false,"chose_seed":false,"campfire_upgraded":2,"win_rate":0,"timestamp":1565874908,"path_taken":["M","?","M","?","?","R","M","?","T","R","E","R","M","M","R","BOSS","M","?","?","M","M"],"build_version":"2019-07-17","purchased_purges":0,"victory":false,"max_hp_per_floor":[85,90,90,90,95,95,95,95,95,95,95,95,95,95,95,95,95,95,95,95,95,95],"card_choices":[{"not_picked":["Reinforced Body","Turbo"],"picked":"Ball Lightning","floor":1},{"not_picked":["Cold Snap","Go for the Eyes"],"picked":"Capacitor","floor":3},{"not_picked":["Steam","Barrage"],"picked":"Cold Snap","floor":7},{"not_picked":["Turbo","Ball Lightning"],"picked":"Capacitor","floor":8},{"not_picked":["Stack","Rebound"],"picked":"Capacitor","floor":11},{"not_picked":["Redo","Rip and Tear"],"picked":"Ball Lightning","floor":13},{"not_picked":["Scrape","Sweeping Beam"],"picked":"Consume","floor":14},{"not_picked":["Machine Learning","Reboot"],"picked":"Fission","floor":16},{"not_picked":["Rebound","Force Field"],"picked":"Self Repair","floor":18},{"not_picked":["Coolheaded","Barrage"],"picked":"Conserve Battery","floor":21}],"player_experience":1917842,"relics_obtained":[{"floor":9,"key":"Bird Faced Urn"},{"floor":11,"key":"Gambling Chip"}],"event_choices":[{"damage_healed":0,"gold_gain":0,"player_choice":"Donut","damage_taken":0,"max_hp_gain":5,"max_hp_loss":0,"event_name":"Big Fish","floor":2,"gold_loss":0},{"damage_healed":0,"gold_gain":0,"cards_transformed":["Strike_B"],"player_choice":"Change","damage_taken":0,"max_hp_gain":0,"max_hp_loss":0,"event_name":"Living Wall","floor":4,"gold_loss":0,"cards_obtained":["Reboot"]},{"damage_healed":0,"gold_gain":0,"player_choice":"Bought 1 Potion","damage_taken":0,"max_hp_gain":0,"max_hp_loss":0,"event_name":"The Woman in Blue","floor":5,"gold_loss":0},{"damage_healed":0,"gold_gain":0,"player_choice":"Ignored","damage_taken":0,"max_hp_gain":0,"max_hp_loss":0,"event_name":"Vampires","floor":19,"gold_loss":0},{"damage_healed":0,"gold_gain":50,"player_choice":"Pray","damage_taken":0,"max_hp_gain":0,"max_hp_loss":0,"event_name":"Golden Shrine","floor":20,"gold_loss":0}],"is_beta":false,"boss_relics":[{"not_picked":["Snecko Eye","Calling Bell"],"picked":"Pandora\u0027s Box"}],"items_purged_floors":[],"is_endless":false,"potions_floor_spawned":[1,8,16,21],"killed_by":"3 Cultists","ascension_level":18}