{"gold_per_floor":[111,125,125,125,145,145,164,183,210,210,253,253,253,48,48,139,139,163,182,46,46,46,46,64,64,64,64,64,79,79,93,93,182,182,201,217,55,55,55,55],"floor_reached":40,"playtime":2036,"items_purged":["Strike_B"],"score":687,"play_id":"a481fe23-2fc5-4aa6-a409-8a9efbdcc3c0","local_time":"20180914222018","is_ascension_mode":true,"campfire_choices":[{"data":"Streamline","floor":6,"key":"SMITH"},{"data":"Streamline","floor":10,"key":"SMITH"},{"data":"Zap","floor":13,"key":"SMITH"},{"data":"Chill","floor":15,"key":"SMITH"},{"data":"Multi-Cast","floor":23,"key":"SMITH"},{"floor":30,"key":"REST"},{"data":"Echo Form","floor":32,"key":"SMITH"}],"neow_cost":"","seed_source_timestamp":162660689461204,"circlet_count":0,"master_deck":["Strike_B","Strike_B","Strike_B","Defend_B","Defend_B","Defend_B","Defend_B","Zap+1","Dualcast","AscendersBane","Chill+1","Streamline+1","Steam","Streamline+1","BootSequence","Multi-Cast+1","Stack","Coolheaded","Echo Form+1","Cold Snap","Core Surge","BootSequence","Meteor Strike","Reinforced Body","Coolheaded+1","Defragment","Barrage","Writhe","Panache"],"relics":["Cracked Core","Oddly Smooth Stone","Golden Idol","Centennial Puzzle","Omamori","Runic Capacitor","Cursed Key","Blood Vial","Shuriken","Art of War","Runic Dome"],"potions_floor_usage":[18,19,28,33,35],"damage_taken":[{"damage":6,"enemies":"Jaw Worm","floor":1,"turns":4},{"damage":0,"enemies":"2 Louse","floor":2,"turns":3},{"damage":0,"enemies":"Cultist","floor":5,"turns":3},{"damage":0,"enemies":"2 Fungi Beasts","floor":7,"turns":3},{"damage":0,"enemies":"3 Louse","floor":8,"turns":4},{"damage":20,"enemies":"3 Sentries","floor":11,"turns":9},{"damage":15,"enemies":"The Guardian","floor":16,"turns":11},{"damage":2,"enemies":"3 Byrds","floor":18,"turns":4},{"damage":7,"enemies":"Spheric Guardian","floor":19,"turns":3},{"damage":14,"enemies":"Snake Plant","floor":24,"turns":6},{"damage":0,"enemies":"Slavers","floor":28,"turns":1},{"damage":6,"enemies":"Snecko","floor":29,"turns":5},{"damage":11,"enemies":"Centurion and Healer","floor":31,"turns":6},{"damage":45,"enemies":"Collector","floor":33,"turns":11},{"damage":0,"enemies":"3 Shapes","floor":35,"turns":1},{"damage":40,"enemies":"3 Darklings","floor":36,"turns":9},{"damage":50,"enemies":"2 Orb Walkers","floor":40,"turns":3}],"seed_played":"38389103696259188","potions_obtained":[{"floor":8,"key":"Poison Potion"},{"floor":16,"key":"Poison Potion"},{"floor":18,"key":"SkillPotion"},{"floor":19,"key":"SmokeBomb"},{"floor":22,"key":"PowerPotion"},{"floor":33,"key":"AttackPotion"}],"is_trial":false,"path_per_floor":["M","M","?","?","M","R","M","M","T","R","E","?","R","$","R","B",null,"M","M","$","$","?","R","M","T","T","?","E","M","R","M","R","B",null,"M","M","$","?","?"],"character_chosen":"DEFECT","items_purchased":["Runic Capacitor","Echo Form","Defragment","Barrage"],"campfire_rested":1,"item_purchase_floors":[14,20,37,37],"current_hp_per_floor":[58,58,51,51,51,51,51,51,51,51,31,53,53,53,53,38,59,57,50,50,50,50,50,36,36,36,36,38,34,53,44,44,1,50,52,14,14,31,31,0],"gold":55,"neow_bonus":"","is_prod":false,"is_daily":false,"chose_seed":false,"campfire_upgraded":6,"win_rate":0,"timestamp":1536960018,"path_taken":["M","M","?","?","M","R","?","M","T","R","E","?","R","?","R","BOSS","M","M","?","$","?","R","M","?","T","?","E","M","R","M","R","BOSS","M","?","$","?","?","E"],"build_version":"2018-09-06","purchased_purges":1,"victory":false,"max_hp_per_floor":[71,71,71,66,66,66,66,66,66,66,66,66,66,66,66,66,66,66,66,66,66,66,66,66,66,66,66,66,66,66,66,66,66,66,66,66,66,66,66,66],"card_choices":[{"not_picked":["Cold Snap","Rebound"],"picked":"Chill","floor":1},{"not_picked":["Ball Lightning","Coolheaded"],"picked":"Streamline","floor":2},{"not_picked":["Barrage","Force Field"],"picked":"Steam","floor":5},{"not_picked":["Hyperbeam","Ball Lightning"],"picked":"Streamline","floor":7},{"not_picked":["Steam","Fusion","Skim"],"picked":"SKIP","floor":8},{"not_picked":["Redo","Biased Cognition"],"picked":"BootSequence","floor":11},{"not_picked":["Rainbow","Machine Learning"],"picked":"Multi-Cast","floor":16},{"not_picked":["Rebound","Turbo"],"picked":"Stack","floor":18},{"not_picked":["Go for the Eyes","Steam"],"picked":"Coolheaded","floor":19},{"not_picked":["Skim","Turbo"],"picked":"Cold Snap","floor":24},{"not_picked":["Coolheaded","Turbo"],"picked":"Core Surge","floor":29},{"not_picked":["Steam","Aggregate"],"picked":"BootSequence","floor":31},{"not_picked":["Buffer","Machine Learning"],"picked":"Meteor Strike","floor":33},{"not_picked":["Barrage","Leap"],"picked":"Reinforced Body","floor":35},{"not_picked":["Auto Shields","Stack"],"picked":"Coolheaded+1","floor":36},{"not_picked":["Transmutation","Apotheosis"],"picked":"Panache","floor":39}],"player_experience":741492,"relics_obtained":[{"floor":9,"key":"Centennial Puzzle"},{"floor":11,"key":"Omamori"},{"floor":25,"key":"Blood Vial"},{"floor":26,"key":"Shuriken"}],"event_choices":[{"event_name":"Scrap Ooze","player_choice":"success","floor":3,"damage_taken":7},{"event_name":"Golden Idol","player_choice":"Lose Max HP","floor":4,"damage_taken":0},{"event_name":"Big Fish","player_choice":"Banana","floor":12,"damage_taken":0},{"event_name":"The Lab","player_choice":"Got Potions","floor":22,"damage_taken":0},{"event_name":"The Mausoleum","player_choice":"Yes","floor":27,"damage_taken":0},{"event_name":"Winding Halls","player_choice":"Writhe","floor":38,"damage_taken":0},{"event_name":"SensoryStone","player_choice":"Memory 1","floor":39,"damage_taken":0}],"is_beta":false,"boss_relics":[{"not_picked":["Runic Pyramid","Nuclear Battery"],"picked":"Cursed Key"},{"not_picked":["Orrery","Empty Cage"],"picked":"Runic Dome"}],"items_purged_floors":[37],"is_endless":false,"potions_floor_spawned":[8,16,18,19,33],"killed_by":"2 Orb Walkers","ascension_level":14}