{"gold_per_floor":[110,34,51,51,67,32,32,59,83,109,128,128,138,63,63,136,136,56,56,56,1,1,1,1,1,1,1,1,1,1,1,1,1],"floor_reached":33,"playtime":1089,"items_purged":["Strike_R"],"score":575,"play_id":"9cfad5b9-071b-4a63-9441-d64e5b6b32fd","local_time":"20190717135405","is_ascension_mode":true,"campfire_choices":[{"data":"Whirlwind","floor":7,"key":"SMITH"},{"data":"Disarm","floor":12,"key":"SMITH"},{"data":"Demon Form","floor":15,"key":"SMITH"},{"floor":23,"key":"REST"},{"data":"Feed","floor":25,"key":"SMITH"},{"data":"Limit Break","floor":28,"key":"SMITH"},{"floor":32,"key":"REST"}],"neow_cost":"NONE","seed_source_timestamp":576771162147033,"circlet_count":0,"master_deck":["AscendersBane","Strike_R","Strike_R","Strike_R","Strike_R","Defend_R","Defend_R","Defend_R","Defend_R","Bash","Twin Strike","Whirlwind+1","Wild Strike","Disarm+1","Demon Form+1","Anger","Seeing Red","Feed+1","Shrug It Off","Feel No Pain","Limit Break+1","Clothesline+1","Impervious","Exhume"],"relics":["Burning Blood","Strawberry","Red Skull","Dream Catcher","Boot","Anchor","Ectoplasm","Red Mask","Pear","Orichalcum"],"potions_floor_usage":[8,10,20,22,33],"damage_taken":[{"damage":7,"enemies":"Cultist","floor":1,"turns":5},{"damage":12,"enemies":"Jaw Worm","floor":3,"turns":3},{"damage":0,"enemies":"2 Louse","floor":5,"turns":1},{"damage":45,"enemies":"Lagavulin","floor":8,"turns":6},{"damage":20,"enemies":"3 Sentries","floor":10,"turns":4},{"damage":18,"enemies":"Large Slime","floor":11,"turns":5},{"damage":0,"enemies":"Exordium Wildlife","floor":13,"turns":1},{"damage":5,"enemies":"Hexaghost","floor":16,"turns":7},{"damage":24,"enemies":"2 Thieves","floor":18,"turns":3},{"damage":0,"enemies":"3 Byrds","floor":19,"turns":4},{"damage":36,"enemies":"Masked Bandits","floor":20,"turns":4},{"damage":25,"enemies":"Sentry and Sphere","floor":22,"turns":4},{"damage":4,"enemies":"Chosen and Byrds","floor":29,"turns":3},{"damage":41,"enemies":"Book of Stabbing","floor":30,"turns":6},{"damage":5,"enemies":"3 Cultists","floor":31,"turns":3},{"damage":65,"enemies":"Automaton","floor":33,"turns":6}],"seed_played":"8123240720829067600","potions_obtained":[{"floor":3,"key":"FearPotion"},{"floor":8,"key":"Weak Potion"},{"floor":16,"key":"Swift Potion"},{"floor":29,"key":"Fire Potion"},{"floor":31,"key":"Dexterity Potion"}],"is_trial":false,"path_per_floor":["M","$","M","?","M","?","R","E","T","E","M","R","M","$","R","B",null,"M","M","?","$","M","R","$","R","T","?","R","M","E","M","R","B"],"character_chosen":"IRONCLAD","items_purchased":["Whirlwind","SteroidPotion"],"campfire_rested":2,"item_purchase_floors":[2,21],"current_hp_per_floor":[74,74,68,57,63,82,82,43,43,29,17,17,23,23,23,24,68,50,59,29,29,10,35,35,35,45,45,45,51,16,17,46,0],"gold":1,"neow_bonus":"RANDOM_COMMON_RELIC","is_prod":false,"is_daily":false,"chose_seed":false,"campfire_upgraded":5,"win_rate":0,"timestamp":1563368045,"path_taken":["M","$","M","?","M","?","R","E","T","E","M","R","M","$","R","BOSS","M","M","?","$","M","R","$","R","T","?","R","?","E","M","R","BOSS"],"build_version":"2019-07-05","purchased_purges":1,"victory":false,"max_hp_per_floor":[82,82,82,82,82,82,82,82,82,82,82,82,82,82,82,82,82,82,85,85,85,85,85,85,85,95,95,95,99,99,99,99,99],"card_choices":[{"not_picked":["Thunderclap","Flex"],"picked":"Twin Strike","floor":1},{"not_picked":["Entrench","Dropkick","Rage"],"picked":"SKIP","floor":3},{"not_picked":["Flex","Warcry"],"picked":"Wild Strike","floor":5},{"not_picked":["Perfected Strike","Hemokinesis"],"picked":"Disarm","floor":8},{"not_picked":["Twin Strike","Intimidate"],"picked":"Demon Form","floor":10},{"not_picked":["Pommel Strike","Sword Boomerang"],"picked":"Anger","floor":11},{"not_picked":["Inflame","Intimidate"],"picked":"Seeing Red","floor":13},{"not_picked":["Impervious","Brutality"],"picked":"Feed","floor":16},{"not_picked":["Pommel Strike","Twin Strike","Cleave+1"],"picked":"SKIP","floor":18},{"not_picked":["Rampage","Headbutt"],"picked":"Shrug It Off","floor":19},{"not_picked":["Infernal Blade","Ghostly Armor"],"picked":"Feel No Pain","floor":22},{"not_picked":["Pommel Strike","Sentinel"],"picked":"Clothesline+1","floor":29},{"not_picked":["Flex","Sword Boomerang+1"],"picked":"Impervious","floor":30},{"not_picked":["Bloodletting+1","Anger","Havoc"],"picked":"SKIP","floor":31},{"not_picked":["Armaments","Twin Strike"],"picked":"Exhume","floor":32}],"player_experience":1184284,"relics_obtained":[{"floor":8,"key":"Dream Catcher"},{"floor":9,"key":"Boot"},{"floor":10,"key":"Anchor"},{"floor":20,"key":"Red Mask"},{"floor":26,"key":"Pear"},{"floor":30,"key":"Orichalcum"}],"event_choices":[{"damage_healed":0,"gold_gain":0,"player_choice":"Success","damage_taken":11,"relics_obtained":["Red Skull"],"max_hp_gain":0,"max_hp_loss":0,"event_name":"Scrap Ooze","floor":4,"gold_loss":0},{"damage_healed":20,"gold_gain":0,"player_choice":"Healed","damage_taken":0,"max_hp_gain":0,"max_hp_loss":0,"event_name":"The Cleric","floor":6,"gold_loss":35},{"damage_healed":0,"gold_gain":0,"player_choice":"Fought Bandits","damage_taken":0,"max_hp_gain":0,"max_hp_loss":0,"event_name":"Masked Bandits","floor":20,"gold_loss":0},{"damage_healed":0,"gold_gain":0,"player_choice":"Read","damage_taken":0,"max_hp_gain":0,"max_hp_loss":0,"event_name":"The Library","floor":27,"gold_loss":0,"cards_obtained":["Limit Break"]}],"is_beta":false,"boss_relics":[{"not_picked":["Coffee Dripper","Runic Cube"],"picked":"Ectoplasm"}],"items_purged_floors":[14],"is_endless":false,"potions_floor_spawned":[3,8,16,29,31],"killed_by":"Automaton","ascension_level":20}