{"gold_per_floor":[113,113,126,146,165,165,199,199,199,199],"floor_reached":10,"playtime":246,"items_purged":[],"score":133,"play_id":"8a5f4a9c-a6b2-4d7c-b48b-dc5ebd9a50f7","local_time":"20181202005215","is_ascension_mode":true,"campfire_choices":[{"data":"Adrenaline","floor":6.0,"key":"SMITH"}],"neow_cost":"NONE","seed_source_timestamp":1491103718852416,"circlet_count":0,"master_deck":["AscendersBane","Defend_G","Defend_G","Defend_G","Defend_G","Defend_G","Strike_G","Strike_G","Strike_G","Strike_G","Strike_G","Survivor","Neutralize+1","Dagger Spray","Skewer","Quick Slash","Adrenaline+1","Footwork"],"special_seed":0,"relics":["Ring of the Snake","NeowsBlessing","Prayer Wheel","Tingsha"],"potions_floor_usage":[],"damage_taken":[{"damage":0.0,"enemies":"2 Louse","floor":1.0,"turns":1.0},{"damage":0.0,"enemies":"Cultist","floor":3.0,"turns":1.0},{"damage":0.0,"enemies":"Small Slimes","floor":4.0,"turns":1.0},{"damage":10.0,"enemies":"Gremlin Gang","floor":5.0,"turns":4.0},{"damage":41.0,"enemies":"Lagavulin","floor":7.0,"turns":8.0},{"damage":30,"enemies":"3 Sentries","floor":10,"turns":4}],"seed_played":"-6593471230968094289","potions_obtained":[],"is_trial":false,"path_per_floor":["M","?","M","M","M","R","E","?","T","E"],"character_chosen":"THE_SILENT","items_purchased":[],"campfire_rested":0,"item_purchase_floors":[],"current_hp_per_floor":[59,59,59,59,49,49,8,30,30,0],"gold":199,"neow_bonus":"THREE_ENEMY_KILL","is_prod":false,"is_daily":false,"chose_seed":false,"campfire_upgraded":1,"win_rate":0,"timestamp":1543708335,"path_taken":["M","?","M","?","?","R","E","?","T","E"],"build_version":"2018-11-15","purchased_purges":0,"victory":false,"max_hp_per_floor":[66,66,66,66,66,66,66,66,66,66],"card_choices":[{"not_picked":["Dodge and Roll","Underhanded Strike"],"picked":"Dagger Spray","floor":1.0},{"not_picked":["Calculated Gamble","Flying Knee"],"picked":"Skewer","floor":3.0},{"not_picked":["Terror","Bane"],"picked":"Quick Slash","floor":4.0},{"not_picked":["Deadly Poison","Backflip"],"picked":"Adrenaline","floor":5.0},{"not_picked":["Dagger Spray","Catalyst"],"picked":"Footwork","floor":7.0}],"player_experience":513168,"relics_obtained":[{"floor":7.0,"key":"Prayer Wheel"},{"floor":9.0,"key":"Tingsha"}],"event_choices":[{"damage_healed":0.0,"max_hp_gain":0.0,"max_hp_loss":0.0,"gold_gain":0.0,"event_name":"Accursed Blacksmith","player_choice":"Forge","floor":2.0,"gold_loss":0.0,"damage_taken":0.0,"cards_upgraded":["Neutralize"]},{"damage_healed":22.0,"max_hp_gain":0.0,"max_hp_loss":0.0,"gold_gain":0.0,"event_name":"Big Fish","player_choice":"Banana","floor":8.0,"gold_loss":0.0,"damage_taken":0.0}],"is_beta":false,"boss_relics":[],"items_purged_floors":[],"is_endless":false,"potions_floor_spawned":[],"killed_by":"3 Sentries","ascension_level":19}