{"gold_per_floor":[117,267,164,164,214,247,247,278,278,306,318,349,51,70,70,149,149,160,173,193,193,193,193,193,193,193,193,193,40,52,85,85,163,163,181,181,181,199,219,219,232,232,232,82,92,122,34,34],"floor_reached":48,"playtime":1978,"items_purged":["Doubt","Strike_B"],"score":1173,"play_id":"74412bf0-e8dc-48bb-b542-283a4a323891","local_time":"20190819121142","is_ascension_mode":true,"campfire_choices":[{"data":"Zap","floor":7.0,"key":"SMITH"},{"data":"Defragment","floor":15,"key":"SMITH"},{"floor":23,"key":"REST"},{"floor":25,"key":"REST"},{"floor":32,"key":"REST"},{"floor":40,"key":"REST"},{"data":"Fission","floor":42,"key":"SMITH"}],"neow_cost":"NONE","seed_source_timestamp":456307352329300,"circlet_count":0,"master_deck":["AscendersBane","Zap+1","Dualcast","Leap","FTL","Ball Lightning","Buffer","Defragment+1","Chaos","Sunder","Self Repair","Storm","Fission+1","Double Energy+1","Consume+1","Reinforced Body+1","Glacier","Leap","Hologram","Electrodynamics","Static Discharge","Gash","Stack","Coolheaded","Biased Cognition","Buffer","Redo","Go for the Eyes","Beam Cell+1","Capacitor+1","Meteor Strike","Undo","Genetic Algorithm","Conserve Battery+1","Melter"],"special_seed":0,"relics":["Cracked Core","NeowsBlessing","Orichalcum","Nunchaku","Omamori","Oddly Smooth Stone","Mummified Hand","Kunai","Astrolabe","Shuriken","Ornamental Fan","Mercury Hourglass","Letter Opener","Sozu","Dodecahedron","Ginger"],"potions_floor_usage":[20,33,33],"damage_taken":[{"damage":0.0,"enemies":"Small Slimes","floor":1.0,"turns":1.0},{"damage":0.0,"enemies":"3 Sentries","floor":6.0,"turns":1.0},{"damage":0.0,"enemies":"Gremlin Nob","floor":8.0,"turns":1.0},{"damage":13.0,"enemies":"Lagavulin","floor":10.0,"turns":6.0},{"damage":0.0,"enemies":"Jaw Worm","floor":11.0,"turns":2.0},{"damage":2.0,"enemies":"3 Sentries","floor":12.0,"turns":7.0},{"damage":0.0,"enemies":"2 Louse","floor":14.0,"turns":2.0},{"damage":0,"enemies":"Slime Boss","floor":16,"turns":9},{"damage":20,"enemies":"Chosen","floor":18,"turns":6},{"damage":0,"enemies":"Spheric Guardian","floor":19,"turns":4},{"damage":46,"enemies":"Centurion and Healer","floor":20,"turns":13},{"damage":2,"enemies":"3 Cultists","floor":30,"turns":5},{"damage":12,"enemies":"Gremlin Leader","floor":31,"turns":6},{"damage":43,"enemies":"Champ","floor":33,"turns":11},{"damage":5,"enemies":"Orb Walker","floor":35,"turns":4},{"damage":32,"enemies":"3 Darklings","floor":38,"turns":3},{"damage":5,"enemies":"Sphere and 2 Shapes","floor":39,"turns":5},{"damage":0,"enemies":"Transient","floor":41,"turns":6},{"damage":0,"enemies":"3 Darklings","floor":45,"turns":3},{"damage":61,"enemies":"Giant Head","floor":46,"turns":9},{"damage":11,"enemies":"Nemesis","floor":48,"turns":9}],"seed_played":"7307629781162891000","potions_obtained":[{"floor":1.0,"key":"Ancient Potion"},{"floor":10.0,"key":"EssenceOfSteel"},{"floor":14,"key":"FocusPotion"},{"floor":16,"key":"SkillPotion"}],"is_trial":false,"path_per_floor":["M","?","$","?","T","E","R","E","T","E","M","E","$","M","R","B",null,"M","M","M","?","?","R","?","R","T","T","T","$","M","E","R","B",null,"M","?","?","M","M","R","M","R","T","$","M","E","$","E"],"character_chosen":"DEFECT","items_purchased":["Leap","Sunder","Self Repair","Redo","Gash","Stack","Strength Potion","Meteor Strike","Undo","Melter"],"campfire_rested":4,"item_purchase_floors":[3,13,13,13,29,29,29,44,44,47],"current_hp_per_floor":[64,64,64,57,57,57,57,57,57,44,44,42,42,49,49,56,67,47,54,15,15,15,36,36,57,57,57,57,57,62,57,71,35,62,64,64,64,32,34,55,62,62,62,62,62,8,8,0],"gold":34,"neow_bonus":"THREE_ENEMY_KILL","is_prod":false,"is_daily":false,"chose_seed":false,"campfire_upgraded":3,"win_rate":0,"timestamp":1566209502,"path_taken":["M","?","?","?","?","E","R","E","T","E","M","E","$","M","R","BOSS","M","M","M","?","?","R","?","R","T","?","?","$","M","E","R","BOSS","M","?","?","M","?","R","?","R","T","$","M","E","$","E"],"build_version":"2019-07-17","purchased_purges":2,"victory":false,"max_hp_per_floor":[71,71,71,71,71,71,71,71,71,71,71,71,71,71,71,71,71,71,71,71,71,71,71,71,71,71,71,71,71,71,71,71,71,71,71,71,71,71,71,71,71,71,71,71,71,71,71,71],"card_choices":[{"not_picked":["FTL","Lockon"],"picked":"Cold Snap","floor":1.0},{"not_picked":["Rebound","Beam Cell"],"picked":"FTL","floor":6.0},{"not_picked":["Compile Driver","Auto Shields"],"picked":"Ball Lightning","floor":8.0},{"not_picked":["Go for the Eyes","Hologram"],"picked":"Buffer","floor":10.0},{"not_picked":["Storm","Auto Shields"],"picked":"Defragment","floor":11.0},{"not_picked":["Beam Cell","Hologram"],"picked":"Chaos","floor":12.0},{"not_picked":["Hologram","Double Energy"],"picked":"Storm","floor":14},{"not_picked":["Hyperbeam","Buffer"],"picked":"Fission","floor":16},{"not_picked":["Cold Snap","Ball Lightning"],"picked":"Glacier","floor":18},{"not_picked":["FTL","Aggregate"],"picked":"Leap","floor":19},{"not_picked":["Doom and Gloom","Barrage"],"picked":"Hologram","floor":20},{"not_picked":["Rebound","Double Energy"],"picked":"Coolheaded","floor":30},{"not_picked":["Streamline","Conserve Battery"],"picked":"Biased Cognition","floor":31},{"not_picked":["Core Surge","Electrodynamics"],"picked":"Buffer","floor":33},{"not_picked":["Barrage","Rip and Tear"],"picked":"Redo","floor":35},{"not_picked":["Steam","Turbo"],"picked":"Go for the Eyes","floor":38},{"not_picked":["Redo","Fusion"],"picked":"Beam Cell+1","floor":39},{"not_picked":["Rebound","Barrage+1"],"picked":"Capacitor+1","floor":41},{"not_picked":["Tempest","Hologram"],"picked":"Genetic Algorithm","floor":45},{"not_picked":["Biased Cognition","Beam Cell"],"picked":"Conserve Battery+1","floor":46}],"player_experience":1928167,"relics_obtained":[{"floor":5.0,"key":"Orichalcum"},{"floor":6.0,"key":"Nunchaku"},{"floor":8.0,"key":"Omamori"},{"floor":9.0,"key":"Oddly Smooth Stone"},{"floor":10.0,"key":"Mummified Hand"},{"floor":12.0,"key":"Kunai"},{"floor":26,"key":"Shuriken"},{"floor":27,"key":"Ornamental Fan"},{"floor":28,"key":"Mercury Hourglass"},{"floor":31,"key":"Letter Opener"},{"floor":43,"key":"Dodecahedron"},{"floor":46,"key":"Ginger"}],"event_choices":[{"damage_healed":0.0,"max_hp_gain":0.0,"max_hp_loss":0.0,"gold_gain":150.0,"event_name":"Liars Game","player_choice":"AGREE","floor":2.0,"gold_loss":0.0,"damage_taken":0.0,"cards_obtained":["Doubt"]},{"cards_removed":["Strike_B"],"damage_healed":0.0,"max_hp_gain":0.0,"max_hp_loss":0.0,"gold_gain":0.0,"event_name":"Golden Wing","player_choice":"Card Removal","floor":4.0,"gold_loss":0.0,"damage_taken":7.0},{"damage_healed":0,"gold_gain":0,"cards_transformed":["Defend_B","Defend_B"],"player_choice":"Became Test Subject","damage_taken":0,"max_hp_gain":0,"max_hp_loss":0,"event_name":"Drug Dealer","floor":21,"gold_loss":0,"cards_obtained":["Electrodynamics","Static Discharge"]},{"damage_healed":0,"gold_gain":0,"player_choice":"Smashed Altar","damage_taken":0,"max_hp_gain":0,"max_hp_loss":0,"event_name":"Forgotten Altar","floor":22,"gold_loss":0,"cards_obtained":["Decay"]},{"cards_removed":["Defend_B"],"damage_healed":0,"gold_gain":0,"player_choice":"Elegance","damage_taken":0,"max_hp_gain":0,"max_hp_loss":0,"event_name":"Back to Basics","floor":24,"gold_loss":0},{"cards_removed":["Redo"],"damage_healed":0,"gold_gain":0,"player_choice":"Removed Skill","damage_taken":0,"max_hp_gain":0,"max_hp_loss":0,"event_name":"Falling","floor":36,"gold_loss":0},{"cards_removed":["Cold Snap"],"damage_healed":0,"gold_gain":0,"player_choice":"Purged","damage_taken":0,"max_hp_gain":0,"max_hp_loss":0,"event_name":"Purifier","floor":37,"gold_loss":0}],"is_beta":false,"boss_relics":[{"not_picked":["Philosopher\u0027s Stone","Coffee Dripper"],"picked":"Astrolabe"},{"not_picked":["Pandora\u0027s Box","FrozenCore"],"picked":"Sozu"}],"items_purged_floors":[3,13],"is_endless":false,"potions_floor_spawned":[1,10,14,16,19,31,35,38,41,45],"killed_by":"Nemesis","ascension_level":18}