{"path_per_floor":["M","M","M","$","?","E","R","E","T","M","M","$","R","E","R","B",null,"M","M","$","?","?","R","M","R","T","$","M","R","E","M","R","B",null,"M","$","M","M","?","R","M","R","T","M","R","M","E","M","R"],"character_chosen":"IRONCLAD","items_purchased":["Pen Nib","Swift Strike","Wild Strike","Wild Strike"],"gold_per_floor":[109,127,144,144,144,179,179,212,288,302,312,65,65,99,99,203,203,203,188,143,93,93,93,93,93,93,93,93,93,93,93,93,93,93,93,69,69,69,69,69,69,69,69,69,69,69,69,69,69],"floor_reached":50,"campfire_rested":2,"playtime":1709,"current_hp_per_floor":[73,79,77,77,77,62,62,33,33,27,21,21,45,33,57,11,63,61,60,60,60,60,60,61,61,61,61,63,63,59,65,65,39,70,76,76,64,40,40,40,40,40,40,50,50,56,34,33,33],"items_purged":[],"gold":69,"score":686,"play_id":"27076463-88da-418e-805e-d260e841e8a2","is_prod":false,"is_daily":false,"is_ascension_mode":true,"campfire_upgraded":9,"path_taken":["M","M","?","$","?","E","R","E","T","?","M","$","R","E","R","BOSS","M","M","$","?","?","R","M","R","T","?","M","R","E","M","R","BOSS","M","$","M","?","?","R","M","R","T","M","R","M","E","?","R","BOSS"],"build_version":"2018-02-15-PROD1","purchased_purges":0,"victory":false,"master_deck":["Strike_R+1","Strike_R+1","Strike_R+1","Strike_R+1","Strike_R+1","Defend_R+1","Defend_R+1","Defend_R+1","Defend_R+1","Bash+1","Perfected Strike+1","Wild Strike+1","Metallicize+1","Swift Strike+1","Offering","Pommel Strike+1","Shockwave+1","Wild Strike+1","Perfected Strike+1","Perfected Strike+1","Shrug It Off+1","Demon Form+1","Intimidate+1","Wild Strike","Perfected Strike+1","Twin Strike+1","Ghostly Armor","Spot Weakness+1","Perfected Strike+1","Perfected Strike+1"],"max_hp_per_floor":[80,80,80,80,80,80,80,80,80,80,80,80,80,80,80,80,80,80,80,80,80,80,80,80,80,80,80,80,80,80,80,80,80,80,80,80,80,80,80,80,80,80,80,80,80,80,80,80,80],"relics":["Black Blood","Sundial","Darkstone Periapt","Letter Opener","Pen Nib","Bronze Scales","Ectoplasm","Prayer Wheel","Gambling Chip","Bird Faced Urn","Orichalcum"],"card_choices":[{"not_picked":["True Grit","Disarm"],"picked":"Headbutt"},{"not_picked":["Burning Pact","Rage"],"picked":"Perfected Strike"},{"not_picked":["Whirlwind","Blood for Blood"],"picked":"Wild Strike"},{"not_picked":["Disarm","Impervious"],"picked":"Metallicize"},{"not_picked":["Fiend Fire","Limit Break"],"picked":"Offering"},{"not_picked":["Heavy Blade","Shrug It Off"],"picked":"Pommel Strike"},{"not_picked":["Shrug It Off","Cleave"],"picked":"Shockwave"},{"not_picked":["Pommel Strike","Limit Break"],"picked":"Perfected Strike"},{"not_picked":["Dual Wield","Pommel Strike"],"picked":"Perfected Strike"},{"not_picked":["Corruption","Sword Boomerang"],"picked":"Shrug It Off"},{"not_picked":["Bludgeon","Immolate"],"picked":"Demon Form"},{"not_picked":["Infernal Blade","Second Wind"],"picked":"Intimidate"},{"not_picked":["Anger","Clothesline"],"picked":"Perfected Strike"},{"not_picked":["Havoc","Warcry"],"picked":"Twin Strike"},{"not_picked":["Headbutt","Armaments"],"picked":"Spot Weakness"},{"not_picked":["Sentinel","Havoc"],"picked":"Perfected Strike"},{"not_picked":["Anger","Dropkick"],"picked":"Perfected Strike"}],"player_experience":215297,"potions_floor_usage":[16,24,33,33,44,50,50],"damage_taken":[{"damage":5,"enemies":"Cultist","floor":1,"turns":5},{"damage":0,"enemies":"Small Slimes","floor":2,"turns":3},{"damage":8,"enemies":"Jaw Worm","floor":3,"turns":4},{"damage":21,"enemies":"3 Sentries","floor":6,"turns":8},{"damage":35,"enemies":"Lagavulin","floor":8,"turns":5},{"damage":12,"enemies":"Red Slaver","floor":10,"turns":3},{"damage":12,"enemies":"Large Slime","floor":11,"turns":3},{"damage":18,"enemies":"3 Sentries","floor":14,"turns":4},{"damage":52,"enemies":"The Guardian","floor":16,"turns":9},{"damage":8,"enemies":"Spheric Guardian","floor":18,"turns":3},{"damage":7,"enemies":"2 Thieves","floor":19,"turns":2},{"damage":5,"enemies":"Centurion and Healer","floor":24,"turns":3},{"damage":4,"enemies":"Cultist and Chosen","floor":28,"turns":3},{"damage":10,"enemies":"Gremlin Leader","floor":30,"turns":4},{"damage":0,"enemies":"Snake Plant","floor":31,"turns":1},{"damage":32,"enemies":"Automaton","floor":33,"turns":5},{"damage":4,"enemies":"Orb Walker","floor":35,"turns":1},{"damage":22,"enemies":"3 Darklings","floor":37,"turns":3},{"damage":34,"enemies":"Maw","floor":38,"turns":5},{"damage":10,"enemies":"4 Shapes","floor":41,"turns":3},{"damage":0,"enemies":"3 Darklings","floor":44,"turns":2},{"damage":4,"enemies":"Sphere and 2 Shapes","floor":46,"turns":3},{"damage":36,"enemies":"Nemesis","floor":47,"turns":5},{"damage":11,"enemies":"4 Shapes","floor":48,"turns":4},{"damage":41,"enemies":"Donu and Deca","floor":50,"turns":4}],"event_choices":[{"event_name":"Living Wall","player_choice":"Grow","floor":5,"damage_taken":0},{"event_name":"The Joust","player_choice":"Bet on Murderer","floor":21,"damage_taken":0},{"event_name":"Back to Basics","player_choice":"Simplicity","floor":22,"damage_taken":0},{"event_name":"Transmorgrifier","player_choice":"Transform","floor":39,"damage_taken":0}],"boss_relics":[{"not_picked":["Velvet Choker","Astrolabe"],"picked":"Ectoplasm"},{"not_picked":["Eternal Feather","Runic Pyramid"],"picked":"Black Blood"}],"potions_floor_spawned":[2,6,8,10,16,30,31,33,35,38,41],"seed_played":"2917542081456549025","killed_by":"Donu and Deca","ascension_level":7,"is_trial":false}