{"gold_per_floor":[113,128,148,148,165,195,195,207,255,255,255,330,280,129,129,254,254,278,278,293,568,350,350,365,396,420,420,449,474,499,524,536,548],"floor_reached":33,"playtime":1242,"items_purged":["Defend_R","Regret"],"score":484,"play_id":"b6ba2af9-b119-403d-b91b-3e14bf975297","local_time":"20190221230900","is_ascension_mode":true,"campfire_choices":[{"data":"Dark Embrace","floor":7,"key":"SMITH"},{"data":"Second Wind","floor":10,"key":"SMITH"},{"data":"Inflame","floor":15,"key":"SMITH"},{"data":"True Grit","floor":23,"key":"SMITH"},{"data":"Inflame","floor":27,"key":"SMITH"},{"floor":32,"key":"REST"}],"neow_cost":"NONE","seed_source_timestamp":155762212629400,"circlet_count":0,"master_deck":["AscendersBane","Strike_R+1","Strike_R","Strike_R","Strike_R","Strike_R","Defend_R","Defend_R","Defend_R","Bash+1","Dark Embrace+1","Clash","Second Wind+1","Reckless Charge","Clash","Clash","Inflame+1","Evolve","Reaper","Inflame+1","Anger","True Grit+1","Corruption+1","Sentinel","Shame","Burning Pact","True Grit","Clash","Ghostly Armor"],"relics":["Burning Blood","Whetstone","Blood Vial","Bloody Idol","Cursed Key","Singing Bowl","Ancient Tea Set","MawBank"],"potions_floor_usage":[6,16,24,25,28,29,30],"damage_taken":[{"damage":13,"enemies":"Jaw Worm","floor":1,"turns":4},{"damage":7,"enemies":"2 Louse","floor":2,"turns":4},{"damage":7,"enemies":"Small Slimes","floor":3,"turns":4},{"damage":0,"enemies":"2 Fungi Beasts","floor":5,"turns":3},{"damage":18,"enemies":"Gremlin Nob","floor":6,"turns":4},{"damage":13,"enemies":"Large Slime","floor":8,"turns":3},{"damage":35,"enemies":"Hexaghost","floor":16,"turns":8},{"damage":20,"enemies":"Spheric Guardian","floor":18,"turns":4},{"damage":30,"enemies":"Shell Parasite","floor":20,"turns":4},{"damage":19,"enemies":"Snake Plant","floor":24,"turns":3},{"damage":26,"enemies":"Gremlin Leader","floor":25,"turns":6},{"damage":54,"enemies":"Book of Stabbing","floor":28,"turns":5},{"damage":45,"enemies":"Shelled Parasite and Fungi","floor":29,"turns":5},{"damage":9,"enemies":"Chosen and Byrds","floor":30,"turns":4},{"damage":19,"enemies":"Centurion and Healer","floor":31,"turns":5},{"damage":94,"enemies":"Automaton","floor":33,"turns":6}],"seed_played":"3281800500581908659","potions_obtained":[{"floor":1,"key":"Strength Potion"},{"floor":3,"key":"Strength Potion"},{"floor":6,"key":"Energy Potion"},{"floor":25,"key":"Fire Potion"},{"floor":28,"key":"Poison Potion"},{"floor":29,"key":"Weak Potion"}],"is_trial":false,"path_per_floor":["M","M","M","?","M","E","R","M","T","R","?","?","?","$","R","B",null,"M","?","M","?","$","R","M","E","T","R","E","M","M","M","R","B"],"character_chosen":"IRONCLAD","items_purchased":["Evolve","True Grit","LiquidBronze"],"campfire_rested":1,"item_purchase_floors":[14,22,22],"current_hp_per_floor":[65,64,63,68,74,62,62,55,55,55,55,44,44,44,44,17,68,56,56,52,57,57,57,51,59,64,64,33,14,30,49,79,0],"gold":548,"neow_bonus":"ONE_RANDOM_RARE_CARD","is_prod":false,"is_daily":false,"chose_seed":false,"campfire_upgraded":5,"win_rate":0,"timestamp":1550786940,"path_taken":["M","M","M","?","M","E","R","M","T","R","?","?","?","?","R","BOSS","M","?","M","?","$","R","M","E","T","R","E","M","M","M","R","BOSS"],"build_version":"2019-01-23","purchased_purges":2,"victory":false,"max_hp_per_floor":[80,80,80,85,85,85,85,85,85,85,85,85,85,85,85,85,85,85,85,85,85,85,85,85,85,85,85,85,85,85,85,85,85],"card_choices":[{"not_picked":["Body Slam","Rage"],"picked":"Clash","floor":1},{"not_picked":["Sword Boomerang","Searing Blow"],"picked":"Second Wind","floor":2},{"not_picked":["Armaments","Rupture"],"picked":"Reckless Charge","floor":3},{"not_picked":["Havoc","Twin Strike"],"picked":"Clash","floor":5},{"not_picked":["Blood for Blood","Thunderclap"],"picked":"Clash","floor":6},{"not_picked":["Blood for Blood","Rupture"],"picked":"Inflame","floor":8},{"not_picked":["Berserk","Bludgeon"],"picked":"Reaper","floor":16},{"not_picked":["Rage","Body Slam"],"picked":"Inflame","floor":18},{"not_picked":["Sword Boomerang","Shrug It Off"],"picked":"Anger","floor":20},{"not_picked":["Shrug It Off","Infernal Blade"],"picked":"Corruption+1","floor":24},{"not_picked":["Cleave","Twin Strike"],"picked":"Sentinel","floor":25},{"not_picked":["Combust","Bloodletting"],"picked":"Burning Pact","floor":28},{"not_picked":["Heavy Blade","Rage"],"picked":"True Grit","floor":29},{"not_picked":["Havoc","Spot Weakness"],"picked":"Clash","floor":30},{"not_picked":["Clothesline","Bloodletting"],"picked":"Ghostly Armor","floor":31}],"player_experience":831821,"relics_obtained":[{"floor":6,"key":"Whetstone"},{"floor":9,"key":"Blood Vial"},{"floor":25,"key":"Singing Bowl"},{"floor":26,"key":"Ancient Tea Set"},{"floor":28,"key":"MawBank"}],"event_choices":[{"damage_healed":0,"gold_gain":0,"player_choice":"Donut","damage_taken":0,"max_hp_gain":5,"max_hp_loss":0,"event_name":"Big Fish","floor":4,"gold_loss":0},{"damage_healed":0,"gold_gain":0,"player_choice":"Take Wound","damage_taken":0,"relics_obtained":["Golden Idol"],"max_hp_gain":0,"max_hp_loss":0,"event_name":"Golden Idol","floor":11,"gold_loss":0,"cards_obtained":["Injury"]},{"damage_healed":0,"gold_gain":75,"player_choice":"Gather Gold","damage_taken":11,"max_hp_gain":0,"max_hp_loss":0,"event_name":"World of Goop","floor":12,"gold_loss":0},{"cards_removed":["Injury"],"damage_healed":0,"gold_gain":0,"player_choice":"Card Removal","damage_taken":0,"max_hp_gain":0,"max_hp_loss":0,"event_name":"The Cleric","floor":13,"gold_loss":50},{"damage_healed":0,"gold_gain":0,"player_choice":"Gave Idol","damage_taken":0,"relics_obtained":["Bloody Idol"],"max_hp_gain":0,"max_hp_loss":0,"event_name":"Forgotten Altar","floor":19,"relics_lost":["Golden Idol"],"gold_loss":0},{"damage_healed":0,"gold_gain":275,"player_choice":"Desecrate","damage_taken":0,"max_hp_gain":0,"max_hp_loss":0,"event_name":"Golden Shrine","floor":21,"gold_loss":0,"cards_obtained":["Regret"]}],"is_beta":false,"boss_relics":[{"not_picked":["Tiny House","Black Blood"],"picked":"Cursed Key"}],"items_purged_floors":[14,22],"is_endless":false,"potions_floor_spawned":[1,3,6,25,28,29],"killed_by":"Automaton","ascension_level":12}