{"gold_per_floor":[118,118,131,2,20,20,45,60,60,60,71,71,71,101,101,101],"floor_reached":16,"playtime":379,"items_purged":["Strike_R"],"score":110,"play_id":"9bfe7f14-5840-48e4-b2c5-deb5da3740eb","local_time":"20191010193954","is_ascension_mode":false,"campfire_choices":[{"data":"Bash","floor":6,"key":"SMITH"},{"data":"Shrug It Off","floor":10,"key":"SMITH"},{"data":"Whirlwind","floor":15,"key":"SMITH"}],"neow_cost":"PERCENT_DAMAGE","seed_source_timestamp":6492849570857,"circlet_count":0,"master_deck":["Defend_R","Defend_R","Defend_R","Defend_R","Bash+1","Headbutt","Shrug It Off+1","Whirlwind+1","Shrug It Off"],"relics":["Burning Blood","Shuriken","Mercury Hourglass","Blue Candle"],"potions_floor_usage":[11,14,16],"damage_taken":[{"damage":5,"enemies":"Jaw Worm","floor":1,"turns":5},{"damage":0,"enemies":"Small Slimes","floor":3,"turns":3},{"damage":0,"enemies":"2 Louse","floor":5,"turns":3},{"damage":15,"enemies":"Gremlin Nob","floor":7,"turns":4},{"damage":0,"enemies":"Looter","floor":8,"turns":4},{"damage":0,"enemies":"3 Louse","floor":11,"turns":2},{"damage":7,"enemies":"Lagavulin","floor":14,"turns":4},{"damage":79,"enemies":"Hexaghost","floor":16,"turns":12}],"seed_played":"-5270464861072562773","potions_obtained":[{"floor":3,"key":"BloodPotion"},{"floor":5,"key":"AttackPotion"},{"floor":7,"key":"Dexterity Potion"},{"floor":14,"key":"GamblersBrew"}],"is_trial":false,"path_per_floor":["M","?","M","$","M","R","E","M","T","R","M","?","$","E","R","B"],"character_chosen":"IRONCLAD","items_purchased":["Shrug It Off"],"campfire_rested":0,"item_purchase_floors":[4],"current_hp_per_floor":[57,50,56,56,62,62,53,59,59,59,80,80,80,79,79,0],"gold":101,"neow_bonus":"REMOVE_TWO","is_prod":false,"is_daily":false,"chose_seed":false,"campfire_upgraded":3,"win_rate":0,"timestamp":1570761594,"path_taken":["M","?","M","$","M","R","E","M","T","R","M","?","$","E","R","BOSS"],"build_version":"2019-07-17","purchased_purges":1,"victory":false,"max_hp_per_floor":[80,80,80,80,80,80,80,80,80,80,80,80,80,80,80,80],"card_choices":[{"not_picked":["Wild Strike","Clothesline"],"picked":"Headbutt","floor":1},{"not_picked":["Flex","Bloodletting","Wild Strike"],"picked":"SKIP","floor":3},{"not_picked":["Second Wind","Metallicize","Rage"],"picked":"SKIP","floor":5},{"not_picked":["Searing Blow","Sentinel","Hemokinesis"],"picked":"SKIP","floor":7},{"not_picked":["Sever Soul","Second Wind","Burning Pact"],"picked":"SKIP","floor":8},{"not_picked":["Twin Strike","Rage"],"picked":"Whirlwind","floor":11},{"not_picked":["Bludgeon","Second Wind"],"picked":"Shrug It Off","floor":14}],"player_experience":394930,"relics_obtained":[{"floor":7,"key":"Shuriken"},{"floor":9,"key":"Mercury Hourglass"},{"floor":14,"key":"Blue Candle"}],"event_choices":[{"cards_removed":["Strike_R"],"damage_healed":0,"gold_gain":0,"player_choice":"Card Removal","damage_taken":7,"max_hp_gain":0,"max_hp_loss":0,"event_name":"Golden Wing","floor":2,"gold_loss":0},{"cards_removed":["Strike_R"],"damage_healed":0,"gold_gain":0,"player_choice":"Forget","damage_taken":0,"max_hp_gain":0,"max_hp_loss":0,"event_name":"Living Wall","floor":12,"gold_loss":0}],"is_beta":false,"boss_relics":[],"items_purged_floors":[4],"is_endless":false,"potions_floor_spawned":[3,5,7,8,14],"killed_by":"Hexaghost","ascension_level":0}