{"gold_per_floor":[10,10,10,27,27,27,52,52,76,76,28,28],"floor_reached":12,"playtime":269,"items_purged":[],"score":100,"play_id":"8e2f7f6e-1d2d-48b1-b85d-3c3bc7e08c22","local_time":"20190912235514","is_ascension_mode":true,"campfire_choices":[{"floor":6,"key":"DIG"},{"floor":8,"key":"DIG"},{"floor":10,"key":"DIG"}],"neow_cost":"NO_GOLD","seed_source_timestamp":139919358104729,"circlet_count":0,"master_deck":["Strike_R","Strike_R","Strike_R","Defend_R","Defend_R","Defend_R","Defend_R","Bash","Inflame","Inflame","Shrug It Off"],"relics":["Burning Blood","Shovel","Gremlin Horn","Ornamental Fan","Sundial","Smiling Mask","Omamori"],"potions_floor_usage":[12],"damage_taken":[{"damage":7,"enemies":"Jaw Worm","floor":1,"turns":3},{"damage":6,"enemies":"Cultist","floor":4,"turns":4},{"damage":35,"enemies":"Lagavulin","floor":7,"turns":6},{"damage":53,"enemies":"Gremlin Nob","floor":12,"turns":5}],"seed_played":"7351867296017708680","potions_obtained":[{"floor":7,"key":"Block Potion"}],"is_trial":false,"path_per_floor":["M","?","?","M","?","R","E","R","T","R","$","E"],"character_chosen":"IRONCLAD","items_purchased":["Shrug It Off"],"campfire_rested":0,"item_purchase_floors":[11],"current_hp_per_floor":[71,71,71,71,64,64,35,35,35,35,35,0],"gold":28,"neow_bonus":"ONE_RARE_RELIC","is_prod":false,"is_daily":false,"chose_seed":false,"campfire_upgraded":0,"win_rate":0,"timestamp":1568346914,"path_taken":["M","?","?","?","?","R","E","R","T","R","?","E"],"build_version":"2019-09-11v2","purchased_purges":0,"victory":false,"max_hp_per_floor":[80,80,80,80,80,80,80,80,80,80,80,80],"card_choices":[{"not_picked":["Wild Strike","Body Slam"],"picked":"Inflame","floor":1},{"not_picked":["Twin Strike","True Grit"],"picked":"Inflame","floor":4},{"not_picked":["Entrench","Infernal Blade","Flex"],"picked":"SKIP","floor":7}],"player_experience":382644,"relics_obtained":[{"floor":6,"key":"Gremlin Horn"},{"floor":7,"key":"Ornamental Fan"},{"floor":8,"key":"Sundial"},{"floor":9,"key":"Smiling Mask"},{"floor":10,"key":"Omamori"}],"event_choices":[{"cards_removed":["Strike_R"],"damage_healed":0,"gold_gain":0,"player_choice":"Forget","damage_taken":0,"max_hp_gain":0,"max_hp_loss":0,"event_name":"Living Wall","floor":2,"gold_loss":0},{"damage_healed":0,"gold_gain":0,"player_choice":"Ignored","damage_taken":0,"max_hp_gain":0,"max_hp_loss":0,"event_name":"Golden Idol","floor":3,"gold_loss":0},{"cards_removed":["Strike_R"],"damage_healed":0,"gold_gain":0,"player_choice":"Card Removal","damage_taken":7,"max_hp_gain":0,"max_hp_loss":0,"event_name":"Golden Wing","floor":5,"gold_loss":0}],"is_beta":true,"boss_relics":[],"items_purged_floors":[],"is_endless":false,"potions_floor_spawned":[7],"killed_by":"Gremlin Nob","ascension_level":7}