{"gold_per_floor":[111,111,125,141,141,141,155,155,155,173,173,188,217,217,217,314,314,332,50,64,79,89,89,89,89,89,47,61,61],"floor_reached":29,"playtime":1479,"items_purged":[],"score":283,"play_id":"fe9f64b5-e4ec-4637-b917-fca9d629d63d","local_time":"20180805184142","is_ascension_mode":true,"campfire_choices":[{"data":"Streamline","floor":6,"key":"SMITH"},{"data":"Beam Cell","floor":8,"key":"SMITH"},{"data":"Zap","floor":11,"key":"SMITH"},{"floor":15,"key":"REST"},{"data":"Chaos","floor":23,"key":"SMITH"},{"floor":25,"key":"REST"}],"neow_cost":"NONE","seed_source_timestamp":1243847374475191,"circlet_count":0,"master_deck":["Strike_B","Strike_B","Strike_B","Strike_B","Defend_B","Defend_B","Defend_B","Defend_B","Zap+1","Dualcast+1","Streamline+1","Coolheaded","Leap","Beam Cell+1","Capacitor","Gash","Stack","Seek","Conserve Battery","Ball Lightning+1","White Noise","Chaos+1","Defragment"],"relics":["Cracked Core","Pear","Spirit Poop","Blue Candle","The Courier","Velvet Choker","ClockworkSouvenir","Oddly Smooth Stone","Girya"],"potions_floor_usage":[16,16,16,29],"damage_taken":[{"damage":7,"enemies":"Small Slimes","floor":1,"turns":3},{"damage":8,"enemies":"Jaw Worm","floor":3,"turns":3},{"damage":0,"enemies":"2 Louse","floor":4,"turns":2},{"damage":0,"enemies":"Looter","floor":7,"turns":2},{"damage":9,"enemies":"Red Slaver","floor":10,"turns":3},{"damage":5,"enemies":"Large Slime","floor":12,"turns":5},{"damage":19,"enemies":"Lagavulin","floor":13,"turns":5},{"damage":22,"enemies":"Hexaghost","floor":16,"turns":9},{"damage":23,"enemies":"Shell Parasite","floor":18,"turns":4},{"damage":9,"enemies":"Spheric Guardian","floor":20,"turns":6},{"damage":4,"enemies":"Centurion and Healer","floor":21,"turns":8},{"damage":26,"enemies":"Slaver and Parasite","floor":22,"turns":8},{"damage":0,"enemies":"Cultist and Chosen","floor":28,"turns":5},{"damage":38,"enemies":"Gremlin Leader","floor":29,"turns":7}],"seed_played":"8096986420029790129","potions_obtained":[{"floor":4,"key":"Weak Potion"},{"floor":7,"key":"Ancient Potion"},{"floor":13,"key":"FocusPotion"},{"floor":18,"key":"Energy Potion"},{"floor":28,"key":"Swift Potion"}],"is_trial":false,"path_per_floor":["M","?","M","M","?","R","M","R","T","M","R","M","E","?","R","B",null,"M","$","M","M","M","R","?","R","T","$","M"],"character_chosen":"DEFECT","items_purchased":["ClockworkSouvenir","Oddly Smooth Stone","Block Potion"],"campfire_rested":2,"item_purchase_floors":[19,19,27],"current_hp_per_floor":[68,78,70,70,70,70,70,70,70,61,61,56,37,37,62,40,74,51,51,42,38,12,12,12,37,37,37,37,0],"gold":61,"neow_bonus":"UPGRADE_CARD","is_prod":false,"is_daily":false,"chose_seed":false,"campfire_upgraded":4,"win_rate":0,"timestamp":1533490902,"path_taken":["M","?","M","M","?","R","M","R","T","M","R","?","E","?","R","BOSS","M","?","M","M","?","R","?","R","T","?","M","E"],"build_version":"2018-08-02","purchased_purges":0,"victory":false,"max_hp_per_floor":[75,85,85,85,85,85,85,85,85,85,85,85,85,85,85,85,85,85,85,85,85,85,85,85,85,85,85,85,85],"card_choices":[{"not_picked":["Beam Cell","Self Repair"],"picked":"Streamline","floor":1},{"not_picked":["Turbo","Streamline"],"picked":"Coolheaded","floor":3},{"not_picked":["Turbo","Blizzard"],"picked":"Leap","floor":4},{"not_picked":["Leap","Doom and Gloom"],"picked":"Beam Cell","floor":7},{"not_picked":["Conserve Battery","White Noise"],"picked":"Capacitor","floor":10},{"not_picked":["Coolheaded","Rebound"],"picked":"Gash","floor":12},{"not_picked":["Rip and Tear","Aggregate"],"picked":"Stack","floor":13},{"not_picked":["Thunder Strike","Hyperbeam"],"picked":"Seek","floor":16},{"not_picked":["Blizzard","Aggregate"],"picked":"Conserve Battery","floor":18},{"not_picked":["Rebound","Steam"],"picked":"Ball Lightning+1","floor":20},{"not_picked":["Undo","Hologram"],"picked":"White Noise","floor":21},{"not_picked":["Sweeping Beam","Hologram+1"],"picked":"Chaos","floor":22},{"not_picked":["Capacitor","Leap"],"picked":"Defragment","floor":28}],"player_experience":543066,"relics_obtained":[{"floor":9,"key":"Blue Candle"},{"floor":13,"key":"The Courier"},{"floor":26,"key":"Girya"}],"event_choices":[{"event_name":"Big Fish","player_choice":"Box","floor":2,"damage_taken":0},{"event_name":"Bonfire Elementals","player_choice":"CURSE","floor":5,"damage_taken":0},{"event_name":"Shining Light","player_choice":"Ignored","floor":14,"damage_taken":0},{"event_name":"Cursed Tome","player_choice":"Ignored","floor":24,"damage_taken":0}],"is_beta":false,"boss_relics":[{"not_picked":["Orrery","Busted Crown"],"picked":"Velvet Choker"}],"items_purged_floors":[],"is_endless":false,"potions_floor_spawned":[4,7,13,18,28],"killed_by":"Gremlin Leader","ascension_level":5}