{"gold_per_floor":[117,21,21,36,52,52,66,93,93,93,113,125,125,125,125,197,197,209,134,146,157,175,175,23,23,50,68,85,85,118,133,133,133],"floor_reached":33,"playtime":1334,"items_purged":["Strike_B","Strike_B"],"score":528,"play_id":"371083f1-1a10-46dd-9201-6b6a2a8f0c00","local_time":"20191008010507","is_ascension_mode":true,"campfire_choices":[{"floor":6.0,"key":"REST"},{"data":"Cold Snap","floor":10.0,"key":"SMITH"},{"floor":13.0,"key":"REST"},{"data":"Fission","floor":15.0,"key":"SMITH"},{"floor":23.0,"key":"REST"},{"floor":29.0,"key":"REST"},{"floor":32.0,"key":"REST"}],"neow_cost":"NONE","seed_source_timestamp":116612764923900,"circlet_count":0,"master_deck":["AscendersBane","Strike_B+1","Strike_B","Defend_B","Defend_B","Defend_B+1","Defend_B","Zap","Dualcast","Streamline","Defragment","Cold Snap","Cold Snap","Ball Lightning","Cold Snap+1","Undo","Rebound","Compile Driver","Fission+1","FTL","Zap","Electrodynamics","Capacitor","Hologram+1","Barrage","Force Field","Gash","FTL","Chill"],"special_seed":0,"relics":["Cracked Core","NeowsBlessing","Vajra","Happy Flower","Nuclear Battery","Regal Pillow","Bottled Lightning"],"potions_floor_usage":[33],"damage_taken":[{"damage":0.0,"enemies":"Jaw Worm","floor":1.0,"turns":1.0},{"damage":0.0,"enemies":"Cultist","floor":4.0,"turns":1.0},{"damage":0.0,"enemies":"2 Louse","floor":5.0,"turns":1.0},{"damage":14.0,"enemies":"Large Slime","floor":7.0,"turns":4.0},{"damage":7.0,"enemies":"3 Sentries","floor":8.0,"turns":7.0},{"damage":2.0,"enemies":"Blue Slaver","floor":11.0,"turns":3.0},{"damage":7.0,"enemies":"Looter","floor":12.0,"turns":2.0},{"damage":19.0,"enemies":"The Guardian","floor":16.0,"turns":8.0},{"damage":4.0,"enemies":"3 Byrds","floor":18.0,"turns":2.0},{"damage":8.0,"enemies":"Shell Parasite","floor":20.0,"turns":4.0},{"damage":0.0,"enemies":"Snecko","floor":21.0,"turns":4.0},{"damage":24.0,"enemies":"Snake Plant","floor":22.0,"turns":3.0},{"damage":22.0,"enemies":"3 Cultists","floor":27.0,"turns":6.0},{"damage":0.0,"enemies":"Chosen and Byrds","floor":28.0,"turns":5.0},{"damage":43.0,"enemies":"Slavers","floor":30.0,"turns":5.0},{"damage":12.0,"enemies":"Centurion and Healer","floor":31.0,"turns":5.0},{"damage":58,"enemies":"Automaton","floor":33,"turns":8}],"seed_played":"3406348859027029305","potions_obtained":[{"floor":1.0,"key":"SkillPotion"},{"floor":4.0,"key":"Energy Potion"},{"floor":11.0,"key":"AttackPotion"},{"floor":21.0,"key":"SpeedPotion"},{"floor":22.0,"key":"Fire Potion"},{"floor":31.0,"key":"Ancient Potion"}],"is_trial":false,"path_per_floor":["M","$","?","M","M","R","M","E","T","R","M","M","R","?","R","B",null,"M","$","M","M","M","R","$","$","T","M","M","R","E","M","R","B"],"character_chosen":"DEFECT","items_purchased":["Defragment","Cold Snap","Barrage"],"campfire_rested":5,"item_purchase_floors":[2,2,24],"current_hp_per_floor":[64,64,43,43,43,64,50,43,43,43,41,34,55,55,55,36,62,58,58,50,50,26,47,47,47,47,25,25,61,18,6,42,0],"gold":133,"neow_bonus":"THREE_ENEMY_KILL","is_prod":false,"is_daily":false,"chose_seed":false,"campfire_upgraded":2,"win_rate":0,"timestamp":1570521907,"path_taken":["M","$","?","M","M","R","M","E","T","R","M","M","R","?","R","BOSS","M","$","?","M","M","R","?","$","T","M","M","R","E","M","R","BOSS"],"build_version":"2019-07-17","purchased_purges":2,"victory":false,"max_hp_per_floor":[71,71,71,71,71,71,71,71,71,71,71,71,71,71,71,71,71,71,71,71,71,71,71,71,71,71,71,71,71,71,71,71,71],"card_choices":[{"not_picked":["BootSequence","Storm"],"picked":"Streamline","floor":1.0},{"not_picked":["Compile Driver","Defragment"],"picked":"Cold Snap","floor":4.0},{"not_picked":["Recycle","Force Field"],"picked":"Ball Lightning","floor":5.0},{"not_picked":["Rebound","Redo"],"picked":"Cold Snap","floor":7.0},{"not_picked":["Cold Snap","Rebound"],"picked":"Undo","floor":8.0},{"not_picked":["Redo","Hyperbeam"],"picked":"Rebound","floor":11.0},{"not_picked":["Steam","Streamline"],"picked":"Compile Driver","floor":12.0},{"not_picked":["Thunder Strike","Creative AI"],"picked":"Electrodynamics","floor":16.0},{"not_picked":["Hello World","Cold Snap","Rip and Tear"],"picked":"SKIP","floor":18.0},{"not_picked":["Aggregate","Cold Snap+1","Steam"],"picked":"SKIP","floor":20.0},{"not_picked":["Leap","Hologram"],"picked":"Capacitor","floor":21.0},{"not_picked":["Rebound","Redo"],"picked":"Hologram+1","floor":22.0},{"not_picked":["Turbo","Thunder Strike"],"picked":"Force Field","floor":27.0},{"not_picked":["Coolheaded","Stack"],"picked":"Gash","floor":28.0},{"not_picked":["Steam Power","Streamline+1"],"picked":"FTL","floor":30.0},{"not_picked":["Streamline","Leap+1"],"picked":"Chill","floor":31.0}],"player_experience":688248,"relics_obtained":[{"floor":8.0,"key":"Vajra"},{"floor":9.0,"key":"Happy Flower"},{"floor":26.0,"key":"Regal Pillow"},{"floor":30.0,"key":"Bottled Lightning"}],"event_choices":[{"damage_healed":0.0,"max_hp_gain":0.0,"max_hp_loss":0.0,"gold_gain":0.0,"event_name":"Shining Light","player_choice":"Entered Light","floor":3.0,"gold_loss":0.0,"damage_taken":21.0,"cards_upgraded":["Strike_B","Defend_B"]},{"damage_healed":0.0,"max_hp_gain":0.0,"max_hp_loss":0.0,"gold_gain":0.0,"event_name":"Match and Keep!","player_choice":"3 cards matched","floor":14.0,"gold_loss":0.0,"damage_taken":0.0,"cards_obtained":["Fission","FTL","Zap"]}],"is_beta":false,"boss_relics":[{"not_picked":["Fusion Hammer","Busted Crown"],"picked":"Nuclear Battery"}],"items_purged_floors":[19,24],"is_endless":false,"potions_floor_spawned":[1,4,11,21,22,31],"killed_by":"Automaton","ascension_level":19}