{"gold_per_floor":[117,117,135,7,7,7,43,55,367,379,411,454,466,491,503,605,617,643,655,667],"floor_reached":20,"playtime":413,"items_purged":["Strike_B"],"score":410,"play_id":"42ae1776-008f-4081-bb5e-0c19c44a8f8a","local_time":"20190531003355","is_ascension_mode":true,"campfire_choices":[{"data":"Zap","floor":6.0,"key":"SMITH"},{"data":"Dualcast","floor":10.0,"key":"SMITH"},{"floor":15.0,"key":"REST"}],"neow_cost":"NONE","seed_source_timestamp":1141619401837807,"circlet_count":0,"master_deck":["AscendersBane","Defend_B","Defend_B","Defend_B","Defend_B","Zap+1","Dualcast+1","Ball Lightning","Gash","Conserve Battery","Loop+1","Leap","Coolheaded","Sweeping Beam","Thunder Strike","Blizzard+1","Stack+1","Clumsy","Melter"],"special_seed":0,"relics":["Cracked Core","NeowsBlessing","Golden Idol","MawBank","Old Coin","Sundial","Dodecahedron","Astrolabe"],"potions_floor_usage":[16,16,18],"damage_taken":[{"damage":0.0,"enemies":"Small Slimes","floor":1.0,"turns":1.0},{"damage":0.0,"enemies":"2 Louse","floor":3.0,"turns":1.0},{"damage":0.0,"enemies":"3 Sentries","floor":7.0,"turns":2.0},{"damage":7.0,"enemies":"Jaw Worm","floor":11.0,"turns":2.0},{"damage":14.0,"enemies":"Lagavulin","floor":12.0,"turns":6.0},{"damage":2.0,"enemies":"Looter","floor":14.0,"turns":4.0},{"damage":44,"enemies":"Slime Boss","floor":16,"turns":10},{"damage":38,"enemies":"Shell Parasite","floor":18,"turns":5},{"damage":21,"enemies":"Chosen","floor":20,"turns":3}],"seed_played":"-1210444174484454524","potions_obtained":[{"floor":1.0,"key":"Regen Potion"},{"floor":7.0,"key":"Strength Potion"},{"floor":16,"key":"Poison Potion"},{"floor":18,"key":"FearPotion"},{"floor":19,"key":"Weak Potion"}],"is_trial":false,"path_per_floor":["M","?","M","$","?","R","E","?","T","R","M","E","?","M","R","B",null,"M","?","M"],"character_chosen":"DEFECT","items_purchased":["Conserve Battery"],"campfire_rested":1,"item_purchase_floors":[4],"current_hp_per_floor":[64,64,64,64,57,57,57,57,57,57,50,36,36,34,53,24,54,16,16,0],"gold":667,"neow_bonus":"THREE_ENEMY_KILL","is_prod":false,"is_daily":false,"chose_seed":false,"campfire_upgraded":2,"win_rate":0,"timestamp":1559255635,"path_taken":["M","?","M","$","?","R","E","?","T","R","?","E","?","M","R","BOSS","M","?","?"],"build_version":"2019-01-23","purchased_purges":1,"victory":false,"max_hp_per_floor":[71,64,64,64,64,64,64,64,64,64,64,64,64,64,64,64,64,64,64,64],"card_choices":[{"not_picked":["BootSequence","Streamline"],"picked":"Ball Lightning","floor":1.0},{"not_picked":["Turbo","Leap"],"picked":"Gash","floor":3.0},{"not_picked":["Consume","Leap"],"picked":"Loop","floor":7.0},{"not_picked":["Darkness","Beam Cell"],"picked":"Leap","floor":11.0},{"not_picked":["Steam","Hologram"],"picked":"Coolheaded","floor":12.0},{"not_picked":["Hologram","Chill"],"picked":"Sweeping Beam","floor":14.0},{"not_picked":["Seek","Core Surge"],"picked":"Thunder Strike","floor":16},{"not_picked":["Steam","Compile Driver"],"picked":"Melter","floor":18}],"player_experience":812525,"relics_obtained":[{"floor":7.0,"key":"MawBank"},{"floor":9.0,"key":"Old Coin"},{"floor":12.0,"key":"Sundial"}],"event_choices":[{"damage_healed":0.0,"max_hp_gain":0.0,"max_hp_loss":7.0,"gold_gain":0.0,"event_name":"Golden Idol","player_choice":"Lose Max HP","floor":2.0,"gold_loss":0.0,"damage_taken":0.0,"relics_obtained":["Golden Idol"]},{"cards_removed":["Strike_B"],"damage_healed":0.0,"max_hp_gain":0.0,"max_hp_loss":0.0,"gold_gain":0.0,"event_name":"Golden Wing","player_choice":"Card Removal","floor":5.0,"gold_loss":0.0,"damage_taken":7.0},{"damage_healed":0.0,"max_hp_gain":0.0,"max_hp_loss":0.0,"gold_gain":0.0,"event_name":"Living Wall","player_choice":"Grow","floor":8.0,"gold_loss":0.0,"damage_taken":0.0,"cards_upgraded":["Loop"]},{"damage_healed":0.0,"max_hp_gain":0.0,"max_hp_loss":0.0,"gold_gain":0.0,"event_name":"Big Fish","player_choice":"Box","floor":13.0,"gold_loss":0.0,"damage_taken":0.0,"relics_obtained":["Dodecahedron"],"cards_obtained":["Regret"]},{"damage_healed":0,"gold_gain":0,"player_choice":"Got Potions","damage_taken":0,"max_hp_gain":0,"max_hp_loss":0,"event_name":"Lab","floor":19,"gold_loss":0}],"is_beta":false,"boss_relics":[{"not_picked":["Lizard Tail","Eternal Feather"],"picked":"Astrolabe"}],"items_purged_floors":[4],"is_endless":false,"potions_floor_spawned":[1,7,11,12,16,18],"killed_by":"Chosen","ascension_level":20}