{"gold_per_floor":[99,99,99,99,99,99,99,99,99,99,12,12,12,0,0,0],"floor_reached":16,"playtime":463,"items_purged":[],"score":203,"play_id":"e6beeb24-3b7f-4852-ac98-31efb352f81d","local_time":"20190825231348","is_ascension_mode":true,"campfire_choices":[{"floor":7.0,"key":"REST"},{"data":"Reprogram","floor":12.0,"key":"SMITH"},{"floor":15,"key":"REST"}],"neow_cost":"NONE","seed_source_timestamp":1162903634416346,"circlet_count":0,"master_deck":["AscendersBane","Strike_B","Strike_B","Strike_B","Strike_B","Defend_B","Defend_B","Defend_B","Defend_B","Zap","Dualcast","Go for the Eyes+1","Gash","Steam","Steam","Genetic Algorithm","Gash","Reprogram+1","Genetic Algorithm"],"special_seed":0,"relics":["Ectoplasm","Kunai","Ancient Tea Set","Bronze Scales"],"potions_floor_usage":[14,16],"damage_taken":[{"damage":1.0,"enemies":"Cultist","floor":1.0,"turns":3.0},{"damage":4.0,"enemies":"Small Slimes","floor":2.0,"turns":3.0},{"damage":7.0,"enemies":"Jaw Worm","floor":4.0,"turns":3.0},{"damage":9.0,"enemies":"2 Fungi Beasts","floor":5.0,"turns":3.0},{"damage":36.0,"enemies":"Gremlin Nob","floor":6.0,"turns":5.0},{"damage":3.0,"enemies":"3 Louse","floor":8.0,"turns":5.0},{"damage":8.0,"enemies":"Large Slime","floor":13.0,"turns":6.0},{"damage":0,"enemies":"Looter","floor":14,"turns":3},{"damage":39,"enemies":"The Guardian","floor":16,"turns":7}],"seed_played":"-5581187148054117417","potions_obtained":[{"floor":2.0,"key":"SteroidPotion"},{"floor":8.0,"key":"Ancient Potion"},{"floor":13.0,"key":"AttackPotion"}],"is_trial":false,"path_per_floor":["M","M","?","M","M","E","R","M","T","T","$","R","M","M","R","B"],"character_chosen":"DEFECT","items_purchased":["Gash","Reprogram"],"campfire_rested":2,"item_purchase_floors":[11,11],"current_hp_per_floor":[63,59,59,52,43,7,28,25,25,25,25,25,17,17,38,0],"gold":0,"neow_bonus":"BOSS_RELIC","is_prod":false,"is_daily":false,"chose_seed":false,"campfire_upgraded":1,"win_rate":0,"timestamp":1566800028,"path_taken":["M","?","?","?","?","E","R","M","T","?","$","R","M","M","R","BOSS"],"build_version":"2019-07-17","purchased_purges":0,"victory":false,"max_hp_per_floor":[71,71,71,71,71,71,71,71,71,71,71,71,71,71,71,71],"card_choices":[{"not_picked":["Cold Snap","Stack"],"picked":"Go for the Eyes","floor":1.0},{"not_picked":["Undo","Compile Driver"],"picked":"Gash","floor":2.0},{"not_picked":["Compile Driver","Doom and Gloom","Conserve Battery"],"picked":"SKIP","floor":4.0},{"not_picked":["Ball Lightning","Melter"],"picked":"Steam","floor":5.0},{"not_picked":["Undo","Electrodynamics"],"picked":"Steam","floor":6.0},{"not_picked":["Hologram","Ball Lightning"],"picked":"Genetic Algorithm","floor":8.0},{"not_picked":["Streamline","Chaos","Ball Lightning"],"picked":"SKIP","floor":13.0},{"not_picked":["Aggregate","Tempest"],"picked":"Genetic Algorithm","floor":14}],"player_experience":185427,"relics_obtained":[{"floor":6.0,"key":"Kunai"},{"floor":9.0,"key":"Ancient Tea Set"},{"floor":10.0,"key":"Bronze Scales"}],"event_choices":[{"damage_healed":0.0,"max_hp_gain":0.0,"max_hp_loss":0.0,"gold_gain":0.0,"event_name":"Accursed Blacksmith","player_choice":"Forge","floor":3.0,"gold_loss":0.0,"damage_taken":0.0,"cards_upgraded":["Go for the Eyes"]}],"is_beta":false,"boss_relics":[],"items_purged_floors":[],"is_endless":false,"potions_floor_spawned":[2,8,13],"killed_by":"The Guardian","ascension_level":19}