{"gold_per_floor":[111,130,130,146,146,181,199,199,250,250,269,269,269,50,50,124,124,134,134,134],"floor_reached":20,"playtime":599,"items_purged":["Parasite"],"score":327,"play_id":"1cf228ac-1f2d-4e80-b0c7-a79ba478f813","local_time":"20190720165620","is_ascension_mode":true,"campfire_choices":[{"floor":8,"key":"REST"},{"data":"Crippling Poison","floor":10,"key":"SMITH"},{"data":"Neutralize","floor":15,"key":"SMITH"}],"neow_cost":"NONE","seed_source_timestamp":677614058777400,"circlet_count":0,"master_deck":["AscendersBane","Strike_G","Strike_G","Strike_G","Strike_G","Strike_G","Defend_G","Defend_G","Defend_G","Defend_G","Defend_G","Survivor","Neutralize+1","PiercingWail","Crippling Poison+1","Flying Knee","Backflip","Distraction","Night Terror","Noxious Fumes","Bandage Up","Corpse Explosion","Deadly Poison"],"relics":["Ring of the Snake","NeowsBlessing","Gremlin Horn","Orichalcum","Runic Pyramid","Nilry\u0027s Codex"],"potions_floor_usage":[6,6,16,20,20],"damage_taken":[{"damage":0,"enemies":"Cultist","floor":1,"turns":1},{"damage":0,"enemies":"Jaw Worm","floor":2,"turns":1},{"damage":0,"enemies":"Small Slimes","floor":4,"turns":1},{"damage":55,"enemies":"Gremlin Nob","floor":6,"turns":6},{"damage":12,"enemies":"2 Fungi Beasts","floor":7,"turns":5},{"damage":8,"enemies":"Blue Slaver","floor":11,"turns":4},{"damage":5,"enemies":"The Guardian","floor":16,"turns":11},{"damage":16,"enemies":"Spheric Guardian","floor":18,"turns":5},{"damage":31,"enemies":"Masked Bandits","floor":20,"turns":3}],"seed_played":"8876571856350964105","potions_obtained":[{"floor":2,"key":"LiquidBronze"},{"floor":5,"key":"Regen Potion"},{"floor":11,"key":"Poison Potion"},{"floor":16,"key":"SpeedPotion"},{"floor":18,"key":"Dexterity Potion"}],"is_trial":false,"path_per_floor":["M","M","$","M","?","E","M","R","T","R","M","?","?","$","R","B",null,"M","?","?"],"character_chosen":"THE_SILENT","items_purchased":["Noxious Fumes","Bandage Up"],"campfire_rested":1,"item_purchase_floors":[14,14],"current_hp_per_floor":[59,59,59,59,59,17,5,24,24,24,16,32,54,54,54,63,63,51,30,0],"gold":134,"neow_bonus":"THREE_ENEMY_KILL","is_prod":false,"is_daily":false,"chose_seed":false,"campfire_upgraded":2,"win_rate":0,"timestamp":1563634580,"path_taken":["M","M","$","M","?","E","M","R","T","R","?","?","?","$","R","BOSS","M","?","?"],"build_version":"2019-07-17","purchased_purges":1,"victory":false,"max_hp_per_floor":[66,66,66,66,66,66,66,66,66,66,66,66,66,63,63,63,63,63,63,63],"card_choices":[{"not_picked":["Outmaneuver","Acrobatics"],"picked":"PiercingWail","floor":1},{"not_picked":["Cloak And Dagger","Acrobatics"],"picked":"Crippling Poison","floor":2},{"not_picked":["Dagger Throw","Eviscerate"],"picked":"Flying Knee","floor":4},{"not_picked":["Flying Knee","Cloak And Dagger"],"picked":"Backflip","floor":6},{"not_picked":["Underhanded Strike","Eviscerate"],"picked":"Distraction","floor":7},{"not_picked":["Underhanded Strike","Expertise"],"picked":"Night Terror","floor":11},{"not_picked":["A Thousand Cuts","Envenom"],"picked":"Corpse Explosion","floor":16},{"not_picked":["Quick Slash","Escape Plan"],"picked":"Deadly Poison","floor":18}],"player_experience":1710768,"relics_obtained":[{"floor":6,"key":"Gremlin Horn"},{"floor":9,"key":"Orichalcum"},{"floor":19,"key":"Nilry\u0027s Codex"}],"event_choices":[{"damage_healed":0,"gold_gain":0,"player_choice":"Got Potions","damage_taken":0,"max_hp_gain":0,"max_hp_loss":0,"event_name":"Lab","floor":5,"gold_loss":0},{"damage_healed":16,"gold_gain":0,"player_choice":"Healed and dodged fight","damage_taken":0,"max_hp_gain":0,"max_hp_loss":0,"event_name":"Mushrooms","floor":12,"gold_loss":0,"cards_obtained":["Parasite"]},{"damage_healed":22,"gold_gain":0,"player_choice":"Banana","damage_taken":0,"max_hp_gain":0,"max_hp_loss":0,"event_name":"Big Fish","floor":13,"gold_loss":0},{"damage_healed":0,"gold_gain":0,"player_choice":"Obtained Book","damage_taken":21,"max_hp_gain":0,"max_hp_loss":0,"event_name":"Cursed Tome","floor":19,"gold_loss":0},{"damage_healed":0,"gold_gain":0,"player_choice":"Fought Bandits","damage_taken":0,"max_hp_gain":0,"max_hp_loss":0,"event_name":"Masked Bandits","floor":20,"gold_loss":0}],"is_beta":false,"boss_relics":[{"not_picked":["White Beast Statue","Runic Dome"],"picked":"Runic Pyramid"}],"items_purged_floors":[14],"is_endless":false,"potions_floor_spawned":[2,11,16,18],"killed_by":"Masked Bandits","ascension_level":18}