{"gold_per_floor":[115,131,144,159,4,4,18,18,18,53,53,86,86,144,144,144],"floor_reached":16,"playtime":594,"items_purged":["Strike_G"],"score":198,"play_id":"7eaa862c-e058-497e-b432-bdc1b797c02a","local_time":"20190627115111","is_ascension_mode":true,"campfire_choices":[{"data":"Neutralize","floor":6,"key":"SMITH"},{"floor":11,"key":"REST"},{"data":"Noxious Fumes","floor":15,"key":"SMITH"}],"neow_cost":"TEN_PERCENT_HP_LOSS","seed_source_timestamp":819588990608400,"circlet_count":0,"master_deck":["AscendersBane","Defend_G","Defend_G","Defend_G","Defend_G+1","Defend_G","Strike_G","Strike_G","Strike_G","Strike_G","Survivor","Neutralize+1","Flying Knee","Blade Dance","Backflip","Noxious Fumes+1","Flechettes","Dash","Injury","Predator+1","Poisoned Stab"],"relics":["Ring of the Snake","Ginger","Golden Idol","Blue Candle","FossilizedHelix","Mummified Hand"],"potions_floor_usage":[10,10],"damage_taken":[{"damage":9,"enemies":"Jaw Worm","floor":1,"turns":8},{"damage":1,"enemies":"2 Louse","floor":2,"turns":4},{"damage":0,"enemies":"Small Slimes","floor":3,"turns":4},{"damage":2,"enemies":"3 Louse","floor":4,"turns":3},{"damage":11,"enemies":"Large Slime","floor":7,"turns":7},{"damage":12,"enemies":"3 Sentries","floor":10,"turns":7},{"damage":15,"enemies":"Gremlin Nob","floor":12,"turns":6},{"damage":10,"enemies":"Hexaghost","floor":16,"turns":7}],"seed_played":"7325632286282889877","potions_obtained":[{"floor":4,"key":"Fire Potion"},{"floor":7,"key":"Swift Potion"}],"is_trial":false,"path_per_floor":["M","M","M","M","$","R","M","?","T","E","R","E","?","?","R","B"],"character_chosen":"THE_SILENT","items_purchased":["Flechettes"],"campfire_rested":1,"item_purchase_floors":[5],"current_hp_per_floor":[50,49,49,47,47,47,36,36,36,24,42,27,9,9,9,0],"gold":144,"neow_bonus":"ONE_RARE_RELIC","is_prod":false,"is_daily":false,"chose_seed":false,"campfire_upgraded":2,"win_rate":0,"timestamp":1561629071,"path_taken":["M","M","M","M","$","R","M","?","T","E","R","E","?","?","R","BOSS"],"build_version":"2019-01-23","purchased_purges":1,"victory":false,"max_hp_per_floor":[60,60,60,60,60,60,60,60,60,60,60,60,60,60,60,60],"card_choices":[{"not_picked":["Bane","Underhanded Strike"],"picked":"Flying Knee","floor":1},{"not_picked":["Tactician","Outmaneuver"],"picked":"Blade Dance","floor":2},{"not_picked":["Cloak And Dagger","Slice"],"picked":"Backflip","floor":3},{"not_picked":["Deadly Poison","Quick Slash"],"picked":"Noxious Fumes","floor":4},{"not_picked":["Reflex","Expertise"],"picked":"Dash","floor":7},{"not_picked":["Dash","Tools of the Trade"],"picked":"Predator","floor":10},{"not_picked":["Slice","Bane"],"picked":"Poisoned Stab","floor":12}],"player_experience":1500301,"relics_obtained":[{"floor":9,"key":"Blue Candle"},{"floor":10,"key":"FossilizedHelix"},{"floor":12,"key":"Mummified Hand"}],"event_choices":[{"damage_healed":0,"gold_gain":0,"player_choice":"Take Wound","damage_taken":0,"relics_obtained":["Golden Idol"],"max_hp_gain":0,"max_hp_loss":0,"event_name":"Golden Idol","floor":8,"gold_loss":0,"cards_obtained":["Injury"]},{"damage_healed":0,"gold_gain":0,"player_choice":"Entered Light","damage_taken":18,"max_hp_gain":0,"max_hp_loss":0,"event_name":"Shining Light","floor":13,"gold_loss":0,"cards_upgraded":["Predator","Defend_G"]},{"damage_healed":0,"gold_gain":58,"player_choice":"Gained Gold","damage_taken":0,"max_hp_gain":0,"max_hp_loss":0,"event_name":"Golden Wing","floor":14,"gold_loss":0}],"is_beta":false,"boss_relics":[],"items_purged_floors":[5],"is_endless":false,"potions_floor_spawned":[4,7],"killed_by":"Hexaghost","ascension_level":16}