{"gold_per_floor":[110,110,129,54,54,54,82,82,82,82,117,128,156,180,192,204],"floor_reached":16,"playtime":539,"items_purged":[],"score":257,"play_id":"021ef922-50a7-44c1-a788-be32bad1ec46","local_time":"20190612021229","is_ascension_mode":true,"campfire_choices":[{"data":"Zap","floor":6,"key":"SMITH"},{"data":"Capacitor","floor":15,"key":"SMITH"}],"neow_cost":"NONE","seed_source_timestamp":6828051352900,"circlet_count":0,"master_deck":["AscendersBane","Strike_B+1","Strike_B+1","Strike_B","Defend_B","Defend_B","Defend_B","Defend_B","Zap+1","Dualcast","Chaos","Coolheaded","Self Repair","Steam","Undo","Gash","Ball Lightning","Steam","Capacitor+1"],"relics":["Cracked Core","NeowsBlessing","Boot","Ginger","Pear","MawBank"],"potions_floor_usage":[11,11],"damage_taken":[{"damage":0,"enemies":"Cultist","floor":1,"turns":1},{"damage":0,"enemies":"Jaw Worm","floor":3,"turns":1},{"damage":0,"enemies":"Gremlin Nob","floor":7,"turns":1},{"damage":20,"enemies":"3 Sentries","floor":11,"turns":8},{"damage":0,"enemies":"Small Slimes","floor":12,"turns":4},{"damage":50,"enemies":"Gremlin Nob","floor":13,"turns":6},{"damage":6,"enemies":"Looter","floor":14,"turns":2},{"damage":15,"enemies":"Hexaghost","floor":16,"turns":9}],"seed_played":"550687644897669874","potions_obtained":[{"floor":1,"key":"SpeedPotion"},{"floor":3,"key":"Regen Potion"},{"floor":7,"key":"Fire Potion"}],"is_trial":false,"path_per_floor":["M","$","M","$","?","R","E","?","T","?","E","M","E","M","R","B"],"character_chosen":"DEFECT","items_purchased":["Self Repair"],"campfire_rested":0,"item_purchase_floors":[4],"current_hp_per_floor":[64,64,64,64,64,64,64,64,64,43,55,62,19,13,13,0],"gold":204,"neow_bonus":"THREE_ENEMY_KILL","is_prod":false,"is_daily":false,"chose_seed":false,"campfire_upgraded":2,"win_rate":0,"timestamp":1560298349,"path_taken":["M","$","M","?","?","R","E","?","T","?","E","M","E","M","R","BOSS"],"build_version":"2019-01-23","purchased_purges":0,"victory":false,"max_hp_per_floor":[71,71,71,71,71,71,71,71,71,71,81,81,81,81,81,81],"card_choices":[{"not_picked":["Steam Power","Gash"],"picked":"Chaos","floor":1},{"not_picked":["Streamline","Heatsinks"],"picked":"Coolheaded","floor":3},{"not_picked":["Thunder Strike","Aggregate"],"picked":"Steam","floor":7},{"not_picked":["Force Field","Turbo"],"picked":"Gash","floor":11},{"not_picked":["Coolheaded","Self Repair"],"picked":"Ball Lightning","floor":12},{"not_picked":["Recycle","Barrage"],"picked":"Steam","floor":13},{"not_picked":["Coolheaded","Leap"],"picked":"Capacitor","floor":14}],"player_experience":1308349,"relics_obtained":[{"floor":7,"key":"Boot"},{"floor":9,"key":"Ginger"},{"floor":11,"key":"Pear"},{"floor":13,"key":"MawBank"}],"event_choices":[{"damage_healed":0,"gold_gain":0,"player_choice":"Leave","damage_taken":0,"max_hp_gain":0,"max_hp_loss":0,"event_name":"The Cleric","floor":5,"gold_loss":0},{"damage_healed":0,"gold_gain":0,"cards_transformed":["Strike_B"],"player_choice":"Change","damage_taken":0,"max_hp_gain":0,"max_hp_loss":0,"event_name":"Living Wall","floor":8,"gold_loss":0,"cards_obtained":["Undo"]},{"damage_healed":0,"gold_gain":0,"player_choice":"Entered Light","damage_taken":21,"max_hp_gain":0,"max_hp_loss":0,"event_name":"Shining Light","floor":10,"gold_loss":0,"cards_upgraded":["Strike_B","Strike_B"]}],"is_beta":false,"boss_relics":[],"items_purged_floors":[],"is_endless":false,"potions_floor_spawned":[1,3,7],"killed_by":"Hexaghost","ascension_level":16}