{"gold_per_floor":[117,129,129,144,144,144,176,193,216,228,515,539,586,60,60,157,207,225,245,245,260,272,272],"floor_reached":23,"playtime":1299,"items_purged":["Regret"],"score":228,"play_id":"b4532717-f81a-4edd-9241-6a6618833b99","local_time":"20190625153229","is_ascension_mode":false,"campfire_choices":[{"data":"Battle Trance","floor":6,"key":"SMITH"},{"data":"Corruption","floor":10,"key":"SMITH"},{"floor":15,"key":"REST"}],"neow_cost":"NONE","seed_source_timestamp":1121373201736978,"circlet_count":0,"master_deck":["Strike_R","Strike_R","Strike_R+1","Strike_R","Strike_R","Defend_R","Defend_R","Defend_R","Defend_R","Bash","Battle Trance+1","Disarm","Headbutt","Headbutt","Corruption+1","Anger","Cleave","Disarm","Armaments","Iron Wave","Fiend Fire","Infernal Blade","True Grit+1","Rampage"],"relics":["Burning Blood","PreservedInsect","Anchor","MawBank","Blood Vial","Nunchaku","Tiny House"],"potions_floor_usage":[7,16,16,19,22],"damage_taken":[{"damage":6,"enemies":"Cultist","floor":1,"turns":3},{"damage":6,"enemies":"Jaw Worm","floor":2,"turns":3},{"damage":2,"enemies":"2 Louse","floor":4,"turns":3},{"damage":32,"enemies":"Lagavulin","floor":7,"turns":5},{"damage":18,"enemies":"Lots of Slimes","floor":8,"turns":5},{"damage":13,"enemies":"Looter","floor":12,"turns":3},{"damage":20,"enemies":"3 Sentries","floor":13,"turns":6},{"damage":36,"enemies":"Hexaghost","floor":16,"turns":10},{"damage":5,"enemies":"Chosen","floor":18,"turns":4},{"damage":36,"enemies":"Spheric Guardian","floor":19,"turns":6},{"damage":16,"enemies":"Shelled Parasite and Fungi","floor":21,"turns":7},{"damage":13,"enemies":"Snecko","floor":22,"turns":4},{"damage":70,"enemies":"Slavers","floor":23,"turns":5}],"seed_played":"8497758007812331413","potions_obtained":[{"floor":1,"key":"Energy Potion"},{"floor":2,"key":"FearPotion"},{"floor":16,"key":"Fruit Juice"},{"floor":17,"key":"BloodPotion"},{"floor":21,"key":"SkillPotion"}],"is_trial":false,"path_per_floor":["M","M","?","M","?","R","E","M","T","R","?","M","E","$","R","B",null,"M","M","?","M","M","E"],"character_chosen":"IRONCLAD","items_purchased":["Disarm","Armaments","Nunchaku","Iron Wave"],"campfire_rested":1,"item_purchase_floors":[14,14,14,14],"current_hp_per_floor":[88,88,88,88,88,88,62,50,50,50,50,43,29,29,55,32,98,98,77,77,69,64,0],"gold":272,"neow_bonus":"TEN_PERCENT_HP_BONUS","is_prod":false,"is_daily":false,"chose_seed":false,"campfire_upgraded":2,"win_rate":0,"timestamp":1561491149,"path_taken":["M","M","?","M","?","R","E","?","T","R","?","M","E","$","R","BOSS","M","?","?","M","?","E"],"build_version":"2019-01-23","purchased_purges":1,"victory":false,"max_hp_per_floor":[88,88,88,88,88,88,88,88,88,88,88,88,88,88,88,93,98,98,98,98,98,98,98],"card_choices":[{"not_picked":["Power Through","Body Slam"],"picked":"Battle Trance","floor":1},{"not_picked":["Perfected Strike","Clothesline"],"picked":"Disarm","floor":2},{"not_picked":["Combust","Power Through"],"picked":"Headbutt","floor":4},{"not_picked":["Havoc","Anger"],"picked":"Headbutt","floor":7},{"not_picked":["Clash","Heavy Blade"],"picked":"Corruption","floor":8},{"not_picked":["Berserk","Headbutt"],"picked":"Anger","floor":12},{"not_picked":["Combust","Sever Soul"],"picked":"Cleave","floor":13},{"not_picked":["Berserk","Limit Break"],"picked":"Fiend Fire","floor":16},{"not_picked":["Body Slam","Fire Breathing"],"picked":"Infernal Blade","floor":17},{"not_picked":["Headbutt","Anger","Clash"],"picked":"SKIP","floor":18},{"not_picked":["Pommel Strike","Body Slam"],"picked":"True Grit+1","floor":19},{"not_picked":["Havoc","Shockwave"],"picked":"Rampage","floor":21},{"not_picked":["Body Slam+1","Perfected Strike","Rampage"],"picked":"SKIP","floor":22}],"player_experience":231794,"relics_obtained":[{"floor":7,"key":"Anchor"},{"floor":9,"key":"MawBank"},{"floor":13,"key":"Blood Vial"}],"event_choices":[{"damage_healed":0,"gold_gain":0,"player_choice":"Box","damage_taken":0,"relics_obtained":["PreservedInsect"],"max_hp_gain":0,"max_hp_loss":0,"event_name":"Big Fish","floor":3,"gold_loss":0,"cards_obtained":["Regret"]},{"cards_removed":["Regret"],"damage_healed":0,"gold_gain":0,"player_choice":"Purged","damage_taken":0,"max_hp_gain":0,"max_hp_loss":0,"event_name":"Purifier","floor":5,"gold_loss":0},{"damage_healed":0,"gold_gain":275,"player_choice":"Desecrate","damage_taken":0,"max_hp_gain":0,"max_hp_loss":0,"event_name":"Golden Shrine","floor":11,"gold_loss":0,"cards_obtained":["Regret"]},{"damage_healed":0,"gold_gain":0,"player_choice":"0 cards matched","damage_taken":0,"max_hp_gain":0,"max_hp_loss":0,"event_name":"Match and Keep!","floor":20,"gold_loss":0,"cards_obtained":[]}],"is_beta":false,"boss_relics":[{"not_picked":["Ectoplasm","Velvet Choker"],"picked":"Tiny House"}],"items_purged_floors":[14],"is_endless":false,"potions_floor_spawned":[1,2,16,21],"killed_by":"Slavers","ascension_level":0}