{"gold_per_floor":[116,266,278,40,50,50,63,63,89,101,141,172,214,245,257,348,360,385,85,104,104],"floor_reached":21,"playtime":735,"items_purged":["Doubt","Strike_B"],"score":363,"play_id":"62da16a5-19fc-4ff7-b8f6-413484b5e59f","local_time":"20190822065139","is_ascension_mode":true,"campfire_choices":[{"data":"Zap","floor":6,"key":"SMITH"},{"data":"Gash","floor":8,"key":"SMITH"},{"floor":15,"key":"REST"}],"neow_cost":"NONE","seed_source_timestamp":697579728116500,"circlet_count":0,"master_deck":["AscendersBane","Strike_B","Strike_B","Strike_B","Defend_B","Defend_B","Defend_B","Defend_B","Zap+1","Dualcast","Cold Snap","Self Repair","Electrodynamics","Undo","Gash+1","Ball Lightning","Go for the Eyes","Sweeping Beam","FTL","Leap","Echo Form","Static Discharge","Magnetism","Coolheaded","Barrage"],"relics":["Cracked Core","MawBank","Regal Pillow","Strawberry","White Beast Statue"],"potions_floor_usage":[11,11,16,20,20],"damage_taken":[{"damage":5,"enemies":"2 Louse","floor":1,"turns":3},{"damage":10,"enemies":"Jaw Worm","floor":3,"turns":4},{"damage":0,"enemies":"Cultist","floor":5,"turns":4},{"damage":11,"enemies":"3 Louse","floor":7,"turns":2},{"damage":12,"enemies":"Lagavulin","floor":11,"turns":6},{"damage":0,"enemies":"Blue Slaver","floor":12,"turns":3},{"damage":35,"enemies":"Gremlin Nob","floor":13,"turns":5},{"damage":3,"enemies":"Looter","floor":14,"turns":3},{"damage":23,"enemies":"Slime Boss","floor":16,"turns":7},{"damage":38,"enemies":"2 Thieves","floor":18,"turns":4},{"damage":28,"enemies":"Spheric Guardian","floor":20,"turns":4},{"damage":19,"enemies":"Chosen and Byrds","floor":21,"turns":3}],"seed_played":"-8378723239657567969","potions_obtained":[{"floor":3,"key":"SpeedPotion"},{"floor":7,"key":"Fire Potion"},{"floor":11,"key":"Fire Potion"},{"floor":14,"key":"Energy Potion"},{"floor":18,"key":"Swift Potion"},{"floor":20,"key":"SpeedPotion"}],"is_trial":false,"path_per_floor":["M","?","M","$","M","R","M","R","T","$","E","M","E","M","R","B",null,"M","$","M","M"],"character_chosen":"DEFECT","items_purchased":["Electrodynamics","Undo","Magnetism","Coolheaded"],"campfire_rested":1,"item_purchase_floors":[4,4,19,19],"current_hp_per_floor":[66,66,56,56,63,63,59,59,59,59,54,61,40,44,84,68,81,43,43,15,0],"gold":104,"neow_bonus":"TEN_PERCENT_HP_BONUS","is_prod":false,"is_daily":false,"chose_seed":false,"campfire_upgraded":2,"win_rate":0,"timestamp":1566449499,"path_taken":["M","?","M","$","M","R","M","R","T","$","E","M","E","M","R","BOSS","M","$","M","M"],"build_version":"2019-07-17","purchased_purges":2,"victory":false,"max_hp_per_floor":[78,78,78,78,78,78,78,78,78,78,78,78,85,85,85,85,85,85,85,85,85],"card_choices":[{"not_picked":["Sweeping Beam","Recycle"],"picked":"Cold Snap","floor":1},{"not_picked":["Streamline","Conserve Battery"],"picked":"Self Repair","floor":3},{"not_picked":["Streamline","Darkness"],"picked":"Gash","floor":5},{"not_picked":["Force Field","Stack"],"picked":"Ball Lightning","floor":7},{"not_picked":["Streamline","Storm"],"picked":"Go for the Eyes","floor":11},{"not_picked":["Electrodynamics","Turbo"],"picked":"Sweeping Beam","floor":12},{"not_picked":["Rebound","Cold Snap"],"picked":"FTL","floor":13},{"not_picked":["Barrage","Rebound"],"picked":"Leap","floor":14},{"not_picked":["Multi-Cast","Reboot"],"picked":"Echo Form","floor":16},{"not_picked":["Leap","Go for the Eyes"],"picked":"Static Discharge","floor":18},{"not_picked":["Rebound","Cold Snap"],"picked":"Barrage","floor":20}],"player_experience":1943330,"relics_obtained":[{"floor":9,"key":"MawBank"},{"floor":11,"key":"Regal Pillow"},{"floor":13,"key":"Strawberry"}],"event_choices":[{"damage_healed":0,"gold_gain":150,"player_choice":"AGREE","damage_taken":0,"max_hp_gain":0,"max_hp_loss":0,"event_name":"Liars Game","floor":2,"gold_loss":0,"cards_obtained":["Doubt"]}],"is_beta":false,"boss_relics":[{"not_picked":["Eternal Feather","Black Star"],"picked":"White Beast Statue"}],"items_purged_floors":[4,19],"is_endless":false,"potions_floor_spawned":[3,7,11,14,18,20],"killed_by":"Chosen and Byrds","ascension_level":18}