{"gold_per_floor":[113,113,137,137,152,152,187,187,187,237,15,15],"floor_reached":12,"playtime":388,"items_purged":["Strike_G"],"score":137,"play_id":"eba50884-72fc-4faf-bc77-22908e5967a2","local_time":"20190611033720","is_ascension_mode":true,"campfire_choices":[{"data":"Blur","floor":6,"key":"SMITH"},{"data":"Injury","floor":8,"key":"PURGE"}],"neow_cost":"NONE","seed_source_timestamp":14975367469700,"circlet_count":0,"master_deck":["AscendersBane","Defend_G","Defend_G","Defend_G","Defend_G","Defend_G","Strike_G","Strike_G","Strike_G","Strike_G","Survivor","Neutralize+1","Blur+1","Backflip","Dagger Throw","Blade Dance","Well Laid Plans","Deadly Poison"],"relics":["Ring of the Snake","NeowsBlessing","Golden Idol","Peace Pipe","Blue Candle"],"potions_floor_usage":[12,12],"damage_taken":[{"damage":0,"enemies":"Jaw Worm","floor":1,"turns":1},{"damage":0,"enemies":"2 Louse","floor":3,"turns":1},{"damage":0,"enemies":"Cultist","floor":5,"turns":1},{"damage":27,"enemies":"Lagavulin","floor":7,"turns":12},{"damage":27,"enemies":"3 Sentries","floor":12,"turns":10}],"seed_played":"2198181318562263748","potions_obtained":[{"floor":5,"key":"Weak Potion"}],"is_trial":false,"path_per_floor":["M","?","M","?","M","R","E","R","T","?","$","E"],"character_chosen":"THE_SILENT","items_purchased":["Well Laid Plans","Strength Potion","Deadly Poison"],"campfire_rested":0,"item_purchase_floors":[11,11,11],"current_hp_per_floor":[59,59,59,59,59,59,32,32,32,26,26,0],"gold":15,"neow_bonus":"THREE_ENEMY_KILL","is_prod":false,"is_daily":false,"chose_seed":false,"campfire_upgraded":1,"win_rate":0,"timestamp":1560217040,"path_taken":["M","?","M","?","?","R","E","R","T","?","$","E"],"build_version":"2019-01-23","purchased_purges":1,"victory":false,"max_hp_per_floor":[66,66,66,66,66,66,66,66,66,66,66,66],"card_choices":[{"not_picked":["Flying Knee","Tactician"],"picked":"Blur","floor":1},{"not_picked":["Blade Dance","Calculated Gamble"],"picked":"Backflip","floor":3},{"not_picked":["Acrobatics","Bane"],"picked":"Dagger Throw","floor":5},{"not_picked":["Choke","Riddle With Holes"],"picked":"Blade Dance","floor":7}],"player_experience":1298137,"relics_obtained":[{"floor":7,"key":"Peace Pipe"},{"floor":9,"key":"Blue Candle"}],"event_choices":[{"damage_healed":0,"gold_gain":0,"player_choice":"Take Wound","damage_taken":0,"relics_obtained":["Golden Idol"],"max_hp_gain":0,"max_hp_loss":0,"event_name":"Golden Idol","floor":2,"gold_loss":0,"cards_obtained":["Injury"]},{"damage_healed":0,"gold_gain":0,"player_choice":"Upgraded","damage_taken":0,"max_hp_gain":0,"max_hp_loss":0,"event_name":"Upgrade Shrine","floor":4,"gold_loss":0,"cards_upgraded":["Neutralize"]},{"damage_healed":0,"gold_gain":50,"player_choice":"Touch","damage_taken":6,"max_hp_gain":0,"max_hp_loss":0,"event_name":"FaceTrader","floor":10,"gold_loss":0}],"is_beta":false,"boss_relics":[],"items_purged_floors":[11],"is_endless":false,"potions_floor_spawned":[5],"killed_by":"3 Sentries","ascension_level":16}