{"path_per_floor":["M","$","M","M","$","R","E","M","T","R","?","E","M","$","R","B",null,"M","M","$","?","?","R","?","R","T","M","M","R","$","M","R","B",null,"M","M","M","$","M","R","M","E","T","M","R","M","R","$","R","B"],"character_chosen":"IRONCLAD","items_purchased":["True Grit","Fire Breathing","Meat on the Bone","Strawberry","Bag of Marbles"],"gold_per_floor":[216,95,109,129,53,53,83,93,145,145,145,170,183,183,183,282,282,300,313,75,0,0,0,0,0,0,10,23,23,23,36,36,133,133,151,162,176,32,43,43,59,87,141,156,156,175,175,24,24,24],"floor_reached":51,"campfire_rested":1,"playtime":2679,"current_hp_per_floor":[72,72,78,67,67,67,52,50,50,50,50,47,36,36,36,35,69,75,76,76,76,76,76,80,80,80,80,68,68,68,72,72,43,71,56,55,41,48,46,46,57,66,66,69,101,81,81,81,81,24],"items_purged":["Defend_R"],"gold":24,"score":1005,"play_id":"5e8b780e-f427-4ef5-886e-ff7da1e9aaa2","local_time":"20180518230728","is_prod":false,"is_daily":false,"chose_seed":false,"is_ascension_mode":true,"campfire_upgraded":10,"timestamp":1526681248,"campfire_choices":[{"data":"Fire Breathing","floor":6,"key":"SMITH"},{"data":"Spot Weakness","floor":10,"key":"SMITH"},{"data":"Heavy Blade","floor":15,"key":"SMITH"},{"data":"Inflame","floor":23,"key":"SMITH"},{"data":"Inflame","floor":25,"key":"SMITH"},{"data":"Clothesline","floor":29,"key":"SMITH"},{"data":"Pummel","floor":32,"key":"SMITH"},{"data":"Limit Break","floor":40,"key":"SMITH"},{"floor":45,"key":"REST"},{"data":"Rage","floor":47,"key":"SMITH"},{"data":"Battle Trance","floor":49,"key":"SMITH"}],"path_taken":["M","$","M","M","$","R","E","M","T","R","?","E","M","$","R","BOSS","M","?","$","?","?","R","?","R","T","?","M","R","?","M","R","BOSS","M","M","M","$","M","R","M","E","T","M","R","M","R","$","R","BOSS"],"build_version":"2018-05-17","seed_source_timestamp":101248806228680,"purchased_purges":4,"victory":true,"master_deck":["Strike_R","Strike_R","Strike_R","Strike_R","Defend_R","Defend_R","Defend_R","Bash","Inflame+1","True Grit","Spot Weakness+1","Clothesline+1","Fire Breathing+1","Fire Breathing","Headbutt","Heavy Blade+1","Havoc","Offering","Inflame+1","Seeing Red+1","Pummel+1","Battle Trance+1","Limit Break+1","Shrug It Off+1","Offering","Shrug It Off+1","Berserk","Rage+1"],"max_hp_per_floor":[80,80,80,80,80,80,80,80,80,80,80,80,80,80,80,80,80,80,80,80,80,80,80,80,80,80,80,80,80,80,80,80,80,80,80,80,80,87,87,87,87,101,101,101,101,101,101,101,101,101],"relics":["Black Blood","Mummified Hand","Pen Nib","Boot","Meat on the Bone","Calipers","Lizard Tail","Strawberry","Mango","Regal Pillow","Bag of Marbles"],"card_choices":[{"not_picked":["Bloodletting","Metallicize"],"picked":"Inflame","floor":1},{"not_picked":["Warcry","Rampage"],"picked":"Spot Weakness","floor":3},{"not_picked":["Iron Wave","Sentinel"],"picked":"Clothesline","floor":4},{"not_picked":["Armaments","Anger"],"picked":"Fire Breathing","floor":7},{"not_picked":["Shockwave","Pommel Strike"],"picked":"Headbutt","floor":8},{"not_picked":["Wild Strike","Headbutt"],"picked":"Heavy Blade","floor":12},{"not_picked":["Iron Wave","Barricade"],"picked":"Havoc","floor":13},{"not_picked":["Impervious","Berserk"],"picked":"Offering","floor":16},{"not_picked":["Shrug It Off","Cleave+1"],"picked":"Inflame","floor":18},{"not_picked":["Wild Strike+1","Sword Boomerang"],"picked":"Seeing Red+1","floor":19},{"not_picked":["Rampage","Seeing Red"],"picked":"Pummel","floor":27},{"not_picked":["Dropkick+1","Carnage+1","Perfected Strike"],"picked":"SKIP","floor":28},{"not_picked":["Thunderclap","Warcry"],"picked":"Battle Trance","floor":31},{"not_picked":["Demon Form","Double Tap"],"picked":"Limit Break","floor":33},{"not_picked":["Perfected Strike+1","Reckless Charge+1","Twin Strike+1"],"picked":"SKIP","floor":35},{"not_picked":["Twin Strike+1","Body Slam"],"picked":"Shrug It Off+1","floor":36},{"not_picked":["Flame Barrier","Flex"],"picked":"Offering","floor":37},{"not_picked":["Rampage","Clash"],"picked":"Shrug It Off+1","floor":39},{"not_picked":["Ghostly Armor","Cleave","Headbutt"],"picked":"SKIP","floor":41},{"not_picked":["Body Slam+1","Cleave"],"picked":"Berserk","floor":42},{"not_picked":["Havoc+1","Anger"],"picked":"Rage","floor":44},{"not_picked":["Wild Strike","True Grit","Iron Wave"],"picked":"SKIP","floor":46}],"player_experience":313784,"potions_floor_usage":[7,12,12,16,50,50,50],"damage_taken":[{"damage":6,"enemies":"2 Louse","floor":1,"turns":3},{"damage":0,"enemies":"Cultist","floor":3,"turns":3},{"damage":17,"enemies":"Small Slimes","floor":4,"turns":3},{"damage":21,"enemies":"Lagavulin","floor":7,"turns":6},{"damage":8,"enemies":"Looter","floor":8,"turns":2},{"damage":9,"enemies":"3 Sentries","floor":12,"turns":4},{"damage":17,"enemies":"Exordium Thugs","floor":13,"turns":4},{"damage":7,"enemies":"Slime Boss","floor":16,"turns":6},{"damage":4,"enemies":"Spheric Guardian","floor":18,"turns":2},{"damage":9,"enemies":"Chosen","floor":19,"turns":4},{"damage":10,"enemies":"Sentry and Sphere","floor":27,"turns":3},{"damage":22,"enemies":"Centurion and Healer","floor":28,"turns":3},{"damage":6,"enemies":"Snecko","floor":31,"turns":3},{"damage":51,"enemies":"Champ","floor":33,"turns":8},{"damage":37,"enemies":"3 Darklings","floor":35,"turns":4},{"damage":11,"enemies":"Orb Walker","floor":36,"turns":2},{"damage":36,"enemies":"4 Shapes","floor":37,"turns":3},{"damage":24,"enemies":"Sphere and 2 Shapes","floor":39,"turns":6},{"damage":11,"enemies":"3 Darklings","floor":41,"turns":4},{"damage":27,"enemies":"Giant Head","floor":42,"turns":5},{"damage":19,"enemies":"4 Shapes","floor":44,"turns":4},{"damage":30,"enemies":"Sphere and 2 Shapes","floor":46,"turns":4},{"damage":79,"enemies":"Donu and Deca","floor":50,"turns":6}],"relics_obtained":[{"floor":7,"key":"Mummified Hand"},{"floor":9,"key":"Pen Nib"},{"floor":12,"key":"Boot"},{"floor":26,"key":"Calipers"},{"floor":42,"key":"Mango"},{"floor":43,"key":"Regal Pillow"}],"event_choices":[{"event_name":"The Lab","player_choice":"Got Potions","floor":11,"damage_taken":0},{"event_name":"Beggar","player_choice":"Gave Gold","floor":21,"damage_taken":0},{"event_name":"Addict","player_choice":"Ignored","floor":22,"damage_taken":0},{"event_name":"Wheel of Change","player_choice":"Full Heal","floor":24,"damage_taken":0}],"boss_relics":[{"not_picked":["Black Star","Pandora\u0027s Box"],"picked":"Black Blood"},{"not_picked":["Velvet Choker","Runic Pyramid"],"picked":"Lizard Tail"}],"potions_floor_spawned":[1,4,12,13,31,33,39,41,44],"seed_played":"-5009541442700309739","ascension_level":8,"potions_obtained":[{"floor":1,"key":"Block Potion"},{"floor":4,"key":"FearPotion"},{"floor":11,"key":"AttackPotion"},{"floor":11,"key":"AttackPotion"},{"floor":12,"key":"Ancient Potion"},{"floor":13,"key":"Weak Potion"},{"floor":31,"key":"FearPotion"}],"is_trial":false}