{"gold_per_floor":[110,185,185,202,202,202,212,212,239,239,255,289,308,338,338,414,414,433,447,457,107,157,157,177,18,18,18,35,48,48,79,79,79],"floor_reached":33,"playtime":1281,"items_purged":["Normality","Strike_R"],"score":559,"play_id":"a7307369-752e-48ea-b752-877269201730","local_time":"20180929115904","is_ascension_mode":true,"campfire_choices":[{"data":"Bash","floor":6,"key":"SMITH"},{"data":"Infernal Blade","floor":8,"key":"SMITH"},{"data":"Anger","floor":10,"key":"SMITH"},{"data":"Whirlwind","floor":15,"key":"SMITH"},{"data":"Limit Break","floor":23,"key":"SMITH"},{"floor":30,"key":"REST"},{"floor":32,"key":"REST"}],"neow_cost":"","seed_source_timestamp":226582268105152,"circlet_count":0,"master_deck":["Strike_R","Strike_R","Strike_R","Defend_R","Defend_R","Defend_R","Defend_R","Bash+1","AscendersBane","Anger+1","Infernal Blade+1","Headbutt","Cleave","Disarm","Clothesline","Whirlwind+1","Limit Break+1","Injury","Writhe","Infernal Blade+1","Demon Form+1","Sword Boomerang","Thunderclap+1","Shrug It Off","Armaments","Twin Strike"],"relics":["Burning Blood","Bronze Scales","Du-Vu Doll","Frozen Egg 2","Calling Bell","Red Skull","Mercury Hourglass","Unceasing Top","Kunai","Lantern","Bag of Marbles"],"potions_floor_usage":[14,16,16,24,24,33],"damage_taken":[{"damage":5,"enemies":"Small Slimes","floor":1,"turns":4},{"damage":1,"enemies":"Cultist","floor":4,"turns":3},{"damage":4,"enemies":"2 Louse","floor":7,"turns":3},{"damage":6,"enemies":"2 Fungi Beasts","floor":11,"turns":3},{"damage":30,"enemies":"3 Sentries","floor":12,"turns":6},{"damage":0,"enemies":"Large Slime","floor":13,"turns":4},{"damage":11,"enemies":"Gremlin Nob","floor":14,"turns":4},{"damage":41,"enemies":"Slime Boss","floor":16,"turns":8},{"damage":10,"enemies":"Chosen","floor":18,"turns":3},{"damage":27,"enemies":"Spheric Guardian","floor":19,"turns":4},{"damage":14,"enemies":"Cultist and Chosen","floor":20,"turns":4},{"damage":18,"enemies":"Snake Plant","floor":24,"turns":2},{"damage":18,"enemies":"Snecko","floor":28,"turns":3},{"damage":5,"enemies":"Sentry and Sphere","floor":29,"turns":3},{"damage":0,"enemies":"Gremlin Leader","floor":31,"turns":4},{"damage":76,"enemies":"Collector","floor":33,"turns":6}],"seed_played":"2004732444109377368","potions_obtained":[{"floor":11,"key":"Strength Potion"},{"floor":12,"key":"Poison Potion"},{"floor":14,"key":"Fire Potion"},{"floor":19,"key":"Weak Potion"},{"floor":20,"key":"BloodPotion"},{"floor":29,"key":"PowerPotion"}],"is_trial":false,"path_per_floor":["M","?","?","M","?","R","M","R","T","R","M","E","M","E","R","B",null,"M","M","M","$","?","R","M","$","T","?","M","M","R","E","R"],"character_chosen":"IRONCLAD","items_purchased":["Kunai","Shrug It Off"],"campfire_rested":2,"item_purchase_floors":[21,25],"current_hp_per_floor":[69,58,58,63,63,63,65,65,65,65,65,41,50,45,45,10,61,57,36,36,36,29,29,24,24,24,24,12,13,36,42,65,0],"gold":79,"neow_bonus":"","is_prod":false,"is_daily":false,"chose_seed":false,"campfire_upgraded":5,"win_rate":0,"timestamp":1538218744,"path_taken":["M","?","?","M","?","R","M","R","T","R","M","E","?","E","R","BOSS","M","M","M","$","?","R","M","$","T","?","M","M","R","E","R","BOSS"],"build_version":"2018-09-27","purchased_purges":2,"victory":false,"max_hp_per_floor":[75,75,75,75,75,75,75,75,75,75,75,75,78,78,78,78,78,78,78,78,78,78,78,78,78,78,78,78,78,78,78,78,78],"card_choices":[{"not_picked":["Iron Wave","Feel No Pain"],"picked":"Anger","floor":1},{"not_picked":["Perfected Strike","Havoc"],"picked":"Infernal Blade","floor":4},{"not_picked":["Bloodletting","Armaments"],"picked":"Headbutt","floor":7},{"not_picked":["Anger","Reckless Charge"],"picked":"Cleave","floor":11},{"not_picked":["Flame Barrier","Shrug It Off"],"picked":"Disarm","floor":12},{"not_picked":["Twin Strike","Entrench"],"picked":"Clothesline","floor":13},{"not_picked":["Warcry","Body Slam"],"picked":"Whirlwind","floor":14},{"not_picked":["Feed","Fiend Fire"],"picked":"Limit Break","floor":16},{"not_picked":["Searing Blow","Warcry"],"picked":"Infernal Blade+1","floor":18},{"not_picked":["Clothesline","Headbutt"],"picked":"Demon Form+1","floor":19},{"not_picked":["Combust+1","Iron Wave"],"picked":"Sword Boomerang","floor":20},{"not_picked":["Flex","Headbutt+1"],"picked":"Thunderclap+1","floor":24},{"not_picked":["Sword Boomerang","Anger"],"picked":"Armaments","floor":28},{"not_picked":["Headbutt","Perfected Strike+1"],"picked":"Twin Strike","floor":29},{"not_picked":["Sword Boomerang","Berserk+1","Second Wind"],"picked":"SKIP","floor":31}],"player_experience":781429,"relics_obtained":[{"floor":9,"key":"Bronze Scales"},{"floor":12,"key":"Du-Vu Doll"},{"floor":14,"key":"Frozen Egg 2"},{"floor":17,"key":"Red Skull"},{"floor":17,"key":"Mercury Hourglass"},{"floor":17,"key":"Unceasing Top"},{"floor":26,"key":"Lantern"},{"floor":31,"key":"Bag of Marbles"}],"event_choices":[{"event_name":"World of Goop","player_choice":"Gather Gold","floor":2,"damage_taken":0},{"event_name":"Liars Game","player_choice":"disagreed","floor":3,"damage_taken":0},{"event_name":"Living Wall","player_choice":"Forget","floor":5,"damage_taken":0},{"event_name":"FaceTrader","player_choice":"Touch","floor":22,"damage_taken":0},{"event_name":"Cursed Tome","player_choice":"Ignored","floor":27,"damage_taken":0}],"is_beta":false,"boss_relics":[{"not_picked":["Philosopher\u0027s Stone","Orrery"],"picked":"Calling Bell"}],"items_purged_floors":[21,25],"is_endless":false,"potions_floor_spawned":[11,12,13,14,19,20,29],"killed_by":"Collector","ascension_level":17}