{"path_per_floor":["M","?","M","T","$","R","M","R","T","M","M","?","R","E","R","B",null,"M","?","?","?","?","R","M","M","T","$","M","?","R","M","R"],"character_chosen":"IRONCLAD","items_purchased":["Lantern","Omamori"],"gold_per_floor":[110,110,130,153,3,3,19,19,45,58,74,24,24,53,53,151,151,166,166,201,201,201,201,215,235,235,10,21,21,21,39,39,39],"floor_reached":33,"campfire_rested":2,"playtime":841,"current_hp_per_floor":[79,79,79,79,79,79,78,78,78,78,78,78,78,72,72,34,80,68,68,69,69,69,69,69,60,60,60,65,65,80,73,80,0],"items_purged":["Strike_R"],"gold":39,"score":245,"play_id":"fead57b6-fb82-4eb9-8472-252a57b6ef7b","local_time":"20180512175932","is_prod":false,"is_daily":false,"chose_seed":false,"is_ascension_mode":false,"campfire_upgraded":5,"timestamp":1526144372,"path_taken":["M","?","M","?","$","R","M","R","T","?","M","?","R","E","R","BOSS","M","?","?","?","?","R","?","M","T","$","M","?","R","M","R","BOSS"],"build_version":"2018-05-10","seed_source_timestamp":248184789202847,"purchased_purges":2,"victory":false,"master_deck":["Strike_R+1","Strike_R+1","Strike_R+1","Strike_R+1","Defend_R+1","Defend_R+1","Defend_R+1","Defend_R+1","Bash+1","Whirlwind+1","Flex+1","Reaper+1","Flex+1","Seeing Red+1"],"max_hp_per_floor":[80,80,80,80,80,80,80,80,80,80,80,80,80,80,80,80,80,80,80,80,80,80,80,80,80,80,80,80,80,80,80,80,80],"relics":["Orrery","Lantern","Vajra","Unceasing Top","Runic Dome","Red Mask","Nloth\u0027s Gift","Bottled Flame","Omamori"],"card_choices":[{"not_picked":["Combust","Hemokinesis"],"picked":"Whirlwind","floor":0},{"not_picked":["Fire Breathing","Pommel Strike"],"picked":"Flex","floor":0},{"not_picked":["Twin Strike","Power Through"],"picked":"Reaper","floor":0},{"not_picked":["Immolate","Heavy Blade"],"picked":"Flex","floor":7},{"not_picked":["True Grit","Twin Strike"],"picked":"Sword Boomerang","floor":10},{"not_picked":["Rage","Dual Wield"],"picked":"Seeing Red","floor":20}],"player_experience":291373,"potions_floor_usage":[24,33,33],"damage_taken":[{"damage":1,"enemies":"Jaw Worm","floor":1,"turns":3},{"damage":0,"enemies":"2 Louse","floor":3,"turns":1},{"damage":1,"enemies":"Cultist","floor":7,"turns":3},{"damage":0,"enemies":"3 Louse","floor":10,"turns":1},{"damage":0,"enemies":"Exordium Thugs","floor":11,"turns":1},{"damage":6,"enemies":"Gremlin Nob","floor":14,"turns":3},{"damage":44,"enemies":"The Guardian","floor":16,"turns":9},{"damage":12,"enemies":"Shell Parasite","floor":18,"turns":2},{"damage":11,"enemies":"Masked Bandits","floor":20,"turns":3},{"damage":0,"enemies":"Spheric Guardian","floor":24,"turns":1},{"damage":15,"enemies":"Snecko","floor":25,"turns":3},{"damage":15,"enemies":"Centurion and Healer","floor":28,"turns":3},{"damage":7,"enemies":"Chosen and Byrds","floor":31,"turns":3},{"damage":94,"enemies":"Champ","floor":33,"turns":7}],"event_choices":[{"event_name":"Living Wall","player_choice":"Grow","floor":2,"damage_taken":0},{"event_name":"The Cleric","player_choice":"Card Removal","floor":12,"damage_taken":0},{"event_name":"Vampires","player_choice":"Ignored","floor":19,"damage_taken":0},{"event_name":"Masked Bandits","player_choice":"Fought over 166 gold","floor":20,"damage_taken":0},{"event_name":"Back to Basics","player_choice":"Simplicity","floor":21,"damage_taken":0},{"event_name":"N\u0027loth","player_choice":"Traded a Happy Flower","floor":22,"damage_taken":0},{"event_name":"Transmorgrifier","player_choice":"Skipped","floor":29,"damage_taken":0}],"boss_relics":[{"not_picked":["Tiny House","Eternal Feather"],"picked":"Runic Dome"}],"potions_floor_spawned":[1,3,16,25,31],"seed_played":"-6754764174803134794","killed_by":"Champ","ascension_level":0,"is_trial":false}