{"gold_per_floor":[118,118,131,131,145,145,171,171,218,39,63,63,63,83,83,83],"floor_reached":16,"playtime":495,"items_purged":["Strike_G"],"score":191,"play_id":"28671ad1-33d0-4db0-b165-ce7c657fbd12","local_time":"20190808220412","is_ascension_mode":true,"campfire_choices":[{"data":"Neutralize","floor":6,"key":"SMITH"},{"floor":8,"key":"REST"},{"floor":15,"key":"REST"}],"neow_cost":"NONE","seed_source_timestamp":536919185860600,"circlet_count":0,"master_deck":["AscendersBane","Strike_G","Strike_G","Strike_G+1","Defend_G","Defend_G","Defend_G","Defend_G","Defend_G+1","Survivor+1","Neutralize+1","Tools of the Trade","Poisoned Stab+1","Dodge and Roll","Leg Sweep","Dash","Infinite Blades","Underhanded Strike","Finisher","Masterful Stab"],"relics":["Ring of the Snake","War Paint","Whetstone","Odd Mushroom","SsserpentHead"],"potions_floor_usage":[7,11,11],"damage_taken":[{"damage":0,"enemies":"Cultist","floor":1,"turns":4},{"damage":7,"enemies":"Small Slimes","floor":3,"turns":4},{"damage":3,"enemies":"Jaw Worm","floor":5,"turns":4},{"damage":48,"enemies":"Gremlin Nob","floor":7,"turns":6},{"damage":12,"enemies":"The Mushroom Lair","floor":11,"turns":5},{"damage":1,"enemies":"Red Slaver","floor":14,"turns":4},{"damage":29,"enemies":"Slime Boss","floor":16,"turns":6}],"seed_played":"2561029879846514654","potions_obtained":[{"floor":1,"key":"GamblersBrew"},{"floor":3,"key":"Ancient Potion"},{"floor":7,"key":"Weak Potion"}],"is_trial":false,"path_per_floor":["M","?","M","$","M","R","E","R","T","$","?","?","$","M","R","B"],"character_chosen":"THE_SILENT","items_purchased":["Infinite Blades","Underhanded Strike"],"campfire_rested":2,"item_purchase_floors":[10,10],"current_hp_per_floor":[59,59,52,52,49,49,1,20,20,20,8,8,8,7,26,0],"gold":83,"neow_bonus":"ONE_RANDOM_RARE_CARD","is_prod":false,"is_daily":false,"chose_seed":false,"campfire_upgraded":1,"win_rate":0,"timestamp":1565294652,"path_taken":["M","?","M","?","M","R","E","R","T","$","?","?","$","M","R","BOSS"],"build_version":"2019-07-17","purchased_purges":1,"victory":false,"max_hp_per_floor":[66,66,66,66,66,66,66,66,66,66,66,66,66,66,66,66],"card_choices":[{"not_picked":["Dagger Throw","Blade Dance"],"picked":"Poisoned Stab","floor":1},{"not_picked":["Dagger Throw","PiercingWail"],"picked":"Dodge and Roll","floor":3},{"not_picked":["Expertise","Bane"],"picked":"Leg Sweep","floor":5},{"not_picked":["Finisher","Backflip"],"picked":"Dash","floor":7},{"not_picked":["Poisoned Stab","PiercingWail"],"picked":"Finisher","floor":11},{"not_picked":["Dagger Spray","Dash"],"picked":"Masterful Stab","floor":14}],"player_experience":1840239,"relics_obtained":[{"floor":7,"key":"War Paint"},{"floor":9,"key":"Whetstone"},{"floor":11,"key":"Odd Mushroom"}],"event_choices":[{"cards_removed":["Strike_G"],"damage_healed":0,"gold_gain":0,"player_choice":"Purged","damage_taken":0,"max_hp_gain":0,"max_hp_loss":0,"event_name":"Purifier","floor":2,"gold_loss":0},{"damage_healed":0,"gold_gain":0,"player_choice":"Fought Mushrooms","damage_taken":0,"max_hp_gain":0,"max_hp_loss":0,"event_name":"Mushrooms","floor":11,"gold_loss":0},{"damage_healed":0,"gold_gain":0,"player_choice":"Trade","damage_taken":0,"relics_obtained":["SsserpentHead"],"max_hp_gain":0,"max_hp_loss":0,"event_name":"FaceTrader","floor":12,"gold_loss":0}],"is_beta":false,"boss_relics":[],"items_purged_floors":[10],"is_endless":false,"potions_floor_spawned":[1,3,7],"killed_by":"Slime Boss","ascension_level":19}