{"gold_per_floor":[116,116,135,25,45,45,56,56,56,86,86,99,99,110,110,214,214,229,246,256,256,256,290,290,14,14,14,43,58,58,73,73,176,176,193,205,305,305,305],"floor_reached":40,"playtime":35178,"items_purged":["Strike_B","Defend_B"],"score":1012,"play_id":"0b6b0884-ae2f-44bd-9beb-4ede334412a8","local_time":"20190303064345","is_ascension_mode":true,"campfire_choices":[{"data":"Zap","floor":6.0,"key":"SMITH"},{"data":"Chaos","floor":8.0,"key":"SMITH"},{"data":"Conserve Battery","floor":11.0,"key":"SMITH"},{"data":"Capacitor","floor":15.0,"key":"SMITH"},{"data":"Compile Driver","floor":24,"key":"SMITH"},{"floor":27,"key":"REST"},{"data":"Biased Cognition","floor":30,"key":"SMITH"},{"data":"Loop","floor":32,"key":"SMITH"}],"neow_cost":"NONE","seed_source_timestamp":91068836453500,"circlet_count":0,"master_deck":["AscendersBane","Zap+1","Dualcast","Panacea","Go for the Eyes","Hologram","Conserve Battery+1","Chaos+1","Sweeping Beam","Compile Driver+1","Cold Snap","Capacitor+1","Barrage","Biased Cognition+1","Static Discharge","Conserve Battery","Stack","Bite","Bite","Bite","Bite","Bite","Chill","Loop+1","Redo","Hologram","Self Repair+1","Ball Lightning+1","Leap+1","Seek","Reprogram+1","Skim+1","Core Surge+1","Steam+1","Double Energy","Melter+1"],"special_seed":0,"relics":["FrozenCore","Question Card","Mango","Nilry\u0027s Codex","Ornamental Fan","DataDisk","Kunai","Astrolabe","Torii"],"potions_floor_usage":[23,28,33,39],"damage_taken":[{"damage":0.0,"enemies":"Cultist","floor":1.0,"turns":3.0},{"damage":0.0,"enemies":"Small Slimes","floor":3.0,"turns":3.0},{"damage":6.0,"enemies":"Jaw Worm","floor":5.0,"turns":4.0},{"damage":7.0,"enemies":"Lots of Slimes","floor":7.0,"turns":3.0},{"damage":1.0,"enemies":"Lagavulin","floor":10.0,"turns":6.0},{"damage":0.0,"enemies":"3 Louse","floor":12.0,"turns":2.0},{"damage":6.0,"enemies":"Blue Slaver","floor":14.0,"turns":4.0},{"damage":4.0,"enemies":"The Guardian","floor":16.0,"turns":10.0},{"damage":7.0,"enemies":"Spheric Guardian","floor":18.0,"turns":4.0},{"damage":8.0,"enemies":"Shell Parasite","floor":19.0,"turns":6.0},{"damage":7.0,"enemies":"Snecko","floor":20.0,"turns":6.0},{"damage":42,"enemies":"Gremlin Leader","floor":23,"turns":9},{"damage":18,"enemies":"Book of Stabbing","floor":28,"turns":8},{"damage":10,"enemies":"Chosen and Byrds","floor":29,"turns":7},{"damage":2,"enemies":"Sentry and Sphere","floor":31,"turns":12},{"damage":12,"enemies":"Champ","floor":33,"turns":10},{"damage":2,"enemies":"3 Darklings","floor":35,"turns":11},{"damage":0,"enemies":"3 Shapes","floor":36,"turns":6},{"damage":18,"enemies":"Mind Bloom Boss Battle","floor":37,"turns":10},{"damage":9,"enemies":"Time Eater","floor":39,"turns":12}],"seed_played":"-3485462554091131219","potions_obtained":[{"floor":1.0,"key":"FocusPotion"},{"floor":10.0,"key":"Dexterity Potion"},{"floor":12.0,"key":"Dexterity Potion"},{"floor":16.0,"key":"Dexterity Potion"},{"floor":29,"key":"FocusPotion"},{"floor":35,"key":"SmokeBomb"},{"floor":36,"key":"Dexterity Potion"}],"is_trial":false,"path_per_floor":["M","?","M","$","M","R","M","R","T","E","R","M","?","M","R","B",null,"M","M","M","?","?","E","R","$","T","R","E","M","R","M","R","B",null,"M","M","?","?","B",null],"character_chosen":"DEFECT","items_purchased":["Chaos","Loop","Redo","Hologram"],"campfire_rested":1,"item_purchase_floors":[4,25,25,25],"current_hp_per_floor":[68,68,68,68,62,62,55,55,55,68,68,68,61,55,55,51,80,73,65,58,42,42,20,20,20,20,38,32,40,40,56,56,62,62,62,62,62,62,61],"gold":305,"neow_bonus":"RANDOM_COLORLESS","is_prod":false,"is_daily":false,"chose_seed":false,"campfire_upgraded":7,"win_rate":0,"timestamp":1551591825,"path_taken":["M","?","M","?","M","R","M","R","T","E","R","M","?","?","R","BOSS","M","M","?","?","?","E","R","$","T","R","E","M","R","M","R","BOSS","M","M","?","?","BOSS"],"build_version":"2019-01-23","purchased_purges":2,"victory":true,"max_hp_per_floor":[75,75,75,75,75,75,75,75,75,89,89,89,89,89,89,89,89,89,89,89,89,62,62,62,62,62,62,62,62,62,62,62,62,62,62,62,62,62,62],"card_choices":[{"not_picked":["Consume","Compile Driver"],"picked":"Go for the Eyes","floor":1.0},{"not_picked":["Stack","Sweeping Beam"],"picked":"Conserve Battery","floor":3.0},{"not_picked":["Ball Lightning","Recycle"],"picked":"Sweeping Beam","floor":5.0},{"not_picked":["Sweeping Beam","Streamline"],"picked":"Compile Driver","floor":7.0},{"not_picked":["FTL","Storm","Reinforced Body"],"picked":"Cold Snap","floor":10.0},{"not_picked":["Melter","Barrage","Stack"],"picked":"Capacitor","floor":12.0},{"not_picked":["Beam Cell","Redo","Ball Lightning"],"picked":"Barrage","floor":14.0},{"not_picked":["Hyperbeam","Machine Learning","Reboot"],"picked":"Biased Cognition","floor":16.0},{"not_picked":["Go for the Eyes","Streamline","Redo"],"picked":"Static Discharge","floor":18.0},{"not_picked":["Gash","Recycle","Storm"],"picked":"Conserve Battery","floor":19.0},{"not_picked":["Rebound","Hello World","Turbo"],"picked":"Stack","floor":20.0},{"not_picked":["Steam","Storm","Aggregate"],"picked":"Chill","floor":23},{"not_picked":["Double Energy","Leap","Stack"],"picked":"Self Repair+1","floor":28},{"not_picked":["Genetic Algorithm","Defragment","Turbo"],"picked":"Ball Lightning+1","floor":29},{"not_picked":["Heatsinks","Stack","Coolheaded"],"picked":"Leap+1","floor":31},{"not_picked":["Rainbow","Core Surge","Creative AI"],"picked":"Seek","floor":33},{"not_picked":["Stack","Scrape","White Noise"],"picked":"Steam+1","floor":35},{"not_picked":["Go for the Eyes","Biased Cognition","Static Discharge"],"picked":"Double Energy","floor":36},{"not_picked":["Beam Cell","Consume","Genetic Algorithm"],"picked":"Melter+1","floor":37}],"player_experience":882587,"relics_obtained":[{"floor":9.0,"key":"Question Card"},{"floor":10.0,"key":"Mango"},{"floor":21,"key":"Nilry\u0027s Codex"},{"floor":23,"key":"Ornamental Fan"},{"floor":26,"key":"DataDisk"},{"floor":28,"key":"Kunai"},{"floor":37,"key":"Torii"}],"event_choices":[{"damage_healed":0.0,"max_hp_gain":0.0,"max_hp_loss":0.0,"gold_gain":0.0,"event_name":"Match and Keep!","player_choice":"1 cards matched","floor":2.0,"gold_loss":0.0,"damage_taken":0.0,"cards_obtained":["Hologram"]},{"cards_removed":["Strike_B"],"damage_healed":0.0,"max_hp_gain":0.0,"max_hp_loss":0.0,"gold_gain":0.0,"event_name":"Golden Wing","player_choice":"Card Removal","floor":13.0,"gold_loss":0.0,"damage_taken":7.0},{"damage_healed":0,"gold_gain":0,"player_choice":"Obtained Book","damage_taken":16,"max_hp_gain":0,"max_hp_loss":0,"event_name":"Cursed Tome","floor":21,"gold_loss":0},{"damage_healed":0,"gold_gain":0,"player_choice":"Became a vampire","damage_taken":0,"max_hp_gain":0,"max_hp_loss":27,"event_name":"Vampires","floor":22,"gold_loss":0,"cards_obtained":["Bite","Bite","Bite","Bite","Bite"]},{"damage_healed":0,"gold_gain":0,"player_choice":"Fight","damage_taken":0,"max_hp_gain":0,"max_hp_loss":0,"event_name":"MindBloom","floor":37,"gold_loss":0},{"damage_healed":0,"gold_gain":0,"player_choice":"Took Portal","damage_taken":0,"max_hp_gain":0,"max_hp_loss":0,"event_name":"SecretPortal","floor":38,"gold_loss":0}],"is_beta":false,"boss_relics":[{"not_picked":["Sozu","Velvet Choker"],"picked":"FrozenCore"},{"not_picked":["Lizard Tail","Runic Pyramid"],"picked":"Astrolabe"}],"items_purged_floors":[4,25],"is_endless":false,"potions_floor_spawned":[1,10,12,16,18,19,20,29,35,36],"ascension_level":12}