{"gold_per_floor":[109,121,133,133,133,164,129,154,179,179],"floor_reached":10,"playtime":235,"items_purged":[],"score":152,"play_id":"adba6cb7-e44f-4305-a4d0-0465db4db654","local_time":"20190107002125","is_ascension_mode":true,"campfire_choices":[],"neow_cost":"NONE","seed_source_timestamp":369619034566753,"circlet_count":0,"master_deck":["AscendersBane","Strike_R","Strike_R","Strike_R","Strike_R","Strike_R","Defend_R","Defend_R","Defend_R","Defend_R","Bash","Shrug It Off","Perfected Strike","Shrug It Off","Pommel Strike","Clothesline"],"special_seed":0,"relics":["Burning Blood","Bag of Preparation","Juzu Bracelet","Blood Vial","Smiling Mask"],"potions_floor_usage":[10,10],"damage_taken":[{"damage":16,"enemies":"Jaw Worm","floor":1,"turns":5},{"damage":1,"enemies":"2 Louse","floor":2,"turns":3},{"damage":12,"enemies":"Small Slimes","floor":3,"turns":3},{"damage":32,"enemies":"Gremlin Nob","floor":6,"turns":4},{"damage":46,"enemies":"Lagavulin","floor":8,"turns":8},{"damage":23,"enemies":"3 Sentries","floor":10,"turns":4}],"seed_played":"-971617406977065764","potions_obtained":[{"floor":2,"key":"Explosive Potion"},{"floor":6,"key":"Explosive Potion"}],"is_trial":false,"path_per_floor":["M","M","M","?","?","E","?","E","T","E"],"character_chosen":"IRONCLAD","items_purchased":[],"campfire_rested":0,"item_purchase_floors":[],"current_hp_per_floor":[65,70,64,64,57,31,51,11,11,0],"gold":179,"neow_bonus":"TEN_PERCENT_HP_BONUS","is_prod":false,"is_daily":false,"chose_seed":false,"campfire_upgraded":0,"win_rate":0,"timestamp":1546816885,"path_taken":["M","M","M","?","?","E","?","E","T","E"],"build_version":"2019-01-03v4","purchased_purges":0,"victory":false,"max_hp_per_floor":[82,82,82,82,82,82,82,82,82,82],"card_choices":[{"not_picked":["Pummel","Warcry"],"picked":"Shrug It Off","floor":1},{"not_picked":["Flex","Warcry"],"picked":"Perfected Strike","floor":2},{"not_picked":["Seeing Red","Pummel"],"picked":"Shrug It Off","floor":3},{"not_picked":["Sever Soul","Fire Breathing"],"picked":"Pommel Strike","floor":6},{"not_picked":["Heavy Blade","True Grit"],"picked":"Clothesline","floor":8}],"player_experience":582739,"relics_obtained":[{"floor":6,"key":"Juzu Bracelet"},{"floor":8,"key":"Blood Vial"},{"floor":9,"key":"Smiling Mask"}],"event_choices":[{"damage_healed":0,"gold_gain":0,"player_choice":"Box","damage_taken":0,"relics_obtained":["Bag of Preparation"],"max_hp_gain":0,"max_hp_loss":0,"event_name":"Big Fish","floor":4,"gold_loss":0,"cards_obtained":["Regret"]},{"cards_removed":["Regret"],"damage_healed":0,"gold_gain":0,"player_choice":"Card Removal","damage_taken":7,"max_hp_gain":0,"max_hp_loss":0,"event_name":"Golden Wing","floor":5,"gold_loss":0},{"damage_healed":20,"gold_gain":0,"player_choice":"Healed","damage_taken":0,"max_hp_gain":0,"max_hp_loss":0,"event_name":"The Cleric","floor":7,"gold_loss":35}],"is_beta":false,"boss_relics":[],"items_purged_floors":[],"is_endless":false,"potions_floor_spawned":[2,6],"killed_by":"3 Sentries","ascension_level":20}