{"gold_per_floor":[113,188,199,214,214,214,240,252,299,299,311,324,32,32,32,32],"floor_reached":16,"playtime":493,"items_purged":["Strike_B"],"score":158,"play_id":"fa63e88e-861f-48b6-aef2-b65ac27013e3","local_time":"20190219203703","is_ascension_mode":true,"campfire_choices":[{"data":"Zap","floor":6,"key":"SMITH"},{"data":"Chaos","floor":10,"key":"SMITH"},{"floor":15,"key":"REST"}],"neow_cost":"NONE","seed_source_timestamp":65875123956600,"circlet_count":0,"master_deck":["AscendersBane","Strike_B","Strike_B","Defend_B","Defend_B","Defend_B","Defend_B","Zap+1","Dualcast","Chaos+1","Loop","Conserve Battery","Leap","Melter","BootSequence","White Noise","Barrage","Coolheaded"],"relics":["Cracked Core","Mummified Hand","Bag of Marbles","Runic Capacitor"],"potions_floor_usage":[4,16,16],"damage_taken":[{"damage":0,"enemies":"2 Louse","floor":1,"turns":3},{"damage":1,"enemies":"Small Slimes","floor":3,"turns":4},{"damage":2,"enemies":"Jaw Worm","floor":4,"turns":4},{"damage":27,"enemies":"3 Sentries","floor":7,"turns":8},{"damage":18,"enemies":"Exordium Thugs","floor":8,"turns":5},{"damage":4,"enemies":"2 Fungi Beasts","floor":11,"turns":4},{"damage":4,"enemies":"Red Slaver","floor":12,"turns":3},{"damage":33,"enemies":"The Guardian","floor":16,"turns":6}],"seed_played":"552644497798387856","potions_obtained":[{"floor":1,"key":"Strength Potion"},{"floor":3,"key":"SpeedPotion"},{"floor":4,"key":"Ancient Potion"},{"floor":7,"key":"Swift Potion"}],"is_trial":false,"path_per_floor":["M","?","M","M","?","R","E","M","T","R","M","M","$","?","R","B"],"character_chosen":"DEFECT","items_purchased":["Runic Capacitor","Coolheaded"],"campfire_rested":1,"item_purchase_floors":[13,13],"current_hp_per_floor":[68,57,56,54,59,59,32,14,14,14,10,6,6,6,30,0],"gold":32,"neow_bonus":"TRANSFORM_CARD","is_prod":false,"is_daily":false,"chose_seed":false,"campfire_upgraded":2,"win_rate":0,"timestamp":1550605023,"path_taken":["M","?","M","M","?","R","E","M","T","R","M","M","$","?","R","BOSS"],"build_version":"2019-01-23","purchased_purges":1,"victory":false,"max_hp_per_floor":[75,75,75,75,80,80,80,80,80,80,80,80,80,80,80,80],"card_choices":[{"not_picked":["Compile Driver","Stack"],"picked":"Loop","floor":1},{"not_picked":["Stack","Heatsinks"],"picked":"Conserve Battery","floor":3},{"not_picked":["Rebound","Skim"],"picked":"Leap","floor":4},{"not_picked":["Steam","Hologram"],"picked":"Melter","floor":7},{"not_picked":["Barrage","Gash"],"picked":"BootSequence","floor":8},{"not_picked":["Turbo","Tempest"],"picked":"White Noise","floor":11},{"not_picked":["Thunder Strike","Stack"],"picked":"Barrage","floor":12}],"player_experience":799984,"relics_obtained":[{"floor":7,"key":"Mummified Hand"},{"floor":9,"key":"Bag of Marbles"}],"event_choices":[{"damage_healed":0,"gold_gain":75,"player_choice":"Gather Gold","damage_taken":11,"max_hp_gain":0,"max_hp_loss":0,"event_name":"World of Goop","floor":2,"gold_loss":0},{"damage_healed":0,"gold_gain":0,"player_choice":"Donut","damage_taken":0,"max_hp_gain":5,"max_hp_loss":0,"event_name":"Big Fish","floor":5,"gold_loss":0},{"damage_healed":0,"gold_gain":0,"player_choice":"Leave","damage_taken":0,"max_hp_gain":0,"max_hp_loss":0,"event_name":"The Cleric","floor":14,"gold_loss":0}],"is_beta":false,"boss_relics":[],"items_purged_floors":[13],"is_endless":false,"potions_floor_spawned":[1,3,4,7],"killed_by":"The Guardian","ascension_level":11}