{"gold_per_floor":[217,217,227,75,75,75,104,104,104,115,127,152,152,52,52,126,126,138,13,13,13,31,31,50,61,109,51,51,101,101,101,101,177,177,197,242,254,28,40,40,60,60,60,60,80,80,98,108,108,108],"floor_reached":51,"playtime":3244,"items_purged":["Strike_R","Strike_R","Strike_R","Strike_R"],"score":1254,"play_id":"17c7849c-aa6e-4a04-9d8b-99af4415ab7f","local_time":"20190529203715","is_ascension_mode":true,"campfire_choices":[{"data":"Searing Blow","floor":6,"key":"SMITH"},{"data":"Searing Blow+1","floor":8,"key":"SMITH"},{"data":"Searing Blow+2","floor":13,"key":"SMITH"},{"data":"Armaments","floor":15,"key":"SMITH"},{"data":"Searing Blow+3","floor":23,"key":"SMITH"},{"data":"Searing Blow+4","floor":28,"key":"SMITH"},{"data":"Searing Blow+5","floor":30,"key":"SMITH"},{"data":"Searing Blow+6","floor":32,"key":"SMITH"},{"data":"Searing Blow+7","floor":40,"key":"SMITH"},{"data":"Searing Blow+8","floor":42,"key":"SMITH"},{"data":"Searing Blow+9","floor":46,"key":"SMITH"},{"floor":49,"key":"REST"}],"neow_cost":"NONE","seed_source_timestamp":226865503978936,"circlet_count":0,"master_deck":["AscendersBane","Strike_R","Defend_R","Defend_R","Defend_R","Defend_R","Bash","Sword Boomerang","Disarm","Searing Blow+10","Pommel Strike","Clothesline","Double Tap","Armaments+1","Exhume","Shrug It Off","Flame Barrier","Armaments","Barricade","Entrench","Shockwave","Shrug It Off+1"],"relics":["Burning Blood","Strawberry","Bronze Scales","Matryoshka","Lantern","Snecko Eye","Darkstone Periapt","Pen Nib","Velvet Choker","Pocketwatch","Centennial Puzzle","Mummified Hand"],"potions_floor_usage":[7,16,16,22,33,33,47,50],"damage_taken":[{"damage":12,"enemies":"Cultist","floor":1,"turns":4},{"damage":1,"enemies":"Small Slimes","floor":3,"turns":3},{"damage":30,"enemies":"3 Sentries","floor":7,"turns":7},{"damage":7,"enemies":"Jaw Worm","floor":10,"turns":3},{"damage":17,"enemies":"Large Slime","floor":11,"turns":7},{"damage":6,"enemies":"Gremlin Nob","floor":12,"turns":3},{"damage":10,"enemies":"Hexaghost","floor":16,"turns":7},{"damage":23,"enemies":"3 Byrds","floor":18,"turns":3},{"damage":12,"enemies":"Shell Parasite","floor":22,"turns":3},{"damage":12,"enemies":"Snecko","floor":24,"turns":3},{"damage":8,"enemies":"Shelled Parasite and Fungi","floor":25,"turns":3},{"damage":17,"enemies":"Collector","floor":33,"turns":6},{"damage":0,"enemies":"Orb Walker","floor":35,"turns":2},{"damage":30,"enemies":"2 Orb Walkers","floor":36,"turns":5},{"damage":33,"enemies":"3 Darklings","floor":37,"turns":6},{"damage":0,"enemies":"Spire Growth","floor":39,"turns":6},{"damage":1,"enemies":"4 Shapes","floor":41,"turns":5},{"damage":0,"enemies":"3 Darklings","floor":45,"turns":5},{"damage":34,"enemies":"Transient","floor":47,"turns":6},{"damage":0,"enemies":"Writhing Mass","floor":48,"turns":1},{"damage":17,"enemies":"Awakened One","floor":50,"turns":16}],"seed_played":"-5516374419876198064","potions_obtained":[{"floor":2,"key":"Fire Potion"},{"floor":2,"key":"Ancient Potion"},{"floor":10,"key":"SpeedPotion"},{"floor":11,"key":"SteroidPotion"},{"floor":18,"key":"Block Potion"},{"floor":22,"key":"FearPotion"},{"floor":25,"key":"PowerPotion"},{"floor":37,"key":"AttackPotion"},{"floor":41,"key":"PowerPotion"},{"floor":47,"key":"SteroidPotion"},{"floor":48,"key":"SneckoOil"}],"is_trial":false,"path_per_floor":["M","?","M","$","?","R","E","R","T","M","M","E","R","$","R","B",null,"M","$","?","$","M","R","M","M","T","$","R","?","R","$","R","B",null,"M","?","M","$","M","R","M","R","T","?","M","R","M","M","R","B",null],"character_chosen":"IRONCLAD","items_purchased":["Searing Blow","Armaments","Entrench"],"campfire_rested":1,"item_purchase_floors":[4,27,38],"current_hp_per_floor":[62,62,67,67,69,69,45,45,45,44,33,33,33,33,33,29,69,52,52,52,52,46,46,40,38,38,38,38,38,38,38,38,27,68,74,50,23,23,29,29,34,34,34,34,40,40,12,18,41,30],"gold":108,"neow_bonus":"HUNDRED_GOLD","is_prod":false,"is_daily":false,"chose_seed":false,"campfire_upgraded":11,"win_rate":0,"timestamp":1559158635,"path_taken":["M","?","?","$","?","R","E","R","T","M","M","E","R","$","R","BOSS","M","$","?","$","M","R","M","M","T","$","R","?","R","?","R","BOSS","M","?","M","$","M","R","M","R","T","?","M","R","M","M","R","BOSS"],"build_version":"2019-01-23","purchased_purges":4,"victory":true,"max_hp_per_floor":[75,75,75,75,82,82,82,82,82,82,82,82,82,82,82,82,82,82,82,82,82,82,82,82,82,82,82,82,82,82,82,82,82,82,82,82,82,82,82,82,82,82,82,78,78,78,78,78,78,78],"card_choices":[{"not_picked":["Pummel","Armaments"],"picked":"Sword Boomerang","floor":1},{"not_picked":["Thunderclap","Seeing Red"],"picked":"Disarm","floor":3},{"not_picked":["Flame Barrier","Thunderclap"],"picked":"Pommel Strike","floor":7},{"not_picked":["Warcry","Flame Barrier"],"picked":"Clothesline","floor":10},{"not_picked":["Evolve","Headbutt"],"picked":"Double Tap","floor":11},{"not_picked":["Bludgeon","Corruption"],"picked":"Armaments","floor":12},{"not_picked":["Bludgeon","Barricade"],"picked":"Exhume","floor":16},{"not_picked":["Iron Wave","Body Slam","Flex"],"picked":"SKIP","floor":18},{"not_picked":["Flex","Warcry"],"picked":"Shrug It Off","floor":22},{"not_picked":["Rage","Reckless Charge"],"picked":"Flame Barrier","floor":24},{"not_picked":["Clothesline","Sentinel","Perfected Strike"],"picked":"SKIP","floor":25},{"not_picked":["Offering","Exhume"],"picked":"Barricade","floor":33},{"not_picked":["Headbutt","Infernal Blade+1","Anger+1"],"picked":"SKIP","floor":35},{"not_picked":["Armaments","Pummel","Cleave+1"],"picked":"SKIP","floor":37},{"not_picked":["Armaments","Dropkick"],"picked":"Shockwave","floor":39},{"not_picked":["Metallicize+1","Warcry"],"picked":"Shrug It Off+1","floor":41},{"not_picked":["Entrench","Body Slam","Headbutt+1"],"picked":"SKIP","floor":45},{"not_picked":["Havoc","Armaments","Sentinel"],"picked":"SKIP","floor":47},{"not_picked":["Flex","Rupture","Heavy Blade+1"],"picked":"SKIP","floor":48}],"player_experience":1056173,"relics_obtained":[{"floor":7,"key":"Bronze Scales"},{"floor":9,"key":"Matryoshka"},{"floor":12,"key":"Lantern"},{"floor":26,"key":"Darkstone Periapt"},{"floor":26,"key":"Pen Nib"},{"floor":36,"key":"Pocketwatch"},{"floor":43,"key":"Centennial Puzzle"},{"floor":43,"key":"Mummified Hand"}],"event_choices":[{"damage_healed":0,"gold_gain":0,"player_choice":"Got Potions","damage_taken":0,"max_hp_gain":0,"max_hp_loss":0,"event_name":"Lab","floor":2,"gold_loss":0},{"damage_healed":0,"gold_gain":0,"player_choice":"Success","damage_taken":5,"relics_obtained":["Strawberry"],"max_hp_gain":0,"max_hp_loss":0,"event_name":"Scrap Ooze","floor":5,"gold_loss":0},{"damage_healed":0,"gold_gain":0,"player_choice":"Ignored","damage_taken":0,"max_hp_gain":0,"max_hp_loss":0,"event_name":"Cursed Tome","floor":20,"gold_loss":0},{"damage_healed":0,"gold_gain":50,"player_choice":"Stole From Cult","damage_taken":0,"max_hp_gain":0,"max_hp_loss":0,"event_name":"Nest","floor":29,"gold_loss":0},{"damage_healed":0,"gold_gain":0,"player_choice":"Fight","damage_taken":0,"max_hp_gain":0,"max_hp_loss":0,"event_name":"Mysterious Sphere","floor":36,"gold_loss":0},{"damage_healed":0,"gold_gain":0,"player_choice":"Max HP","damage_taken":0,"max_hp_gain":0,"max_hp_loss":4,"event_name":"Winding Halls","floor":44,"gold_loss":0}],"is_beta":false,"boss_relics":[{"not_picked":["Cursed Key","Black Blood"],"picked":"Snecko Eye"},{"not_picked":["Orrery","Fusion Hammer"],"picked":"Velvet Choker"}],"items_purged_floors":[4,14,19,38],"is_endless":false,"potions_floor_spawned":[10,11,12,18,22,25,37,41,47,48],"ascension_level":19}