{"gold_per_floor":[368,368,69,69,80,80,26,79,79,8,8,27,42,58,58,137,137,156,156,24,37,37,37,37],"floor_reached":24,"playtime":947,"items_purged":["Strike_R"],"score":349,"play_id":"65712885-a7e1-4b05-bc95-035efdb8757d","local_time":"20190609012201","is_ascension_mode":true,"campfire_choices":[{"data":"Magnetism","floor":6.0,"key":"SMITH"},{"floor":11.0,"key":"REST"},{"data":"Juggernaut","floor":15.0,"key":"SMITH"},{"data":"Second Wind","floor":23,"key":"SMITH"}],"neow_cost":"PERCENT_DAMAGE","seed_source_timestamp":160626842450600,"circlet_count":0,"master_deck":["AscendersBane","Strike_R","Strike_R","Defend_R","Defend_R","Defend_R","Defend_R","Bash","True Grit","Magnetism+1","Metallicize","Twin Strike","Inflame","Juggernaut+1","Second Wind+1","Thunderclap","Headbutt","Anger","Barricade+1","Feel No Pain","Body Slam","Entrench","Iron Wave"],"special_seed":0,"relics":["Burning Blood","Omamori","Sundial","Dream Catcher","Calling Bell","Vajra","Pear","StoneCalendar"],"potions_floor_usage":[24],"damage_taken":[{"damage":11.0,"enemies":"Jaw Worm","floor":1.0,"turns":5.0},{"damage":8.0,"enemies":"2 Louse","floor":5.0,"turns":6.0},{"damage":28.0,"enemies":"3 Sentries","floor":8.0,"turns":11.0},{"damage":9.0,"enemies":"Small Slimes","floor":12.0,"turns":5.0},{"damage":5.0,"enemies":"Red Slaver","floor":13.0,"turns":5.0},{"damage":17.0,"enemies":"2 Fungi Beasts","floor":14.0,"turns":4.0},{"damage":7.0,"enemies":"Hexaghost","floor":16.0,"turns":8.0},{"damage":20.0,"enemies":"Spheric Guardian","floor":18.0,"turns":5.0},{"damage":20,"enemies":"Chosen","floor":21,"turns":6},{"damage":53,"enemies":"Gremlin Leader","floor":24,"turns":3}],"seed_played":"5974243373995171662","potions_obtained":[{"floor":5.0,"key":"PowerPotion"},{"floor":12.0,"key":"Dexterity Potion"},{"floor":16.0,"key":"Dexterity Potion"}],"is_trial":false,"path_per_floor":["M","?","$","?","M","R","$","E","T","?","R","M","M","M","R","B",null,"M","?","$","M","?","R","E"],"character_chosen":"IRONCLAD","items_purchased":["Magnetism","Metallicize","Dexterity Potion","Body Slam","Entrench"],"campfire_rested":1,"item_purchase_floors":[3,3,7,20,20],"current_hp_per_floor":[45,38,38,38,36,36,36,14,14,14,36,33,34,23,23,22,72,58,58,58,44,44,44,0],"gold":37,"neow_bonus":"TWO_FIFTY_GOLD","is_prod":false,"is_daily":false,"chose_seed":false,"campfire_upgraded":3,"win_rate":0,"timestamp":1560036121,"path_taken":["M","?","$","?","M","R","?","E","T","?","R","M","?","M","R","BOSS","M","?","?","?","?","R","E"],"build_version":"2019-01-23","purchased_purges":1,"victory":false,"max_hp_per_floor":[75,75,75,75,75,75,75,75,75,75,75,75,75,75,75,75,85,85,85,85,85,85,85,85],"card_choices":[{"not_picked":["Havoc","Thunderclap"],"picked":"True Grit","floor":1.0},{"not_picked":["Havoc","Perfected Strike"],"picked":"Inflame","floor":5.0},{"not_picked":["Anger","Armaments"],"picked":"Juggernaut","floor":8.0},{"not_picked":["Flex","Searing Blow"],"picked":"Second Wind","floor":11.0},{"not_picked":["Hemokinesis","Warcry"],"picked":"Thunderclap","floor":12.0},{"not_picked":["Fire Breathing","Intimidate"],"picked":"Headbutt","floor":13.0},{"not_picked":["Sword Boomerang","Warcry"],"picked":"Anger","floor":14.0},{"not_picked":["Bludgeon","Reaper"],"picked":"Barricade","floor":16.0},{"not_picked":["Shrug It Off","Pommel Strike"],"picked":"Feel No Pain","floor":18},{"not_picked":["Headbutt","Sword Boomerang"],"picked":"Iron Wave","floor":21}],"player_experience":1241802,"relics_obtained":[{"floor":8.0,"key":"Omamori"},{"floor":9.0,"key":"Sundial"},{"floor":17.0,"key":"Vajra"},{"floor":17.0,"key":"Pear"},{"floor":17.0,"key":"StoneCalendar"}],"event_choices":[{"cards_removed":["Strike_R"],"damage_healed":0.0,"max_hp_gain":0.0,"max_hp_loss":0.0,"gold_gain":0.0,"event_name":"Golden Wing","player_choice":"Card Removal","floor":2.0,"gold_loss":0.0,"damage_taken":7.0},{"damage_healed":0.0,"max_hp_gain":0.0,"max_hp_loss":0.0,"gold_gain":0.0,"cards_transformed":["Strike_R"],"event_name":"Living Wall","player_choice":"Change","floor":4.0,"gold_loss":0.0,"damage_taken":0.0,"cards_obtained":["Twin Strike"]},{"damage_healed":0.0,"max_hp_gain":0.0,"max_hp_loss":0.0,"gold_gain":0.0,"event_name":"WeMeetAgain","player_choice":"Paid Gold","floor":10.0,"gold_loss":71.0,"damage_taken":0.0,"relics_obtained":["Dream Catcher"]},{"cards_removed":["Regret"],"damage_healed":0,"gold_gain":0,"player_choice":"Purged","damage_taken":0,"max_hp_gain":0,"max_hp_loss":0,"event_name":"Purifier","floor":19,"gold_loss":0},{"damage_healed":0,"gold_gain":0,"player_choice":"Forge","damage_taken":0,"max_hp_gain":0,"max_hp_loss":0,"event_name":"Accursed Blacksmith","floor":22,"gold_loss":0,"cards_upgraded":["Barricade"]}],"is_beta":false,"boss_relics":[{"not_picked":["Coffee Dripper","Black Star"],"picked":"Calling Bell"}],"items_purged_floors":[3],"is_endless":false,"potions_floor_spawned":[5,12,14,16],"killed_by":"Gremlin Leader","ascension_level":16}