{"gold_per_floor":[112,262,27,102,122,122,87,87,141,153,217,217,233,244,244,244],"floor_reached":16,"playtime":382,"items_purged":["Doubt"],"score":180,"play_id":"56055cd4-9114-432d-84e0-10b37bad9fb8","local_time":"20181116204548","is_ascension_mode":true,"campfire_choices":[{"data":"Hemokinesis","floor":6,"key":"SMITH"},{"floor":15,"key":"REST"}],"neow_cost":"NONE","seed_source_timestamp":180216285858554,"circlet_count":0,"master_deck":["AscendersBane","Strike_R","Strike_R","Strike_R","Strike_R","Strike_R","Defend_R+1","Defend_R","Defend_R","Defend_R","Bash","True Grit","Pommel Strike+1","Shrug It Off","Hemokinesis+1","Spot Weakness","Infernal Blade","Juggernaut","Feel No Pain","Blood for Blood","Impervious"],"relics":["Orrery","Tiny Chest","Art of War","Omamori"],"potions_floor_usage":[11,16,16],"damage_taken":[{"damage":4,"enemies":"Cultist","floor":1,"turns":3},{"damage":6,"enemies":"2 Louse","floor":5,"turns":2},{"damage":2,"enemies":"Small Slimes","floor":10,"turns":2},{"damage":31,"enemies":"Lagavulin Event","floor":11,"turns":4},{"damage":2,"enemies":"Exordium Wildlife","floor":13,"turns":2},{"damage":2,"enemies":"2 Fungi Beasts","floor":14,"turns":4},{"damage":30,"enemies":"The Guardian","floor":16,"turns":5}],"seed_played":"-6970371941621424839","potions_obtained":[{"floor":5,"key":"SneckoOil"},{"floor":11,"key":"GamblersBrew"},{"floor":13,"key":"EssenceOfSteel"}],"is_trial":false,"path_per_floor":["M","?","$","?","M","R","?","?","T","M","?","T","M","M","R","B"],"character_chosen":"IRONCLAD","items_purchased":["Juggernaut"],"campfire_rested":1,"item_purchase_floors":[3],"current_hp_per_floor":[64,64,64,53,47,47,65,42,42,40,9,9,7,5,27,0],"gold":244,"neow_bonus":"BOSS_RELIC","is_prod":false,"is_daily":false,"chose_seed":false,"campfire_upgraded":1,"win_rate":0,"timestamp":1542397548,"path_taken":["M","?","$","?","M","R","?","?","T","?","?","?","?","M","R","BOSS"],"build_version":"2018-11-15","purchased_purges":1,"victory":false,"max_hp_per_floor":[75,75,75,75,75,75,75,75,75,75,75,75,75,75,75,75],"card_choices":[{"not_picked":["Hemokinesis","Armaments"],"picked":"True Grit","floor":0},{"not_picked":["Seeing Red","Heavy Blade"],"picked":"Pommel Strike","floor":0},{"not_picked":["Flame Barrier","Heavy Blade"],"picked":"Shrug It Off","floor":0},{"not_picked":["Anger","Clash"],"picked":"Hemokinesis","floor":0},{"not_picked":["Cleave","Intimidate"],"picked":"Spot Weakness","floor":0},{"not_picked":["Clash","Hemokinesis"],"picked":"Infernal Blade","floor":1},{"not_picked":["Sword Boomerang","Combust","Headbutt"],"picked":"SKIP","floor":5},{"not_picked":["Anger","Heavy Blade","Flex"],"picked":"SKIP","floor":10},{"not_picked":["Body Slam","Clash"],"picked":"Feel No Pain","floor":11},{"not_picked":["Pummel","Heavy Blade"],"picked":"Blood for Blood","floor":13},{"not_picked":["Cleave","Bloodletting"],"picked":"Impervious","floor":14}],"player_experience":494039,"relics_obtained":[{"floor":9,"key":"Tiny Chest"},{"floor":11,"key":"Art of War"},{"floor":12,"key":"Omamori"}],"event_choices":[{"damage_healed":0,"gold_gain":150,"player_choice":"AGREE","damage_taken":0,"max_hp_gain":0,"max_hp_loss":0,"event_name":"Liars Game","floor":2,"gold_loss":0,"cards_obtained":["Doubt"]},{"damage_healed":0,"gold_gain":75,"player_choice":"Gather Gold","damage_taken":11,"max_hp_gain":0,"max_hp_loss":0,"event_name":"World of Goop","floor":4,"gold_loss":0},{"damage_healed":18,"gold_gain":0,"player_choice":"Healed","damage_taken":0,"max_hp_gain":0,"max_hp_loss":0,"event_name":"The Cleric","floor":7,"gold_loss":35},{"damage_healed":0,"gold_gain":0,"player_choice":"Entered Light","damage_taken":23,"max_hp_gain":0,"max_hp_loss":0,"event_name":"Shining Light","floor":8,"gold_loss":0,"cards_upgraded":["Pommel Strike","Defend_R"]},{"damage_healed":0,"gold_gain":0,"player_choice":"Searched \u00272\u0027 times","damage_taken":0,"max_hp_gain":0,"max_hp_loss":0,"event_name":"Dead Adventurer","floor":11,"gold_loss":0}],"is_beta":false,"boss_relics":[],"items_purged_floors":[3],"is_endless":false,"potions_floor_spawned":[5,11,13],"killed_by":"The Guardian","ascension_level":20}