{"gold_per_floor":[13,32,32,46,20,20,20,20,43,43,62,62,91,104,104,104],"floor_reached":16,"playtime":413,"items_purged":[],"score":190,"play_id":"ea5f603f-dc85-4cbe-88f3-444ca9da04a4","local_time":"20190807204043","is_ascension_mode":true,"campfire_choices":[{"data":"True Grit","floor":6,"key":"SMITH"},{"data":"Jack Of All Trades","floor":8,"key":"SMITH"},{"data":"Bash","floor":10,"key":"SMITH"},{"data":"Whirlwind","floor":15,"key":"SMITH"}],"neow_cost":"NO_GOLD","seed_source_timestamp":445590325631100,"circlet_count":0,"master_deck":["AscendersBane","Strike_R","Strike_R","Strike_R","Strike_R","Strike_R","Defend_R","Defend_R","Defend_R","Defend_R","Bash+1","Jack Of All Trades+1","Panacea","Anger","True Grit+1","Second Wind","True Grit+1","Clash","Whirlwind+1","Pommel Strike"],"relics":["Burning Blood","Pen Nib","Matryoshka","Girya"],"potions_floor_usage":[14,16],"damage_taken":[{"damage":0,"enemies":"2 Louse","floor":1,"turns":4},{"damage":6,"enemies":"Cultist","floor":2,"turns":3},{"damage":10,"enemies":"Jaw Worm","floor":4,"turns":3},{"damage":7,"enemies":"Blue Slaver","floor":11,"turns":5},{"damage":12,"enemies":"3 Sentries","floor":13,"turns":6},{"damage":8,"enemies":"Lots of Slimes","floor":14,"turns":2},{"damage":61,"enemies":"The Guardian","floor":16,"turns":11}],"seed_played":"870341622595338031","potions_obtained":[{"floor":2,"key":"FairyPotion"},{"floor":4,"key":"EssenceOfSteel"},{"floor":13,"key":"SteroidPotion"}],"is_trial":false,"path_per_floor":["M","M","?","M","$","R","$","R","T","R","M","T","E","M","R","B"],"character_chosen":"IRONCLAD","items_purchased":["True Grit"],"campfire_rested":0,"item_purchase_floors":[5],"current_hp_per_floor":[74,74,74,70,70,70,70,70,70,70,69,69,63,61,61,0],"gold":104,"neow_bonus":"RANDOM_COLORLESS_2","is_prod":false,"is_daily":false,"chose_seed":false,"campfire_upgraded":4,"win_rate":0,"timestamp":1565203243,"path_taken":["M","M","?","M","?","R","?","R","T","R","M","?","E","?","R","BOSS"],"build_version":"2019-07-17","purchased_purges":0,"victory":false,"max_hp_per_floor":[75,75,75,75,75,75,75,75,75,75,75,75,75,75,75,75],"card_choices":[{"not_picked":["Reckless Charge","Dual Wield"],"picked":"Anger","floor":1},{"not_picked":["Entrench","Heavy Blade"],"picked":"True Grit","floor":2},{"not_picked":["Disarm","Sever Soul"],"picked":"Second Wind","floor":4},{"not_picked":["True Grit","Shrug It Off"],"picked":"Clash","floor":11},{"not_picked":["Thunderclap","True Grit"],"picked":"Whirlwind","floor":13},{"not_picked":["Burning Pact","Wild Strike"],"picked":"Pommel Strike","floor":14}],"player_experience":1807235,"relics_obtained":[{"floor":9,"key":"Pen Nib"},{"floor":12,"key":"Matryoshka"},{"floor":13,"key":"Girya"}],"event_choices":[{"damage_healed":0,"gold_gain":0,"player_choice":"Upgraded","damage_taken":0,"max_hp_gain":0,"max_hp_loss":0,"event_name":"Upgrade Shrine","floor":3,"gold_loss":0,"cards_upgraded":["True Grit"]}],"is_beta":false,"boss_relics":[],"items_purged_floors":[],"is_endless":false,"potions_floor_spawned":[2,4,13],"killed_by":"The Guardian","ascension_level":18}