{"gold_per_floor":[115,2,16,16,16,16,29,54,54,54,54,72,72,97,97,172,172,189,209,226,14,27,27,27,27,27,46,64,64,64,76,76,149,149,168,183,1,15,15,15,35,35],"floor_reached":42,"playtime":2193,"items_purged":["Strike_G","Defend_G"],"score":705,"play_id":"74ccb806-cb74-410a-9100-779b5facd93e","local_time":"20190401120720","is_ascension_mode":true,"campfire_choices":[{"data":"Venomology","floor":6.0,"key":"SMITH"},{"data":"Neutralize","floor":10.0,"key":"SMITH"},{"data":"Discovery","floor":13.0,"key":"SMITH"},{"floor":15.0,"key":"REST"},{"floor":23.0,"key":"REST"},{"data":"A Thousand Cuts","floor":30.0,"key":"SMITH"},{"floor":32.0,"key":"REST"},{"data":"Caltrops","floor":40,"key":"SMITH"}],"neow_cost":"NONE","seed_source_timestamp":533851195049100,"circlet_count":0,"master_deck":["AscendersBane","Defend_G","Defend_G","Strike_G+1","Survivor","Neutralize+1","Backflip","Caltrops+1","Venomology+1","Discovery+1","Tactician+1","Doppelganger","Dodge and Roll","Cloak And Dagger","Backflip+1","Well Laid Plans","Burst+1","Cloak And Dagger+1","All Out Attack","Caltrops","A Thousand Cuts+1","Acrobatics+1","Flechettes","Backstab","Cloak And Dagger+1","Flying Knee","Riddle With Holes","Wraith Form v2","Cloak And Dagger+1","Quick Slash","Trip+1","Setup+1","Underhanded Strike+1"],"special_seed":0,"relics":["Ring of the Snake","NeowsBlessing","Letter Opener","Toxic Egg 2","Odd Mushroom","Busted Crown","Kunai","Empty Cage"],"potions_floor_usage":[35,36,38,41],"damage_taken":[{"damage":0.0,"enemies":"Small Slimes","floor":1.0,"turns":1.0},{"damage":0.0,"enemies":"Jaw Worm","floor":3.0,"turns":1.0},{"damage":0.0,"enemies":"Cultist","floor":7.0,"turns":1.0},{"damage":20.0,"enemies":"3 Sentries","floor":8.0,"turns":11.0},{"damage":2.0,"enemies":"Large Slime","floor":12.0,"turns":8.0},{"damage":0.0,"enemies":"The Mushroom Lair","floor":14.0,"turns":1.0},{"damage":22.0,"enemies":"The Guardian","floor":16.0,"turns":15.0},{"damage":0.0,"enemies":"3 Byrds","floor":18.0,"turns":4.0},{"damage":6.0,"enemies":"Spheric Guardian","floor":19.0,"turns":6.0},{"damage":9.0,"enemies":"Snake Plant","floor":20.0,"turns":3.0},{"damage":14.0,"enemies":"Centurion and Healer","floor":22.0,"turns":6.0},{"damage":0.0,"enemies":"Snecko","floor":27.0,"turns":4.0},{"damage":0.0,"enemies":"Chosen and Byrds","floor":28.0,"turns":3.0},{"damage":9.0,"enemies":"Snake Plant","floor":31.0,"turns":2.0},{"damage":31.0,"enemies":"Collector","floor":33.0,"turns":8.0},{"damage":0,"enemies":"3 Darklings","floor":35,"turns":4},{"damage":6,"enemies":"Orb Walker","floor":36,"turns":3},{"damage":0,"enemies":"Transient","floor":38,"turns":5},{"damage":16,"enemies":"Sphere and 2 Shapes","floor":41,"turns":5},{"damage":41,"enemies":"Nemesis","floor":42,"turns":5}],"seed_played":"-403395819437923745","potions_obtained":[{"floor":3.0,"key":"EntropicBrew"},{"floor":12.0,"key":"Explosive Potion"},{"floor":16.0,"key":"EssenceOfSteel"},{"floor":19.0,"key":"Poison Potion"},{"floor":20.0,"key":"Fire Potion"},{"floor":28.0,"key":"EssenceOfSteel"},{"floor":31.0,"key":"EntropicBrew"},{"floor":35,"key":"Block Potion"}],"is_trial":false,"path_per_floor":["M","$","M","?","?","R","M","E","T","R","?","M","R","?","R","B",null,"M","M","M","$","M","R","?","?","T","M","M","?","R","M","R","B",null,"M","M","$","M","$","R","M","E"],"character_chosen":"THE_SILENT","items_purchased":["Caltrops","A Thousand Cuts","Acrobatics+1","Trip+1"],"campfire_rested":3,"item_purchase_floors":[2,21,21,37],"current_hp_per_floor":[59,59,59,52,52,52,52,32,32,32,19,17,17,17,36,14,53,53,47,38,38,24,43,43,43,43,43,43,43,43,34,53,22,55,55,49,49,49,49,49,33,0],"gold":35,"neow_bonus":"THREE_ENEMY_KILL","is_prod":false,"is_daily":false,"chose_seed":false,"campfire_upgraded":5,"win_rate":0,"timestamp":1554113240,"path_taken":["M","$","M","?","?","R","?","E","T","R","?","M","R","?","R","BOSS","M","M","M","$","M","R","?","?","T","M","M","?","R","M","R","BOSS","M","?","?","M","$","R","M","E"],"build_version":"2019-01-23","purchased_purges":2,"victory":false,"max_hp_per_floor":[66,66,66,66,66,66,66,66,66,66,66,66,66,66,66,66,66,66,66,66,66,66,66,66,66,66,66,66,66,66,66,66,66,66,66,66,66,66,66,66,66,66],"card_choices":[{"not_picked":["Dagger Spray","Deadly Poison"],"picked":"Backflip","floor":1.0},{"not_picked":["Riddle With Holes","Flying Knee"],"picked":"Venomology","floor":3.0},{"not_picked":["Underhanded Strike","Acrobatics"],"picked":"Dodge and Roll","floor":7.0},{"not_picked":["Flying Knee","Bouncing Flask"],"picked":"Cloak And Dagger","floor":8.0},{"not_picked":["Underhanded Strike","Poisoned Stab"],"picked":"Backflip+1","floor":12.0},{"not_picked":["Prepared+1","Bane"],"picked":"Well Laid Plans","floor":14.0},{"not_picked":["Storm of Steel+1","Glass Knife"],"picked":"Burst+1","floor":16.0},{"not_picked":[],"picked":"Cloak And Dagger+1","floor":18.0},{"not_picked":[],"picked":"All Out Attack","floor":19.0},{"not_picked":[],"picked":"Caltrops","floor":20.0},{"not_picked":["Slice"],"picked":"SKIP","floor":22.0},{"not_picked":[],"picked":"Cloak And Dagger+1","floor":27.0},{"not_picked":[],"picked":"Flying Knee","floor":28.0},{"not_picked":[],"picked":"Riddle With Holes","floor":31.0},{"not_picked":[],"picked":"Wraith Form v2","floor":33.0},{"not_picked":[],"picked":"Cloak And Dagger+1","floor":35},{"not_picked":[],"picked":"Quick Slash","floor":36},{"not_picked":["Setup+1"],"picked":"SKIP","floor":38},{"not_picked":[],"picked":"Setup+1","floor":38},{"not_picked":[],"picked":"Underhanded Strike+1","floor":41}],"player_experience":1029697,"relics_obtained":[{"floor":8.0,"key":"Letter Opener"},{"floor":9.0,"key":"Toxic Egg 2"},{"floor":14.0,"key":"Odd Mushroom"},{"floor":26.0,"key":"Kunai"}],"event_choices":[{"cards_removed":["Strike_G"],"damage_healed":0.0,"max_hp_gain":0.0,"max_hp_loss":0.0,"gold_gain":0.0,"event_name":"Golden Wing","player_choice":"Card Removal","floor":4.0,"gold_loss":0.0,"damage_taken":7.0},{"damage_healed":0.0,"max_hp_gain":0.0,"max_hp_loss":0.0,"gold_gain":0.0,"event_name":"Match and Keep!","player_choice":"3 cards matched","floor":5.0,"gold_loss":0.0,"damage_taken":0.0,"cards_obtained":["Discovery","Tactician","Doppelganger"]},{"damage_healed":0.0,"max_hp_gain":0.0,"max_hp_loss":0.0,"gold_gain":0.0,"event_name":"Shining Light","player_choice":"Entered Light","floor":11.0,"gold_loss":0.0,"damage_taken":13.0,"cards_upgraded":["Strike_G","Tactician"]},{"damage_healed":0.0,"max_hp_gain":0.0,"max_hp_loss":0.0,"gold_gain":0.0,"event_name":"Mushrooms","player_choice":"Fought Mushrooms","floor":14.0,"gold_loss":0.0,"damage_taken":0.0},{"damage_healed":0.0,"max_hp_gain":0.0,"max_hp_loss":0.0,"gold_gain":0.0,"cards_transformed":["Strike_G","Strike_G"],"event_name":"Drug Dealer","player_choice":"Became Test Subject","floor":24.0,"gold_loss":0.0,"damage_taken":0.0,"cards_obtained":["Flechettes","Backstab"]},{"damage_healed":0.0,"max_hp_gain":0.0,"max_hp_loss":0.0,"gold_gain":0.0,"event_name":"Beggar","player_choice":"Ignored","floor":25.0,"gold_loss":0.0,"damage_taken":0.0},{"damage_healed":0.0,"max_hp_gain":0.0,"max_hp_loss":0.0,"gold_gain":0.0,"event_name":"N\u0027loth","player_choice":"Ignored","floor":29.0,"gold_loss":0.0,"damage_taken":0.0}],"is_beta":false,"boss_relics":[{"not_picked":["Astrolabe","Cursed Key"],"picked":"Busted Crown"},{"not_picked":["White Beast Statue","Fusion Hammer"],"picked":"Empty Cage"}],"items_purged_floors":[2,37],"is_endless":false,"potions_floor_spawned":[3,12,16,19,20,28,31,35],"killed_by":"Nemesis","ascension_level":14}