{"gold_per_floor":[116,116,116,129,129,162,173,173,253,268,295,47,47,88,88,88],"floor_reached":16,"playtime":790,"items_purged":["Strike_R"],"score":272,"play_id":"110e5a02-e400-45ae-98d1-b13b766b7071","local_time":"20190807180442","is_ascension_mode":true,"campfire_choices":[{"data":"Flex","floor":8,"key":"SMITH"},{"data":"Spot Weakness","floor":15,"key":"SMITH"}],"neow_cost":"NONE","seed_source_timestamp":435852021696600,"circlet_count":0,"master_deck":["AscendersBane","Strike_R","Strike_R","Strike_R","Strike_R","Defend_R","Defend_R","Defend_R","Defend_R","Bash+1","Body Slam+1","Flex+1","Spot Weakness+1","Shrug It Off","Battle Trance","Clothesline+1","Injury","Shrug It Off"],"relics":["Burning Blood","NeowsBlessing","Boot","Self Forming Clay","Molten Egg 2","Potion Belt","Golden Idol","Pear"],"potions_floor_usage":[14,16,16,16,16,16,16],"damage_taken":[{"damage":0,"enemies":"Small Slimes","floor":1,"turns":1},{"damage":0,"enemies":"Cultist","floor":4,"turns":1},{"damage":0,"enemies":"Lagavulin","floor":6,"turns":1},{"damage":8,"enemies":"2 Louse","floor":7,"turns":2},{"damage":19,"enemies":"Exordium Thugs","floor":10,"turns":4},{"damage":19,"enemies":"3 Sentries","floor":11,"turns":9},{"damage":50,"enemies":"Gremlin Nob","floor":14,"turns":5},{"damage":36,"enemies":"Slime Boss","floor":16,"turns":5}],"seed_played":"-376062162960328335","potions_obtained":[{"floor":6,"key":"LiquidBronze"},{"floor":11,"key":"BloodPotion"},{"floor":14,"key":"EntropicBrew"}],"is_trial":false,"path_per_floor":["M","?","$","M","?","E","M","R","T","M","E","$","?","E","R","B"],"character_chosen":"IRONCLAD","items_purchased":["Potion Belt"],"campfire_rested":0,"item_purchase_floors":[12],"current_hp_per_floor":[74,74,74,75,75,75,73,73,73,60,47,47,47,31,31,0],"gold":88,"neow_bonus":"THREE_ENEMY_KILL","is_prod":false,"is_daily":false,"chose_seed":false,"campfire_upgraded":2,"win_rate":0,"timestamp":1565193882,"path_taken":["M","?","$","?","?","E","?","R","T","M","E","$","?","E","R","BOSS"],"build_version":"2019-07-17","purchased_purges":1,"victory":false,"max_hp_per_floor":[75,75,75,75,75,75,75,75,75,75,75,75,75,85,85,85],"card_choices":[{"not_picked":["Twin Strike","Pummel"],"picked":"Body Slam","floor":1},{"not_picked":["Pummel","Wild Strike"],"picked":"Flex","floor":4},{"not_picked":["Double Tap","Clash"],"picked":"Spot Weakness","floor":6},{"not_picked":["Carnage","Power Through"],"picked":"Shrug It Off","floor":7},{"not_picked":["Fire Breathing","Warcry"],"picked":"Battle Trance","floor":10},{"not_picked":["Combust","Sword Boomerang"],"picked":"Clothesline","floor":11},{"not_picked":["Wild Strike+1","Fire Breathing"],"picked":"Shrug It Off","floor":14}],"player_experience":1797683,"relics_obtained":[{"floor":6,"key":"Boot"},{"floor":9,"key":"Self Forming Clay"},{"floor":11,"key":"Molten Egg 2"},{"floor":14,"key":"Pear"}],"event_choices":[{"damage_healed":0,"gold_gain":0,"player_choice":"Upgraded","damage_taken":0,"max_hp_gain":0,"max_hp_loss":0,"event_name":"Upgrade Shrine","floor":2,"gold_loss":0,"cards_upgraded":["Bash"]},{"damage_healed":0,"gold_gain":0,"player_choice":"Forge","damage_taken":0,"max_hp_gain":0,"max_hp_loss":0,"event_name":"Accursed Blacksmith","floor":5,"gold_loss":0,"cards_upgraded":["Body Slam"]},{"damage_healed":0,"gold_gain":0,"player_choice":"Take Wound","damage_taken":0,"relics_obtained":["Golden Idol"],"max_hp_gain":0,"max_hp_loss":0,"event_name":"Golden Idol","floor":13,"gold_loss":0,"cards_obtained":["Injury"]}],"is_beta":false,"boss_relics":[],"items_purged_floors":[12],"is_endless":false,"potions_floor_spawned":[6,11,14],"killed_by":"Slime Boss","ascension_level":18}