{"gold_per_floor":[109,30,46,96,107,107,123,150,173,186,197,197,85,110,110,184,184,194,211,16,29,58,58,89,89,89,89,116,132,149,149],"floor_reached":31,"playtime":1544,"items_purged":["Strike_B","Strike_B"],"score":574,"play_id":"90fc6b17-444c-4950-b87c-e86d91781089","local_time":"20190801212218","is_ascension_mode":true,"campfire_choices":[{"data":"Defragment","floor":6.0,"key":"SMITH"},{"floor":12.0,"key":"REST"},{"floor":15.0,"key":"REST"},{"floor":23,"key":"REST"},{"floor":25,"key":"REST"},{"data":"Zap","floor":27,"key":"SMITH"}],"neow_cost":"NONE","seed_source_timestamp":0,"circlet_count":0,"master_deck":["AscendersBane","Strike_B","Strike_B","Defend_B","Defend_B","Defend_B","Defend_B","Zap+1","Dualcast","All For One","FTL","Undo","Hologram","Defragment+1","Chill","Gash","Coolheaded","Ball Lightning","Defragment","Gash","Core Surge","Conserve Battery","Compile Driver","Finesse","Gash","All For One","Reprogram","Go for the Eyes","Cold Snap"],"special_seed":0,"relics":["Cracked Core","Anchor","Bag of Marbles","Juzu Bracelet","Sozu","Red Mask","Peace Pipe","Blue Candle","Potion Belt"],"potions_floor_usage":[],"damage_taken":[{"damage":29.0,"enemies":"Jaw Worm","floor":1.0,"turns":4.0},{"damage":0.0,"enemies":"Cultist","floor":3.0,"turns":3.0},{"damage":0.0,"enemies":"2 Louse","floor":5.0,"turns":2.0},{"damage":10.0,"enemies":"Red Slaver","floor":7.0,"turns":4.0},{"damage":5.0,"enemies":"3 Sentries","floor":8.0,"turns":7.0},{"damage":7.0,"enemies":"Exordium Thugs","floor":10.0,"turns":4.0},{"damage":7.0,"enemies":"Large Slime","floor":11.0,"turns":6.0},{"damage":15.0,"enemies":"Lagavulin","floor":14.0,"turns":6.0},{"damage":18.0,"enemies":"Hexaghost","floor":16.0,"turns":9.0},{"damage":5,"enemies":"2 Thieves","floor":18,"turns":3},{"damage":1,"enemies":"3 Byrds","floor":19,"turns":5},{"damage":10,"enemies":"Centurion and Healer","floor":21,"turns":6},{"damage":15,"enemies":"Masked Bandits","floor":22,"turns":3},{"damage":31,"enemies":"Slavers","floor":24,"turns":7},{"damage":13,"enemies":"Gremlin Leader","floor":28,"turns":5},{"damage":14,"enemies":"Shelled Parasite and Fungi","floor":29,"turns":3},{"damage":10,"enemies":"Snake Plant","floor":30,"turns":5},{"damage":9,"enemies":"Sentry and Sphere","floor":31,"turns":3}],"seed_played":"-2939787140688046512","potions_obtained":[{"floor":1.0,"key":"SteroidPotion"},{"floor":5.0,"key":"Fruit Juice"},{"floor":7.0,"key":"FearPotion"}],"is_trial":false,"path_per_floor":["M","$","M","?","M","R","M","E","T","M","M","R","$","E","R","B",null,"M","M","$","M","?","R","E","R","T","R","E","M","M","M"],"character_chosen":"DEFECT","items_purchased":["Undo","Defragment","Finesse"],"campfire_rested":4,"item_purchase_floors":[2,13,20],"current_hp_per_floor":[35,35,35,35,40,40,30,25,25,18,11,33,33,18,40,22,63,58,57,57,47,32,54,23,45,45,45,32,18,8,0],"gold":149,"neow_bonus":"ONE_RANDOM_RARE_CARD","is_prod":false,"is_daily":false,"chose_seed":false,"campfire_upgraded":2,"win_rate":0,"timestamp":1564690938,"path_taken":["M","$","M","?","M","R","M","E","T","M","M","R","$","E","R","BOSS","M","M","$","M","?","R","E","R","T","R","E","M","M","M"],"build_version":"2019-07-17","purchased_purges":2,"victory":false,"max_hp_per_floor":[71,71,71,71,76,76,76,76,76,76,76,76,76,76,76,76,76,76,76,76,76,76,76,76,76,76,76,76,76,76,76],"card_choices":[{"not_picked":["Chaos","Capacitor"],"picked":"FTL","floor":1.0},{"not_picked":["Stack","Darkness"],"picked":"Hologram","floor":3.0},{"not_picked":["Heatsinks","FTL"],"picked":"Defragment","floor":5.0},{"not_picked":["Fusion","Recycle"],"picked":"Chill","floor":7.0},{"not_picked":["Compile Driver","FTL"],"picked":"Gash","floor":8.0},{"not_picked":["Rip and Tear","Storm"],"picked":"Coolheaded","floor":10.0},{"not_picked":["Steam","Compile Driver"],"picked":"Ball Lightning","floor":11.0},{"not_picked":["Beam Cell","Self Repair"],"picked":"Gash","floor":14.0},{"not_picked":["Multi-Cast","Seek"],"picked":"Core Surge","floor":16.0},{"not_picked":["Redo","FTL"],"picked":"Conserve Battery","floor":18},{"not_picked":["Static Discharge","Steam"],"picked":"Compile Driver","floor":19},{"not_picked":["Leap+1","Sweeping Beam+1"],"picked":"Gash","floor":21},{"not_picked":["Turbo","Blizzard"],"picked":"All For One","floor":22},{"not_picked":["Core Surge","Barrage+1"],"picked":"Reprogram","floor":24},{"not_picked":["Barrage","Leap"],"picked":"Go for the Eyes","floor":28},{"not_picked":["Sweeping Beam+1","Defragment","Chaos"],"picked":"SKIP","floor":29},{"not_picked":["Ball Lightning","Rip and Tear"],"picked":"Cold Snap","floor":30}],"player_experience":1192424,"relics_obtained":[{"floor":8.0,"key":"Anchor"},{"floor":9.0,"key":"Bag of Marbles"},{"floor":14.0,"key":"Juzu Bracelet"},{"floor":22,"key":"Red Mask"},{"floor":24,"key":"Peace Pipe"},{"floor":26,"key":"Blue Candle"},{"floor":28,"key":"Potion Belt"}],"event_choices":[{"damage_healed":0.0,"max_hp_gain":0.0,"max_hp_loss":0.0,"gold_gain":50.0,"event_name":"Golden Shrine","player_choice":"Pray","floor":4.0,"gold_loss":0.0,"damage_taken":0.0},{"damage_healed":0,"gold_gain":0,"player_choice":"Fought Bandits","damage_taken":0,"max_hp_gain":0,"max_hp_loss":0,"event_name":"Masked Bandits","floor":22,"gold_loss":0}],"is_beta":false,"boss_relics":[{"not_picked":["Velvet Choker","Runic Dome"],"picked":"Sozu"}],"items_purged_floors":[13,20],"is_endless":false,"potions_floor_spawned":[1,5,7,10,19,29,30],"killed_by":"Sentry and Sphere","ascension_level":20}