{"gold_per_floor":[115,129,54,72,72,72,107,107,181,201,211,241,241,259,259,331,331,307,307,307,307,325,325,339,339,411,91,122,122,134,154,154,154],"floor_reached":33,"playtime":1898,"items_purged":["Strike_B","Chaos"],"score":494,"play_id":"9b5d9476-8419-45b3-b077-45b3c8bbc37a","local_time":"20190821112414","is_ascension_mode":true,"campfire_choices":[{"data":"Coolheaded","floor":6.0,"key":"SMITH"},{"data":"Go for the Eyes","floor":8.0,"key":"SMITH"},{"floor":13,"key":"REST"},{"data":"Consume","floor":15,"key":"SMITH"},{"data":"Seek","floor":23,"key":"SMITH"},{"floor":25,"key":"REST"},{"data":"Dualcast","floor":29,"key":"SMITH"},{"floor":32,"key":"REST"}],"neow_cost":"NONE","seed_source_timestamp":1010259912211245,"circlet_count":0,"master_deck":["AscendersBane","Defend_B","Defend_B","Defend_B","Defend_B","Zap","Dualcast+1","Go for the Eyes+1","Coolheaded+1","Consume+1","Seek+1","Cold Snap","Coolheaded","Chill","Capacitor"],"special_seed":0,"relics":["Inserter","Vajra","Ornamental Fan","Nuclear Battery","Mercury Hourglass","Mummified Hand","Blood Vial","Omamori"],"potions_floor_usage":[16,24,24],"damage_taken":[{"damage":2.0,"enemies":"Cultist","floor":1.0,"turns":4.0},{"damage":7.0,"enemies":"Small Slimes","floor":2.0,"turns":4.0},{"damage":4.0,"enemies":"Jaw Worm","floor":4.0,"turns":5.0},{"damage":38.0,"enemies":"Lagavulin","floor":7.0,"turns":10.0},{"damage":11.0,"enemies":"3 Louse","floor":10.0,"turns":4.0},{"damage":0.0,"enemies":"Blue Slaver","floor":11.0,"turns":5.0},{"damage":4,"enemies":"2 Fungi Beasts","floor":14,"turns":7},{"damage":15,"enemies":"The Guardian","floor":16,"turns":12},{"damage":19,"enemies":"2 Thieves","floor":18,"turns":5},{"damage":5,"enemies":"Shell Parasite","floor":22,"turns":7},{"damage":13,"enemies":"Cultist and Chosen","floor":24,"turns":8},{"damage":29,"enemies":"Gremlin Leader","floor":28,"turns":12},{"damage":4,"enemies":"Centurion and Healer","floor":30,"turns":8},{"damage":8,"enemies":"Shelled Parasite and Fungi","floor":31,"turns":7},{"damage":26,"enemies":"Automaton","floor":33,"turns":12}],"seed_played":"2691909260180987097","potions_obtained":[{"floor":2.0,"key":"AttackPotion"},{"floor":10.0,"key":"EntropicBrew"},{"floor":14,"key":"Explosive Potion"},{"floor":16,"key":"FocusPotion"},{"floor":22,"key":"Weak Potion"}],"is_trial":false,"path_per_floor":["M","M","$","M","?","R","E","R","T","M","M","?","R","M","R","B",null,"M","?","?","T","M","R","M","R","T","$","E","R","M","M","R","B"],"character_chosen":"DEFECT","items_purchased":["Coolheaded","Blood Vial"],"campfire_rested":3,"item_purchase_floors":[27,27],"current_hp_per_floor":[62,55,55,51,51,51,13,13,13,2,2,2,23,19,19,4,54,35,35,35,35,30,30,17,38,38,38,11,11,9,3,24,0],"gold":154,"neow_bonus":"BOSS_RELIC","is_prod":false,"is_daily":false,"chose_seed":false,"campfire_upgraded":5,"win_rate":0,"timestamp":1566411854,"path_taken":["M","?","?","M","?","R","E","R","T","M","M","?","R","M","R","BOSS","M","?","?","?","M","R","M","R","T","$","E","R","M","M","R","BOSS"],"build_version":"2019-07-17","purchased_purges":2,"victory":false,"max_hp_per_floor":[71,71,71,71,71,71,71,71,71,71,71,71,71,71,71,71,71,71,71,71,71,71,71,71,71,71,71,71,71,71,71,71,71],"card_choices":[{"not_picked":["Steam","Streamline"],"picked":"Go for the Eyes","floor":1.0},{"not_picked":["Conserve Battery","Darkness","Ball Lightning"],"picked":"SKIP","floor":2.0},{"not_picked":["Turbo","Ball Lightning"],"picked":"Coolheaded","floor":4.0},{"not_picked":["Loop","Tempest","Force Field"],"picked":"SKIP","floor":7.0},{"not_picked":["Rebound","Sweeping Beam"],"picked":"Consume","floor":10.0},{"not_picked":["Redo","Rip and Tear","Rebound"],"picked":"SKIP","floor":11.0},{"not_picked":["Ball Lightning","Compile Driver","Leap"],"picked":"SKIP","floor":14},{"not_picked":["Fission","Creative AI"],"picked":"Seek","floor":16},{"not_picked":["Compile Driver+1","Streamline+1","Stack"],"picked":"SKIP","floor":18},{"not_picked":["Storm","Beam Cell","Recycle"],"picked":"SKIP","floor":22},{"not_picked":["Sweeping Beam","Go for the Eyes","Cold Snap"],"picked":"SKIP","floor":24},{"not_picked":["Tempest","Beam Cell"],"picked":"Chill","floor":28},{"not_picked":["Steam Power","Coolheaded"],"picked":"Capacitor","floor":30},{"not_picked":["White Noise+1","Coolheaded","Sweeping Beam"],"picked":"SKIP","floor":31}],"player_experience":177711,"relics_obtained":[{"floor":7.0,"key":"Vajra"},{"floor":9.0,"key":"Ornamental Fan"},{"floor":21,"key":"Mercury Hourglass"},{"floor":26,"key":"Mummified Hand"},{"floor":28,"key":"Omamori"}],"event_choices":[{"cards_removed":["Strike_B"],"damage_healed":0.0,"max_hp_gain":0.0,"max_hp_loss":0.0,"gold_gain":0.0,"event_name":"Living Wall","player_choice":"Forget","floor":5.0,"gold_loss":0.0,"damage_taken":0.0},{"damage_healed":0,"gold_gain":30,"player_choice":"Searched \u00272\u0027 times","damage_taken":0,"max_hp_gain":0,"max_hp_loss":0,"event_name":"Dead Adventurer","floor":12,"gold_loss":0},{"damage_healed":0,"gold_gain":0,"cards_transformed":["Strike_B","Strike_B"],"player_choice":"Became Test Subject","damage_taken":0,"max_hp_gain":0,"max_hp_loss":0,"event_name":"Drug Dealer","floor":19,"gold_loss":0,"cards_obtained":["Cold Snap","Chaos"]},{"damage_healed":0,"gold_gain":0,"player_choice":"Ignored","damage_taken":0,"max_hp_gain":0,"max_hp_loss":0,"event_name":"Vampires","floor":20,"gold_loss":0}],"is_beta":false,"boss_relics":[{"not_picked":["Runic Dome","Philosopher\u0027s Stone"],"picked":"Nuclear Battery"}],"items_purged_floors":[3,27],"is_endless":false,"potions_floor_spawned":[2,10,14,16,22],"killed_by":"Automaton","ascension_level":17}