{"gold_per_floor":[119,131,131,150,160,160,189,202,202,202,202,68,68,68,68,142,142,159,159,159,178,178],"floor_reached":22,"playtime":901,"items_purged":["Strike_R"],"score":331,"play_id":"3f9b92ed-264a-428e-9324-836505e89d45","local_time":"20190520051628","is_ascension_mode":true,"campfire_choices":[{"data":"True Grit","floor":6,"key":"SMITH"},{"floor":13,"key":"REST"},{"data":"Whirlwind","floor":15,"key":"SMITH"}],"neow_cost":"NONE","seed_source_timestamp":539904189786499,"circlet_count":0,"master_deck":["AscendersBane","Defend_R","Defend_R","Defend_R","Bash","Spot Weakness","Anger","Clash","Impervious","Rage","True Grit+1","Whirlwind+1","Thunderclap","Headbutt+1","Barricade","Ghostly Armor+1","Flex+1","Clothesline+1","Clash+1","Second Wind","Ghostly","Ghostly","Ghostly","Corruption+1"],"relics":["Burning Blood","Darkstone Periapt","Molten Egg 2","Astrolabe"],"potions_floor_usage":[2,7,7],"damage_taken":[{"damage":15,"enemies":"Cultist","floor":1,"turns":5},{"damage":8,"enemies":"Small Slimes","floor":2,"turns":3},{"damage":0,"enemies":"2 Louse","floor":4,"turns":3},{"damage":11,"enemies":"Blue Slaver","floor":5,"turns":4},{"damage":22,"enemies":"3 Sentries","floor":7,"turns":10},{"damage":17,"enemies":"Exordium Wildlife","floor":8,"turns":4},{"damage":22,"enemies":"Slime Boss","floor":16,"turns":11},{"damage":24,"enemies":"2 Thieves","floor":18,"turns":4},{"damage":22,"enemies":"Shell Parasite","floor":21,"turns":8},{"damage":24,"enemies":"Centurion and Healer","floor":22,"turns":7}],"seed_played":"-1880793367077001695","potions_obtained":[{"floor":1,"key":"EssenceOfSteel"},{"floor":2,"key":"FearPotion"},{"floor":5,"key":"EssenceOfSteel"},{"floor":7,"key":"Ancient Potion"}],"is_trial":false,"path_per_floor":["M","M","?","M","M","R","E","M","T","?","?","$","R","$","R","B",null,"M","?","?","M","M"],"character_chosen":"IRONCLAD","items_purchased":["Headbutt+1"],"campfire_rested":1,"item_purchase_floors":[12],"current_hp_per_floor":[59,57,57,63,58,58,42,31,31,24,29,29,53,53,53,37,69,51,51,40,24,0],"gold":178,"neow_bonus":"THREE_CARDS","is_prod":false,"is_daily":false,"chose_seed":false,"campfire_upgraded":2,"win_rate":0,"timestamp":1558322188,"path_taken":["M","?","?","M","M","R","E","M","T","?","?","$","R","$","R","BOSS","M","?","?","M","M"],"build_version":"2019-01-23","purchased_purges":1,"victory":false,"max_hp_per_floor":[75,75,75,75,75,75,75,75,75,75,80,80,80,80,80,80,80,80,80,40,40,40],"card_choices":[{"not_picked":["Body Slam","Sword Boomerang"],"picked":"Spot Weakness","floor":0},{"not_picked":["Battle Trance","Second Wind"],"picked":"Anger","floor":1},{"not_picked":["Sword Boomerang","Sentinel"],"picked":"Clash","floor":2},{"not_picked":["Pommel Strike","Cleave"],"picked":"Rage","floor":4},{"not_picked":["Heavy Blade","Combust"],"picked":"True Grit","floor":5},{"not_picked":["Dark Embrace","Armaments"],"picked":"Whirlwind","floor":7},{"not_picked":["Clothesline","Combust"],"picked":"Thunderclap","floor":8},{"not_picked":["Exhume","Immolate+1"],"picked":"Barricade","floor":16},{"not_picked":["Searing Blow+1","Cleave+1"],"picked":"Clash+1","floor":18},{"not_picked":["Wild Strike+1","Spot Weakness"],"picked":"Corruption+1","floor":21}],"player_experience":1173964,"relics_obtained":[{"floor":7,"key":"Darkstone Periapt"},{"floor":9,"key":"Molten Egg 2"}],"event_choices":[{"damage_healed":0,"gold_gain":0,"cards_transformed":["Strike_R"],"player_choice":"Change","damage_taken":0,"max_hp_gain":0,"max_hp_loss":0,"event_name":"Living Wall","floor":3,"gold_loss":0,"cards_obtained":["Impervious"]},{"cards_removed":["Strike_R"],"damage_healed":0,"gold_gain":0,"player_choice":"Card Removal","damage_taken":7,"max_hp_gain":0,"max_hp_loss":0,"event_name":"Golden Wing","floor":10,"gold_loss":0},{"damage_healed":0,"gold_gain":0,"player_choice":"Donut","damage_taken":0,"max_hp_gain":5,"max_hp_loss":0,"event_name":"Big Fish","floor":11,"gold_loss":0},{"damage_healed":0,"gold_gain":0,"player_choice":"Read","damage_taken":0,"max_hp_gain":0,"max_hp_loss":0,"event_name":"The Library","floor":19,"gold_loss":0,"cards_obtained":["Second Wind"]},{"damage_healed":0,"gold_gain":0,"player_choice":"Became a Ghost","damage_taken":0,"max_hp_gain":0,"max_hp_loss":40,"event_name":"Ghosts","floor":20,"gold_loss":0,"cards_obtained":["Ghostly","Ghostly","Ghostly"]}],"is_beta":false,"boss_relics":[{"not_picked":["Pandora\u0027s Box","Velvet Choker"],"picked":"Astrolabe"}],"items_purged_floors":[12],"is_endless":false,"potions_floor_spawned":[1,2,5,7],"killed_by":"Centurion and Healer","ascension_level":16}