{"gold_per_floor":[113,126,39,55,55,55,55,65,65,98,113,113,113,131,131,205,205,219,144,144],"floor_reached":20,"playtime":666,"items_purged":[],"score":331,"play_id":"649148e4-e148-4efe-b18e-2b511e4cbce0","local_time":"20190901015256","is_ascension_mode":true,"campfire_choices":[{"data":"Zap","floor":6,"key":"SMITH"},{"floor":12,"key":"REST"},{"data":"Echo Form","floor":15,"key":"SMITH"}],"neow_cost":"NONE","seed_source_timestamp":97688425939000,"circlet_count":0,"master_deck":["AscendersBane","Defend_B","Defend_B","Defend_B","Zap+1","Dualcast","Gash","Ball Lightning","Loop","Echo Form+1","Glacier","Leap","Sunder","Stack","Electrodynamics","FTL+1","Force Field+1","Reprogram+1","Coolheaded+1"],"relics":["Cracked Core","Shuriken","Potion Belt","Bottled Tornado","Astrolabe"],"potions_floor_usage":[10,10,16],"damage_taken":[{"damage":1,"enemies":"Cultist","floor":1,"turns":3},{"damage":4,"enemies":"Small Slimes","floor":2,"turns":3},{"damage":7,"enemies":"Jaw Worm","floor":4,"turns":3},{"damage":2,"enemies":"2 Fungi Beasts","floor":8,"turns":3},{"damage":39,"enemies":"Gremlin Nob","floor":10,"turns":5},{"damage":6,"enemies":"3 Louse","floor":11,"turns":3},{"damage":12,"enemies":"Exordium Wildlife","floor":14,"turns":3},{"damage":12,"enemies":"Hexaghost","floor":16,"turns":9},{"damage":59,"enemies":"Shell Parasite","floor":18,"turns":12},{"damage":2,"enemies":"Chosen","floor":20,"turns":3}],"seed_played":"-1854641620081405751","potions_obtained":[{"floor":1,"key":"Poison Potion"},{"floor":8,"key":"Weak Potion"},{"floor":11,"key":"AttackPotion"}],"is_trial":false,"path_per_floor":["M","M","$","M","?","R","T","M","T","E","M","R","$","M","R","B",null,"M","?","M"],"character_chosen":"DEFECT","items_purchased":["Loop"],"campfire_rested":1,"item_purchase_floors":[3],"current_hp_per_floor":[70,66,66,59,52,52,52,50,50,11,5,28,28,16,16,4,60,1,1,0],"gold":144,"neow_bonus":"TEN_PERCENT_HP_BONUS","is_prod":false,"is_daily":false,"chose_seed":false,"campfire_upgraded":2,"win_rate":0,"timestamp":1567295576,"path_taken":["M","M","?","M","?","R","?","M","T","E","M","R","$","M","R","BOSS","M","?","M"],"build_version":"2019-07-17","purchased_purges":0,"victory":false,"max_hp_per_floor":[78,78,78,78,78,78,78,78,78,78,78,78,78,78,78,78,78,78,78,78],"card_choices":[{"not_picked":["Conserve Battery","Beam Cell"],"picked":"Gash","floor":1},{"not_picked":["Hologram","Sweeping Beam"],"picked":"Ball Lightning","floor":2},{"not_picked":["Defragment","Coolheaded"],"picked":"Echo Form","floor":4},{"not_picked":["Steam","Redo"],"picked":"Glacier","floor":8},{"not_picked":["Seek","Rip and Tear"],"picked":"Leap","floor":10},{"not_picked":["Leap","Tempest"],"picked":"Sunder","floor":11},{"not_picked":["Ball Lightning","Recycle"],"picked":"Stack","floor":14},{"not_picked":["Core Surge","Hyperbeam"],"picked":"Electrodynamics","floor":16},{"not_picked":["Aggregate","Steam Power"],"picked":"Coolheaded+1","floor":18}],"player_experience":1983158,"relics_obtained":[{"floor":7,"key":"Shuriken"},{"floor":9,"key":"Potion Belt"},{"floor":10,"key":"Bottled Tornado"}],"event_choices":[{"cards_removed":["Strike_B"],"damage_healed":0,"gold_gain":0,"player_choice":"Card Removal","damage_taken":7,"max_hp_gain":0,"max_hp_loss":0,"event_name":"Golden Wing","floor":5,"gold_loss":0},{"cards_removed":["Defend_B"],"damage_healed":0,"gold_gain":0,"player_choice":"Gave Gold","damage_taken":0,"max_hp_gain":0,"max_hp_loss":0,"event_name":"Beggar","floor":19,"gold_loss":75}],"is_beta":false,"boss_relics":[{"not_picked":["Philosopher\u0027s Stone","FrozenCore"],"picked":"Astrolabe"}],"items_purged_floors":[],"is_endless":false,"potions_floor_spawned":[1,8,11],"killed_by":"Chosen","ascension_level":18}