{"gold_per_floor":[113,188,212,48,62,62,88,100,112,150,162,185,197,179,191,279,291,314,291,303,315,327,339],"floor_reached":23,"playtime":875,"items_purged":["Strike_G"],"score":396,"play_id":"d9c12657-f17d-430f-91b3-ca4b36585551","local_time":"20190613052156","is_ascension_mode":true,"campfire_choices":[{"data":"Neutralize","floor":6,"key":"SMITH"},{"data":"Footwork","floor":8,"key":"SMITH"},{"data":"After Image","floor":13,"key":"SMITH"},{"floor":15,"key":"REST"}],"neow_cost":"NONE","seed_source_timestamp":104257828248100,"circlet_count":0,"master_deck":["AscendersBane","Defend_G+1","Defend_G+1","Defend_G+1","Defend_G+1","Defend_G+1","Strike_G+1","Strike_G+1","Strike_G+1","Survivor","Neutralize+1","Backstab","Footwork+1","Leg Sweep","Deadly Poison","After Image+1","A Thousand Cuts","Poisoned Stab+1","Dagger Throw","Reflex","Blur","Ghostly","Ghostly","Ghostly"],"relics":["Ring of the Snake","NeowsBlessing","Potion Belt","MawBank","Kunai","Pantograph","Ice Cream","Runic Pyramid"],"potions_floor_usage":[10,14,16,16],"damage_taken":[{"damage":0,"enemies":"Small Slimes","floor":1,"turns":1},{"damage":0,"enemies":"Jaw Worm","floor":5,"turns":1},{"damage":0,"enemies":"Gremlin Nob","floor":7,"turns":1},{"damage":27,"enemies":"Lagavulin","floor":10,"turns":12},{"damage":0,"enemies":"Cultist","floor":12,"turns":4},{"damage":65,"enemies":"Slime Boss","floor":16,"turns":26},{"damage":15,"enemies":"Shell Parasite","floor":18,"turns":9},{"damage":18,"enemies":"2 Thieves","floor":19,"turns":5},{"damage":28,"enemies":"Gremlin Leader","floor":23,"turns":6}],"seed_played":"2543625815233304942","potions_obtained":[{"floor":7,"key":"SkillPotion"},{"floor":12,"key":"Poison Potion"},{"floor":14,"key":"SneckoOil"},{"floor":14,"key":"Fruit Juice"}],"is_trial":false,"path_per_floor":["M","?","T","$","M","R","E","R","T","E","T","M","R","?","R","B",null,"M","M","?","?","?","E"],"character_chosen":"THE_SILENT","items_purchased":["Footwork"],"campfire_rested":1,"item_purchase_floors":[4],"current_hp_per_floor":[59,48,48,48,48,48,48,48,48,21,21,21,21,26,47,6,55,40,22,22,22,22,0],"gold":339,"neow_bonus":"THREE_ENEMY_KILL","is_prod":false,"is_daily":false,"chose_seed":false,"campfire_upgraded":3,"win_rate":0,"timestamp":1560396116,"path_taken":["M","?","?","$","?","R","E","R","T","E","?","M","R","?","R","BOSS","M","M","?","?","?","E"],"build_version":"2019-01-23","purchased_purges":1,"victory":false,"max_hp_per_floor":[66,66,66,66,66,66,66,66,66,66,66,66,66,71,71,71,71,71,71,71,71,35,35],"card_choices":[{"not_picked":["Poisoned Stab","Dagger Throw"],"picked":"Backstab","floor":1},{"not_picked":["Dodge and Roll","Concentrate"],"picked":"Leg Sweep","floor":5},{"not_picked":["Sucker Punch","Dagger Spray"],"picked":"Deadly Poison","floor":7},{"not_picked":["Escape Plan","Dagger Throw"],"picked":"After Image","floor":10},{"not_picked":["Bane","Underhanded Strike"],"picked":"Choke","floor":12},{"not_picked":["Wraith Form v2","Burst"],"picked":"A Thousand Cuts","floor":16},{"not_picked":["Underhanded Strike","Flying Knee"],"picked":"Poisoned Stab+1","floor":18},{"not_picked":["Sucker Punch","Bane"],"picked":"Dagger Throw","floor":19}],"player_experience":1320919,"relics_obtained":[{"floor":3,"key":"Potion Belt"},{"floor":7,"key":"MawBank"},{"floor":9,"key":"Kunai"},{"floor":10,"key":"Pantograph"},{"floor":11,"key":"Ice Cream"}],"event_choices":[{"damage_healed":0,"gold_gain":75,"player_choice":"Gather Gold","damage_taken":11,"max_hp_gain":0,"max_hp_loss":0,"event_name":"World of Goop","floor":2,"gold_loss":0},{"damage_healed":0,"gold_gain":0,"player_choice":"Bought 2 Potions","damage_taken":0,"max_hp_gain":0,"max_hp_loss":0,"event_name":"The Woman in Blue","floor":14,"gold_loss":0},{"damage_healed":0,"gold_gain":0,"player_choice":"Simplicity","damage_taken":0,"max_hp_gain":0,"max_hp_loss":0,"event_name":"Back to Basics","floor":20,"gold_loss":0,"cards_upgraded":["Defend_G","Defend_G","Defend_G","Defend_G","Defend_G","Strike_G","Strike_G","Strike_G","Strike_G"]},{"damage_healed":0,"gold_gain":0,"cards_transformed":["Choke","Strike_G"],"player_choice":"Became Test Subject","damage_taken":0,"max_hp_gain":0,"max_hp_loss":0,"event_name":"Drug Dealer","floor":21,"gold_loss":0,"cards_obtained":["Reflex","Blur"]},{"damage_healed":0,"gold_gain":0,"player_choice":"Became a Ghost","damage_taken":0,"max_hp_gain":0,"max_hp_loss":36,"event_name":"Ghosts","floor":22,"gold_loss":0,"cards_obtained":["Ghostly","Ghostly","Ghostly"]}],"is_beta":false,"boss_relics":[{"not_picked":["HoveringKite","Fusion Hammer"],"picked":"Runic Pyramid"}],"items_purged_floors":[4],"is_endless":false,"potions_floor_spawned":[7,12],"killed_by":"Gremlin Leader","ascension_level":16}