{"gold_per_floor":[115,165,183,200,211,211,246,246,269,281,293,305,330,342,354,366],"floor_reached":16,"playtime":515,"items_purged":[],"score":190,"play_id":"c9c5fa83-77df-44dc-a151-1e0ef452d316","local_time":"20191005095203","is_ascension_mode":true,"campfire_choices":[{"data":"Poisoned Stab","floor":6.0,"key":"SMITH"},{"data":"Burst","floor":8,"key":"SMITH"},{"floor":12,"key":"REST"},{"data":"Neutralize","floor":15,"key":"SMITH"}],"neow_cost":"NONE","seed_source_timestamp":66337252652261,"circlet_count":0,"master_deck":["AscendersBane","Strike_G","Strike_G","Strike_G+1","Strike_G","Strike_G","Defend_G","Defend_G+1","Defend_G","Defend_G","Defend_G","Survivor","Neutralize+1","Leg Sweep+1","Poisoned Stab+1","Quick Slash+1","Burst+1"],"special_seed":0,"relics":["Black Star","Ancient Tea Set","Whetstone","MawBank","Meat on the Bone"],"potions_floor_usage":[7,16,16],"damage_taken":[{"damage":12.0,"enemies":"Small Slimes","floor":1.0,"turns":5.0},{"damage":4.0,"enemies":"Cultist","floor":3.0,"turns":5.0},{"damage":0.0,"enemies":"Jaw Worm","floor":4.0,"turns":5.0},{"damage":7.0,"enemies":"Blue Slaver","floor":5.0,"turns":8.0},{"damage":6,"enemies":"Gremlin Nob","floor":7,"turns":3},{"damage":0,"enemies":"Red Slaver","floor":13,"turns":3},{"damage":34,"enemies":"Hexaghost","floor":16,"turns":14}],"seed_played":"3303022748482571283","potions_obtained":[{"floor":3.0,"key":"Weak Potion"},{"floor":5.0,"key":"SkillPotion"},{"floor":13,"key":"Block Potion"}],"is_trial":false,"path_per_floor":["M","?","M","M","M","R","E","R","T","$","?","R","M","T","R","B"],"character_chosen":"THE_SILENT","items_purchased":[],"campfire_rested":1,"item_purchase_floors":[],"current_hp_per_floor":[47,47,43,43,36,36,30,30,30,30,10,29,29,29,29,0],"gold":366,"neow_bonus":"BOSS_RELIC","is_prod":false,"is_daily":false,"chose_seed":false,"campfire_upgraded":3,"win_rate":0,"timestamp":1570294323,"path_taken":["M","?","M","M","?","R","E","R","T","$","?","R","M","?","R","BOSS"],"build_version":"2019-07-17","purchased_purges":0,"victory":false,"max_hp_per_floor":[66,66,66,66,66,66,66,66,66,66,66,66,66,66,66,66],"card_choices":[{"not_picked":["Bane","Dodge and Roll"],"picked":"Leg Sweep","floor":1.0},{"not_picked":["Accuracy","Cloak And Dagger"],"picked":"Poisoned Stab","floor":3.0},{"not_picked":["Finisher","Sucker Punch"],"picked":"Quick Slash","floor":4.0},{"not_picked":["Backflip","Acrobatics"],"picked":"Burst","floor":5.0},{"not_picked":["Crippling Poison","Calculated Gamble","Dodge and Roll"],"picked":"SKIP","floor":7},{"not_picked":["Concentrate","Dodge and Roll","Deflect"],"picked":"SKIP","floor":13}],"player_experience":325370,"relics_obtained":[{"floor":7,"key":"Ancient Tea Set"},{"floor":7,"key":"Whetstone"},{"floor":9,"key":"MawBank"},{"floor":14,"key":"Meat on the Bone"}],"event_choices":[{"damage_healed":0.0,"max_hp_gain":0.0,"max_hp_loss":0.0,"gold_gain":50.0,"event_name":"Golden Shrine","player_choice":"Pray","floor":2.0,"gold_loss":0.0,"damage_taken":0.0},{"damage_healed":0,"gold_gain":0,"player_choice":"Entered Light","damage_taken":20,"max_hp_gain":0,"max_hp_loss":0,"event_name":"Shining Light","floor":11,"gold_loss":0,"cards_upgraded":["Leg Sweep","Defend_G"]}],"is_beta":false,"boss_relics":[],"items_purged_floors":[],"is_endless":false,"potions_floor_spawned":[3,5,13],"killed_by":"Hexaghost","ascension_level":18}