{"gold_per_floor":[115,115,127,277,287,287,312,312,393,406,32,32,56,56],"floor_reached":14,"playtime":1023,"items_purged":["Doubt"],"score":192,"play_id":"65c10876-d838-4366-bd09-cef4866cb287","local_time":"20190705004620","is_ascension_mode":true,"campfire_choices":[{"data":"Capacitor","floor":6,"key":"SMITH"},{"data":"Apotheosis","floor":12,"key":"SMITH"}],"neow_cost":"PERCENT_DAMAGE","seed_source_timestamp":1470486769455500,"circlet_count":0,"master_deck":["AscendersBane","Strike_B","Strike_B","Strike_B","Strike_B","Defend_B","Defend_B","Defend_B","Defend_B","Zap+1","Dualcast+1","Ball Lightning","Capacitor+1","Coolheaded+1","Beam Cell","Injury","Redo","Apotheosis+1","Defragment","Rainbow"],"relics":["Cracked Core","War Paint","Golden Idol","Pantograph"],"potions_floor_usage":[3,7,14],"damage_taken":[{"damage":4,"enemies":"2 Louse","floor":1,"turns":2},{"damage":0,"enemies":"Small Slimes","floor":3,"turns":3},{"damage":1,"enemies":"Cultist","floor":5,"turns":3},{"damage":21,"enemies":"Lagavulin","floor":7,"turns":6},{"damage":5,"enemies":"2 Fungi Beasts","floor":10,"turns":4},{"damage":13,"enemies":"Red Slaver","floor":13,"turns":3},{"damage":28,"enemies":"Gremlin Nob","floor":14,"turns":3}],"seed_played":"-768603051356170021","potions_obtained":[{"floor":1,"key":"GamblersBrew"},{"floor":3,"key":"Fruit Juice"},{"floor":5,"key":"Strength Potion"},{"floor":13,"key":"SkillPotion"}],"is_trial":false,"path_per_floor":["M","?","M","?","M","R","E","?","T","M","$","R","M","E"],"character_chosen":"DEFECT","items_purchased":["Apotheosis","Defragment"],"campfire_rested":0,"item_purchase_floors":[11,11],"current_hp_per_floor":[56,56,61,61,60,60,39,39,39,34,34,34,21,0],"gold":56,"neow_bonus":"TWENTY_PERCENT_HP_BONUS","is_prod":false,"is_daily":false,"chose_seed":false,"campfire_upgraded":2,"win_rate":0,"timestamp":1562280380,"path_taken":["M","?","M","?","M","R","E","?","T","M","$","R","M","E"],"build_version":"2019-07-01","purchased_purges":1,"victory":false,"max_hp_per_floor":[85,85,90,90,90,90,90,90,90,90,90,90,90,90],"card_choices":[{"not_picked":["Recycle","Sweeping Beam"],"picked":"Ball Lightning","floor":1},{"not_picked":["Hologram","Fusion"],"picked":"Capacitor","floor":3},{"not_picked":["Turbo","Streamline"],"picked":"Coolheaded","floor":5},{"not_picked":["Rip and Tear","Rebound"],"picked":"Beam Cell","floor":7},{"not_picked":["Ball Lightning","Coolheaded"],"picked":"Redo","floor":10},{"not_picked":["Coolheaded","Reprogram"],"picked":"Rainbow","floor":13}],"player_experience":1594363,"relics_obtained":[{"floor":7,"key":"War Paint"},{"floor":9,"key":"Pantograph"}],"event_choices":[{"damage_healed":0,"gold_gain":0,"player_choice":"Grow","damage_taken":0,"max_hp_gain":0,"max_hp_loss":0,"event_name":"Living Wall","floor":2,"gold_loss":0,"cards_upgraded":["Zap"]},{"damage_healed":0,"gold_gain":150,"player_choice":"AGREE","damage_taken":0,"max_hp_gain":0,"max_hp_loss":0,"event_name":"Liars Game","floor":4,"gold_loss":0,"cards_obtained":["Doubt"]},{"damage_healed":0,"gold_gain":0,"player_choice":"Take Wound","damage_taken":0,"relics_obtained":["Golden Idol"],"max_hp_gain":0,"max_hp_loss":0,"event_name":"Golden Idol","floor":8,"gold_loss":0,"cards_obtained":["Injury"]}],"is_beta":false,"boss_relics":[],"items_purged_floors":[11],"is_endless":false,"potions_floor_spawned":[1,3,5,13],"killed_by":"Gremlin Nob","ascension_level":17}