{"gold_per_floor":[115,88,88,100,127,139,181,193,252,214,246,277,289,311,323,335],"floor_reached":16,"playtime":529,"items_purged":[],"score":140,"play_id":"f164d17f-3ce0-434b-a097-9e70cf6875f5","local_time":"20190421004643","is_ascension_mode":true,"campfire_choices":[{"data":"Hologram","floor":6.0,"key":"SMITH"},{"data":"Zap","floor":8,"key":"SMITH"},{"data":"Hologram","floor":13,"key":"SMITH"},{"data":"Reprogram","floor":15,"key":"SMITH"}],"neow_cost":"NONE","seed_source_timestamp":957791947796170,"circlet_count":0,"master_deck":["AscendersBane","Strike_B","Strike_B","Strike_B","Defend_B","Defend_B","Defend_B","Defend_B","Zap+1","Dualcast","Hologram+1","Hologram+1","Reprogram+1"],"special_seed":0,"relics":["Lizard Tail","MawBank","Blood Vial"],"potions_floor_usage":[12,16,16],"damage_taken":[{"damage":9.0,"enemies":"2 Louse","floor":1.0,"turns":3.0},{"damage":12.0,"enemies":"Small Slimes","floor":5.0,"turns":4.0},{"damage":2,"enemies":"Jaw Worm","floor":11,"turns":4},{"damage":0,"enemies":"Red Slaver","floor":12,"turns":4},{"damage":16,"enemies":"Lots of Slimes","floor":14,"turns":4},{"damage":81,"enemies":"Slime Boss","floor":16,"turns":11}],"seed_played":"-2571066210257436444","potions_obtained":[{"floor":5.0,"key":"Energy Potion"},{"floor":11,"key":"Block Potion"},{"floor":14,"key":"Dexterity Potion"}],"is_trial":false,"path_per_floor":["M","$","?","$","M","R","?","R","T","?","M","M","R","M","R","B"],"character_chosen":"DEFECT","items_purchased":["Hologram"],"campfire_rested":0,"item_purchase_floors":[2],"current_hp_per_floor":[59,59,41,41,29,29,29,29,29,29,29,31,31,17,17,0],"gold":335,"neow_bonus":"BOSS_RELIC","is_prod":false,"is_daily":false,"chose_seed":false,"campfire_upgraded":4,"win_rate":0,"timestamp":1555832803,"path_taken":["M","$","?","$","M","R","?","R","T","?","M","M","R","M","R","BOSS"],"build_version":"2019-01-23","purchased_purges":0,"victory":false,"max_hp_per_floor":[75,75,75,75,75,75,75,75,75,75,75,75,75,75,75,75],"card_choices":[{"not_picked":["Stack","Gash","Sweeping Beam"],"picked":"SKIP","floor":1.0},{"not_picked":["Tempest","Cold Snap","Steam Power"],"picked":"SKIP","floor":5.0},{"not_picked":["Consume","Barrage","Redo"],"picked":"SKIP","floor":11},{"not_picked":["Turbo","Reprogram"],"picked":"Hologram","floor":12},{"not_picked":["Barrage","Chaos"],"picked":"Reprogram","floor":14}],"player_experience":115894,"relics_obtained":[{"floor":9,"key":"Blood Vial"}],"event_choices":[{"damage_healed":0.0,"max_hp_gain":0.0,"max_hp_loss":0.0,"gold_gain":0.0,"event_name":"Scrap Ooze","player_choice":"Success","floor":3.0,"gold_loss":0.0,"damage_taken":18.0,"relics_obtained":["MawBank"]},{"damage_healed":0,"gold_gain":30,"player_choice":"Searched \u00271\u0027 times","damage_taken":0,"max_hp_gain":0,"max_hp_loss":0,"event_name":"Dead Adventurer","floor":7,"gold_loss":0},{"cards_removed":["Strike_B"],"damage_healed":0,"gold_gain":0,"player_choice":"Card Removal","damage_taken":0,"max_hp_gain":0,"max_hp_loss":0,"event_name":"The Cleric","floor":10,"gold_loss":50}],"is_beta":false,"boss_relics":[],"items_purged_floors":[],"is_endless":false,"potions_floor_spawned":[5,11,14],"killed_by":"Slime Boss","ascension_level":11}