{"gold_per_floor":[118,68,68,68,68,68,107,125,171,346,382,15,35,49,49,174,174,198,198,189,189],"floor_reached":21,"playtime":631,"items_purged":["Doubt"],"score":299,"play_id":"2dd4503f-36f1-4b16-ac38-6ac5e8800094","local_time":"20190302204408","is_ascension_mode":true,"campfire_choices":[{"data":"Zap","floor":6,"key":"SMITH"},{"floor":15,"key":"REST"}],"neow_cost":"NONE","seed_source_timestamp":89428694129300,"circlet_count":0,"master_deck":["AscendersBane","Strike_B","Strike_B","Defend_B","Defend_B","Defend_B","Defend_B","Zap+1","Dualcast","Compile Driver","Injury","Sunder","Cold Snap","Panache","Leap","Consume","Chaos","Redo","Machine Learning","Beam Cell","Purity","Go for the Eyes"],"relics":["Cracked Core","Golden Idol","Letter Opener","DataDisk","Happy Flower","White Beast Statue"],"potions_floor_usage":[13,16,20,21],"damage_taken":[{"damage":5,"enemies":"Small Slimes","floor":1,"turns":3},{"damage":32,"enemies":"Lagavulin","floor":7,"turns":8},{"damage":2,"enemies":"Jaw Worm","floor":8,"turns":2},{"damage":18,"enemies":"Gremlin Nob","floor":11,"turns":4},{"damage":2,"enemies":"Cultist","floor":13,"turns":4},{"damage":3,"enemies":"3 Louse","floor":14,"turns":2},{"damage":36,"enemies":"The Guardian","floor":16,"turns":13},{"damage":18,"enemies":"Shell Parasite","floor":18,"turns":9},{"damage":27,"enemies":"2 Thieves","floor":20,"turns":4},{"damage":17,"enemies":"Snake Plant","floor":21,"turns":2}],"seed_played":"3999413195521953262","potions_obtained":[{"floor":7,"key":"Dexterity Potion"},{"floor":11,"key":"Regen Potion"},{"floor":13,"key":"FairyPotion"},{"floor":16,"key":"GamblersBrew"},{"floor":18,"key":"Block Potion"},{"floor":20,"key":"Weak Potion"}],"is_trial":false,"path_per_floor":["M","?","?","?","$","R","E","M","T","?","E","$","M","M","R","B",null,"M","?","M","M"],"character_chosen":"DEFECT","items_purchased":["Panache","Leap","Consume"],"campfire_rested":1,"item_purchase_floors":[12,12,12],"current_hp_per_floor":[70,70,63,63,63,63,31,29,29,29,11,11,21,18,42,6,63,45,29,2,0],"gold":189,"neow_bonus":"TEN_PERCENT_HP_BONUS","is_prod":false,"is_daily":false,"chose_seed":false,"campfire_upgraded":1,"win_rate":0,"timestamp":1551555848,"path_taken":["M","?","?","?","$","R","E","M","T","?","E","$","M","M","R","BOSS","M","?","?","M"],"build_version":"2019-01-23","purchased_purges":1,"victory":false,"max_hp_per_floor":[82,82,82,82,82,82,82,82,82,82,82,82,82,82,82,82,82,82,82,82,82],"card_choices":[{"not_picked":["Turbo","Doom and Gloom"],"picked":"Compile Driver","floor":1},{"not_picked":["Steam","Turbo"],"picked":"Sunder","floor":7},{"not_picked":["Go for the Eyes","Reinforced Body"],"picked":"Cold Snap","floor":8},{"not_picked":["Scrape","Steam Power","Reprogram"],"picked":"SKIP","floor":11},{"not_picked":["Cold Snap","Static Discharge"],"picked":"Chaos","floor":13},{"not_picked":["Hologram","White Noise"],"picked":"Redo","floor":14},{"not_picked":["Meteor Strike","Hyperbeam"],"picked":"Machine Learning","floor":16},{"not_picked":["Cold Snap","Heatsinks"],"picked":"Beam Cell","floor":18},{"not_picked":["Redo","Reprogram"],"picked":"Go for the Eyes","floor":20}],"player_experience":880997,"relics_obtained":[{"floor":7,"key":"Letter Opener"},{"floor":9,"key":"DataDisk"},{"floor":11,"key":"Happy Flower"}],"event_choices":[{"cards_removed":["Strike_B"],"damage_healed":0,"gold_gain":0,"player_choice":"Card Removal","damage_taken":0,"max_hp_gain":0,"max_hp_loss":0,"event_name":"The Cleric","floor":2,"gold_loss":50},{"cards_removed":["Strike_B"],"damage_healed":0,"gold_gain":0,"player_choice":"Card Removal","damage_taken":7,"max_hp_gain":0,"max_hp_loss":0,"event_name":"Golden Wing","floor":3,"gold_loss":0},{"damage_healed":0,"gold_gain":0,"player_choice":"Take Wound","damage_taken":0,"relics_obtained":["Golden Idol"],"max_hp_gain":0,"max_hp_loss":0,"event_name":"Golden Idol","floor":4,"gold_loss":0,"cards_obtained":["Injury"]},{"damage_healed":0,"gold_gain":175,"player_choice":"AGREE","damage_taken":0,"max_hp_gain":0,"max_hp_loss":0,"event_name":"Liars Game","floor":10,"gold_loss":0,"cards_obtained":["Doubt"]},{"damage_healed":0,"gold_gain":0,"player_choice":"CARD ","damage_taken":16,"max_hp_gain":0,"max_hp_loss":0,"event_name":"Knowing Skull","floor":19,"potions_obtained":[],"gold_loss":0,"cards_obtained":["Purity"]}],"is_beta":false,"boss_relics":[{"not_picked":["Black Star","Fusion Hammer"],"picked":"White Beast Statue"}],"items_purged_floors":[12],"is_endless":false,"potions_floor_spawned":[7,11,13,16,18,20],"killed_by":"Snake Plant","ascension_level":12}