{"gold_per_floor":[117,117,127,41,191,249,249,48,71,71,106,156,186,202,202,276,276,288,101,101,113,128,156,156,167,221,221,221,221,146,159,159,159],"floor_reached":33,"playtime":2194,"items_purged":["Doubt","Strike_B"],"score":762,"play_id":"ea7e1a9c-904c-4753-88bb-f1acfefdfa98","local_time":"20190623220721","is_ascension_mode":true,"campfire_choices":[{"floor":7.0,"key":"REST"},{"data":"Defragment","floor":10.0,"key":"SMITH"},{"floor":15.0,"key":"REST"},{"floor":24,"key":"REST"},{"floor":28,"key":"DIG"},{"floor":32,"key":"REST"}],"neow_cost":"TEN_PERCENT_HP_LOSS","seed_source_timestamp":0,"circlet_count":0,"master_deck":["AscendersBane","Strike_B","Strike_B","Defend_B+1","Defend_B","Defend_B","Defend_B","Zap+1","Dualcast","Finesse","Rip and Tear","Conserve Battery","Sweeping Beam","Ball Lightning","Defragment+1","Capacitor","Undo","Cold Snap","Cold Snap","Tempest","Electrodynamics","Steam","Glacier","Leap+1","Conserve Battery","Reinforced Body","Steam"],"special_seed":0,"relics":["Cracked Core","War Paint","Tiny Chest","Happy Flower","Gremlin Horn","Omamori","Busted Crown","Smiling Mask","Pen Nib","Shovel","Sundial","Matryoshka"],"potions_floor_usage":[],"damage_taken":[{"damage":3.0,"enemies":"2 Louse","floor":1.0,"turns":3.0},{"damage":0.0,"enemies":"Small Slimes","floor":3.0,"turns":3.0},{"damage":18.0,"enemies":"Lagavulin","floor":6.0,"turns":5.0},{"damage":5.0,"enemies":"3 Sentries","floor":11.0,"turns":5.0},{"damage":26.0,"enemies":"Lagavulin","floor":13.0,"turns":5.0},{"damage":0.0,"enemies":"Cultist","floor":14.0,"turns":3.0},{"damage":11.0,"enemies":"Slime Boss","floor":16.0,"turns":9.0},{"damage":21,"enemies":"2 Thieves","floor":18,"turns":4},{"damage":0,"enemies":"3 Byrds","floor":21,"turns":3},{"damage":0,"enemies":"Snecko","floor":22,"turns":5},{"damage":29,"enemies":"Slavers","floor":23,"turns":4},{"damage":16,"enemies":"3 Cultists","floor":25,"turns":4},{"damage":10,"enemies":"Snake Plant","floor":31,"turns":3},{"damage":82,"enemies":"Champ","floor":33,"turns":24}],"seed_played":"4748132493202094196","potions_obtained":[{"floor":1.0,"key":"FocusPotion"},{"floor":3.0,"key":"Fire Potion"},{"floor":16.0,"key":"SteroidPotion"},{"floor":23,"key":"EssenceOfSteel"}],"is_trial":false,"path_per_floor":["M","?","M","$","?","E","R","$","T","R","E","?","E","M","R","B",null,"M","$","?","M","M","E","R","M","T","T","R","T","?","M","R","B"],"character_chosen":"DEFECT","items_purchased":["Sweeping Beam","Ball Lightning","Capacitor","Undo","Glacier"],"campfire_rested":4,"item_purchase_floors":[4,4,8,8,19],"current_hp_per_floor":[61,43,43,43,43,25,44,44,44,44,39,39,13,13,32,21,53,32,32,64,64,64,35,54,38,38,38,38,38,38,28,47,0],"gold":159,"neow_bonus":"RANDOM_COLORLESS_2","is_prod":false,"is_daily":false,"chose_seed":false,"campfire_upgraded":1,"win_rate":0,"timestamp":1561320441,"path_taken":["M","?","M","$","?","E","R","$","T","R","E","?","E","?","R","BOSS","M","$","?","?","M","E","R","M","T","?","R","?","?","M","R","BOSS"],"build_version":"2019-01-23","purchased_purges":2,"victory":false,"max_hp_per_floor":[64,64,64,64,64,64,64,64,64,64,64,64,64,64,64,64,64,64,64,64,64,64,64,64,64,64,64,64,64,64,64,64,64],"card_choices":[{"not_picked":["Genetic Algorithm","Barrage"],"picked":"Rip and Tear","floor":1.0},{"not_picked":["Doom and Gloom","Turbo"],"picked":"Conserve Battery","floor":3.0},{"not_picked":["Self Repair","Force Field"],"picked":"Defragment","floor":6.0},{"not_picked":["Gash","Redo"],"picked":"Cold Snap","floor":11.0},{"not_picked":["Stack","Go for the Eyes"],"picked":"Cold Snap","floor":13.0},{"not_picked":["Multi-Cast","Hello World"],"picked":"Tempest","floor":14.0},{"not_picked":["Reboot","Multi-Cast"],"picked":"Electrodynamics","floor":16.0},{"not_picked":[],"picked":"Steam","floor":18},{"not_picked":["Scrape"],"picked":"SKIP","floor":21},{"not_picked":[],"picked":"Leap+1","floor":22},{"not_picked":[],"picked":"Conserve Battery","floor":23},{"not_picked":[],"picked":"Reinforced Body","floor":25},{"not_picked":[],"picked":"Steam","floor":31}],"player_experience":851365,"relics_obtained":[{"floor":6.0,"key":"Tiny Chest"},{"floor":9.0,"key":"Happy Flower"},{"floor":11.0,"key":"Gremlin Horn"},{"floor":13.0,"key":"Omamori"},{"floor":23,"key":"Smiling Mask"},{"floor":26,"key":"Pen Nib"},{"floor":27,"key":"Shovel"},{"floor":28,"key":"Sundial"},{"floor":29,"key":"Matryoshka"}],"event_choices":[{"damage_healed":0.0,"max_hp_gain":0.0,"max_hp_loss":0.0,"gold_gain":0.0,"event_name":"Scrap Ooze","player_choice":"Success","floor":2.0,"gold_loss":0.0,"damage_taken":18.0,"relics_obtained":["War Paint"]},{"damage_healed":0.0,"max_hp_gain":0.0,"max_hp_loss":0.0,"gold_gain":150.0,"event_name":"Liars Game","player_choice":"AGREE","floor":5.0,"gold_loss":0.0,"damage_taken":0.0,"cards_obtained":["Doubt"]},{"damage_healed":0.0,"max_hp_gain":0.0,"max_hp_loss":0.0,"gold_gain":50.0,"event_name":"Golden Shrine","player_choice":"Pray","floor":12.0,"gold_loss":0.0,"damage_taken":0.0},{"cards_removed":["Forethought"],"damage_healed":32,"gold_gain":0,"player_choice":"Offered Uncommon","damage_taken":0,"max_hp_gain":0,"max_hp_loss":0,"event_name":"Bonfire Elementals","floor":20,"gold_loss":0},{"cards_removed":["Strike_B"],"damage_healed":0,"gold_gain":0,"player_choice":"Gave Gold","damage_taken":0,"max_hp_gain":0,"max_hp_loss":0,"event_name":"Beggar","floor":30,"gold_loss":75}],"is_beta":false,"boss_relics":[{"not_picked":["Pandora\u0027s Box","Snecko Eye"],"picked":"Busted Crown"}],"items_purged_floors":[8,19],"is_endless":false,"potions_floor_spawned":[1,3,16,23,31],"killed_by":"Champ","ascension_level":20}