{"gold_per_floor":[119,119,133,50,62,62,74,103,130,130,130,130,165,177,177,252,252,265,276,276,301,3,32,52,52,52,68,68,80,80,114,114,193,193,205,305,321,337,559,559,594,594,671,698,698,15,30,61,61,61],"floor_reached":51,"playtime":3050,"items_purged":["Strike_B","Strike_B"],"score":1439,"play_id":"6ed0d58d-c997-421f-b519-07f99cffb68a","local_time":"20181103142042","is_ascension_mode":true,"campfire_choices":[{"data":"Streamline","floor":10.0,"key":"SMITH"},{"data":"Go for the Eyes","floor":12.0,"key":"SMITH"},{"floor":15.0,"key":"REST"},{"floor":25,"key":"REST"},{"data":"Loop","floor":28,"key":"SMITH"},{"data":"Seek","floor":30,"key":"SMITH"},{"data":"Conserve Battery","floor":32,"key":"SMITH"},{"data":"Defragment","floor":40,"key":"SMITH"},{"data":"Zap","floor":42,"key":"SMITH"},{"data":"Defragment","floor":49,"key":"SMITH"}],"neow_cost":"NONE","seed_source_timestamp":0,"circlet_count":0,"master_deck":["AscendersBane","Strike_B","Defend_B","Defend_B","Defend_B","Defend_B","Dualcast","Ball Lightning","Streamline+1","Glacier","Cold Snap","Go for the Eyes+1","Seek","White Noise","Seek+1","Loop+1","Conserve Battery+1","Core Surge","Loop+1","Defragment+1","Coolheaded+1","Conserve Battery+1","Darkness","Defragment+1"],"special_seed":0,"relics":["Cracked Core","Mercury Hourglass","Matryoshka","Blood Vial","Potion Belt","Bronze Scales","Regal Pillow","Runic Dome","Enchiridion","Red Mask","DataDisk","Bag of Preparation","Bag of Marbles","Meat on the Bone","Unceasing Top","Eternal Feather","StoneCalendar","Oddly Smooth Stone","Singing Bowl","Centennial Puzzle","Runic Capacitor","Bottled Flame","Pear"],"potions_floor_usage":[33,33,44,50,50,50],"damage_taken":[{"damage":9.0,"enemies":"Jaw Worm","floor":1.0,"turns":3.0},{"damage":7.0,"enemies":"2 Louse","floor":3.0,"turns":2.0},{"damage":0.0,"enemies":"Small Slimes","floor":5.0,"turns":3.0},{"damage":0.0,"enemies":"Exordium Wildlife","floor":7.0,"turns":2.0},{"damage":17.0,"enemies":"Gremlin Nob","floor":8.0,"turns":4.0},{"damage":10.0,"enemies":"3 Sentries","floor":13.0,"turns":5.0},{"damage":0.0,"enemies":"2 Fungi Beasts","floor":14.0,"turns":2.0},{"damage":2.0,"enemies":"The Guardian","floor":16.0,"turns":9.0},{"damage":0.0,"enemies":"Chosen","floor":18.0,"turns":4.0},{"damage":0.0,"enemies":"Shell Parasite","floor":19.0,"turns":4.0},{"damage":26,"enemies":"Masked Bandits","floor":21,"turns":3},{"damage":1,"enemies":"Book of Stabbing","floor":23,"turns":5},{"damage":15,"enemies":"Snake Plant","floor":24,"turns":4},{"damage":3,"enemies":"3 Cultists","floor":27,"turns":4},{"damage":0,"enemies":"Snecko","floor":29,"turns":3},{"damage":6,"enemies":"Slavers","floor":31,"turns":4},{"damage":8,"enemies":"Champ","floor":33,"turns":17},{"damage":12,"enemies":"3 Shapes","floor":35,"turns":3},{"damage":4,"enemies":"Mind Bloom Boss Battle","floor":36,"turns":7},{"damage":0,"enemies":"Orb Walker","floor":37,"turns":3},{"damage":12,"enemies":"Jaw Worm Horde","floor":38,"turns":2},{"damage":8,"enemies":"Giant Head","floor":41,"turns":9},{"damage":23,"enemies":"Reptomancer","floor":44,"turns":5},{"damage":9,"enemies":"3 Darklings","floor":47,"turns":5},{"damage":1,"enemies":"Giant Head","floor":48,"turns":8},{"damage":5,"enemies":"Time Eater","floor":50,"turns":7}],"seed_played":"2310768655053807013","potions_obtained":[{"floor":7.0,"key":"Strength Potion"},{"floor":13.0,"key":"GamblersBrew"},{"floor":14.0,"key":"PowerPotion"},{"floor":16.0,"key":"Swift Potion"},{"floor":19.0,"key":"GamblersBrew"},{"floor":23,"key":"Swift Potion"},{"floor":24,"key":"Dexterity Potion"},{"floor":27,"key":"PowerPotion"},{"floor":36,"key":"PowerPotion"},{"floor":37,"key":"Fire Potion"},{"floor":44,"key":"Ancient Potion"},{"floor":47,"key":"FocusPotion"}],"is_trial":false,"path_per_floor":["M","?","M","$","M","T","M","E","T","R","?","R","E","M","R","B",null,"M","M","?","?","$","E","M","R","T","M","R","M","R","E","R","B",null,"M","?","M","M","?","R","E","R","T","E","?","$","M","E","R","B",null],"character_chosen":"DEFECT","items_purchased":["Glacier","DataDisk","PowerPotion","Runic Capacitor","Bottled Flame","Defragment","Weak Potion"],"campfire_rested":2,"item_purchase_floors":[4,22,22,46,46,46,46],"current_hp_per_floor":[62,55,48,48,48,48,48,31,31,31,31,31,23,25,63,63,74,76,78,57,33,33,34,21,59,59,58,58,60,60,56,56,50,71,61,59,61,51,51,63,57,72,72,53,53,53,48,61,73,70],"gold":61,"neow_bonus":"TEN_PERCENT_HP_BONUS","is_prod":false,"is_daily":false,"chose_seed":false,"campfire_upgraded":8,"win_rate":0,"timestamp":1541254842,"path_taken":["M","?","M","$","M","?","M","E","T","R","?","R","E","M","R","BOSS","M","M","?","?","$","E","M","R","T","M","R","M","R","E","R","BOSS","M","?","M","M","?","R","E","R","T","E","?","$","M","E","R","BOSS"],"build_version":"2018-11-01","purchased_purges":2,"victory":true,"max_hp_per_floor":[78,78,78,78,78,78,78,78,78,78,78,78,78,78,78,78,78,78,78,78,78,78,78,78,78,78,78,78,78,78,78,78,78,78,78,78,78,78,78,78,78,78,78,80,80,80,82,94,94,94],"card_choices":[{"not_picked":["Cold Snap","Streamline"],"picked":"Ball Lightning","floor":1.0},{"not_picked":["Aggregate","Redo"],"picked":"Streamline","floor":3.0},{"not_picked":["Steam","Skim","Rip and Tear"],"picked":"SKIP","floor":5.0},{"not_picked":["Steam","Heatsinks"],"picked":"Cold Snap","floor":7.0},{"not_picked":["Streamline","Leap"],"picked":"Go for the Eyes","floor":8.0},{"not_picked":["Turbo","Tempest","Amplify"],"picked":"SKIP","floor":13.0},{"not_picked":["Redo","Rebound","Coolheaded"],"picked":"SKIP","floor":14.0},{"not_picked":["Creative AI","All For One"],"picked":"Seek","floor":16.0},{"not_picked":["Leap","Cold Snap"],"picked":"White Noise","floor":18.0},{"not_picked":["Stack","Steam Power","Hello World"],"picked":"SKIP","floor":19.0},{"not_picked":["Loop","BootSequence"],"picked":"Seek","floor":21},{"not_picked":["Redo","Amplify","Steam"],"picked":"SKIP","floor":23},{"not_picked":["Rebound","Streamline"],"picked":"Loop","floor":24},{"not_picked":["Gash","Beam Cell","Stack"],"picked":"SKIP","floor":27},{"not_picked":["Beam Cell","Barrage","Melter"],"picked":"SKIP","floor":29},{"not_picked":["Rip and Tear","Cold Snap"],"picked":"Conserve Battery","floor":31},{"not_picked":["Hyperbeam","Multi-Cast"],"picked":"Core Surge","floor":33},{"not_picked":["White Noise+1","Gash+1"],"picked":"Loop+1","floor":35},{"not_picked":["Reprogram","Coolheaded"],"picked":"Defragment","floor":36},{"not_picked":["BootSequence","Compile Driver"],"picked":"Coolheaded+1","floor":37},{"not_picked":["Rebound","Auto Shields"],"picked":"Conserve Battery+1","floor":38},{"not_picked":["Stack+1","Hologram"],"picked":"Darkness","floor":41},{"not_picked":["BootSequence+1","Barrage","Reprogram"],"picked":"Singing Bowl","floor":44},{"not_picked":["Stack","Barrage","Heatsinks"],"picked":"Singing Bowl","floor":47},{"not_picked":["Reinforced Body","Barrage","Chaos"],"picked":"Singing Bowl","floor":48}],"player_experience":957023,"relics_obtained":[{"floor":6.0,"key":"Mercury Hourglass"},{"floor":8.0,"key":"Matryoshka"},{"floor":9.0,"key":"Blood Vial"},{"floor":9.0,"key":"Potion Belt"},{"floor":13.0,"key":"Regal Pillow"},{"floor":20,"key":"Enchiridion"},{"floor":21,"key":"Red Mask"},{"floor":23,"key":"Bag of Preparation"},{"floor":26,"key":"Bag of Marbles"},{"floor":26,"key":"Meat on the Bone"},{"floor":31,"key":"Unceasing Top"},{"floor":36,"key":"StoneCalendar"},{"floor":41,"key":"Oddly Smooth Stone"},{"floor":43,"key":"Singing Bowl"},{"floor":44,"key":"Centennial Puzzle"},{"floor":48,"key":"Pear"}],"event_choices":[{"cards_removed":["Strike_B"],"damage_healed":0.0,"max_hp_gain":0.0,"max_hp_loss":0.0,"gold_gain":0.0,"event_name":"Golden Wing","player_choice":"Card Removal","floor":2.0,"gold_loss":0.0,"damage_taken":7.0},{"damage_healed":0.0,"max_hp_gain":0.0,"max_hp_loss":0.0,"gold_gain":0.0,"event_name":"Dead Adventurer","player_choice":"Searched \u00271\u0027 times","floor":11.0,"gold_loss":0.0,"damage_taken":0.0,"relics_obtained":["Bronze Scales"]},{"damage_healed":0,"gold_gain":0,"player_choice":"Obtained Book","damage_taken":21,"max_hp_gain":0,"max_hp_loss":0,"event_name":"Cursed Tome","floor":20,"gold_loss":0},{"damage_healed":0,"gold_gain":0,"player_choice":"Fought Bandits","damage_taken":0,"max_hp_gain":0,"max_hp_loss":0,"event_name":"Masked Bandits","floor":21,"gold_loss":0},{"damage_healed":0,"gold_gain":0,"player_choice":"Fight","damage_taken":0,"max_hp_gain":0,"max_hp_loss":0,"event_name":"MindBloom","floor":36,"gold_loss":0},{"damage_healed":0,"gold_gain":222,"player_choice":"Wore Mask","damage_taken":0,"max_hp_gain":0,"max_hp_loss":0,"event_name":"Tomb of Lord Red Mask","floor":39,"gold_loss":0},{"cards_removed":["Zap"],"damage_healed":0,"gold_gain":0,"player_choice":"Removed Skill","damage_taken":0,"max_hp_gain":0,"max_hp_loss":0,"event_name":"Falling","floor":45,"gold_loss":0}],"is_beta":false,"boss_relics":[{"not_picked":["Orrery","Runic Pyramid"],"picked":"Runic Dome"},{"not_picked":["Busted Crown","Black Star"],"picked":"Eternal Feather"}],"items_purged_floors":[22,46],"is_endless":false,"potions_floor_spawned":[7,13,14,16,19,23,24,27,31,36,37,44,47],"ascension_level":16}