{"gold_per_floor":[110,185,70,88,38,64,64,81,105,105,105,115,137,137,137,233,233,249,262,273,173,183,183,183,210,288,299,214,230,261,280,280,384,384,397,412,287,287,299,299,52,0,0,27,39,51,79,118,130,142],"floor_reached":51,"playtime":1425,"items_purged":["Dualcast","Strike_B","Thunder Strike+1","Defragment+1"],"score":1192,"play_id":"5872eadb-e464-4d48-acbe-cf300a7f87cb","local_time":"20190420120917","is_ascension_mode":true,"campfire_choices":[{"data":"Sunder","floor":7.0,"key":"SMITH"},{"data":"Genetic Algorithm","floor":11.0,"key":"SMITH"},{"data":"Defend_B","floor":15.0,"key":"SMITH"},{"data":"Meteor Strike","floor":23.0,"key":"SMITH"},{"data":"Hyperbeam","floor":32.0,"key":"SMITH"},{"data":"All For One","floor":40.0,"key":"SMITH"},{"floor":45.0,"key":"REST"},{"data":"Hologram","floor":49,"key":"SMITH"}],"neow_cost":"NONE","seed_source_timestamp":927421594720299,"circlet_count":0,"master_deck":["Defend_B","Defend_B","Defend_B","Defend_B+1","Sunder+1","Genetic Algorithm+1","Meteor Strike+1","Hyperbeam+1","All For One+1","Hyperbeam+1","Hologram+1"],"special_seed":0,"relics":["Snecko Eye","Dream Catcher","Bag of Marbles","Odd Mushroom","Matryoshka","Calling Bell","PreservedInsect","Cables","Incense Burner","Juzu Bracelet","Strawberry","Symbiotic Virus","Question Card","Pear","Astrolabe","Red Mask","Potion Belt","Whetstone","MawBank","StoneCalendar"],"potions_floor_usage":[50,50,50],"damage_taken":[{"damage":0.0,"enemies":"Jaw Worm","floor":1.0,"turns":3.0},{"damage":0.0,"enemies":"Small Slimes","floor":4.0,"turns":2.0},{"damage":5.0,"enemies":"3 Sentries","floor":6.0,"turns":6.0},{"damage":0.0,"enemies":"2 Louse","floor":8.0,"turns":2.0},{"damage":0.0,"enemies":"Exordium Thugs","floor":12.0,"turns":2.0},{"damage":0.0,"enemies":"The Mushroom Lair","floor":13.0,"turns":2.0},{"damage":17.0,"enemies":"The Guardian","floor":16.0,"turns":10.0},{"damage":14.0,"enemies":"2 Thieves","floor":18.0,"turns":4.0},{"damage":3.0,"enemies":"Shell Parasite","floor":19.0,"turns":4.0},{"damage":2.0,"enemies":"Cultist and Chosen","floor":20.0,"turns":4.0},{"damage":0.0,"enemies":"3 Cultists","floor":22.0,"turns":4.0},{"damage":0.0,"enemies":"Gremlin Leader","floor":25.0,"turns":4.0},{"damage":0.0,"enemies":"Snake Plant","floor":27.0,"turns":2.0},{"damage":0.0,"enemies":"Snecko","floor":29.0,"turns":3.0},{"damage":0.0,"enemies":"Book of Stabbing","floor":30.0,"turns":2.0},{"damage":0.0,"enemies":"Centurion and Healer","floor":31.0,"turns":6.0},{"damage":1.0,"enemies":"Champ","floor":33.0,"turns":7.0},{"damage":9.0,"enemies":"3 Darklings","floor":35.0,"turns":2.0},{"damage":0.0,"enemies":"3 Shapes","floor":36.0,"turns":3.0},{"damage":0.0,"enemies":"3 Darklings","floor":39.0,"turns":2.0},{"damage":3.0,"enemies":"Nemesis","floor":44.0,"turns":3.0},{"damage":2,"enemies":"4 Shapes","floor":47,"turns":1},{"damage":0,"enemies":"Giant Head","floor":48,"turns":4},{"damage":14,"enemies":"Awakened One","floor":50,"turns":6}],"seed_played":"8497168953838659149","potions_obtained":[{"floor":1.0,"key":"Ancient Potion"},{"floor":6.0,"key":"Fire Potion"},{"floor":8.0,"key":"Dexterity Potion"},{"floor":13.0,"key":"Block Potion"},{"floor":18.0,"key":"FearPotion"},{"floor":44.0,"key":"Energy Potion"},{"floor":47,"key":"Block Potion"}],"is_trial":false,"path_per_floor":["M","?","$","M","?","E","R","M","T","?","R","M","?","?","R","B",null,"M","M","M","$","M","R","?","E","T","M","?","M","E","M","R","B",null,"M","M","$","?","M","R","$","?","T","E","R","?","M","E","R","B",null],"character_chosen":"DEFECT","items_purchased":["Sunder","FairyPotion"],"campfire_rested":1,"item_purchase_floors":[3,41],"current_hp_per_floor":[68,57,57,57,57,52,52,52,52,52,52,52,52,49,49,32,64,50,47,45,45,45,45,45,45,52,52,52,52,62,62,62,61,84,75,75,75,66,66,66,66,66,66,63,90,90,88,88,88,74],"gold":154,"neow_bonus":"BOSS_RELIC","is_prod":false,"is_daily":false,"chose_seed":false,"campfire_upgraded":7,"win_rate":0,"timestamp":1555787357,"path_taken":["M","?","$","M","?","E","R","M","T","?","R","?","?","?","R","BOSS","M","M","M","$","M","R","?","E","T","M","?","M","E","M","R","BOSS","M","M","$","?","M","R","$","?","T","E","R","?","M","E","R","BOSS"],"build_version":"2019-01-23","purchased_purges":4,"victory":true,"max_hp_per_floor":[75,75,75,75,75,75,75,75,75,75,75,75,75,75,75,75,75,75,75,75,75,75,75,75,75,82,82,82,82,92,92,92,92,92,92,92,92,92,92,92,92,92,92,92,92,92,92,92,92,92],"card_choices":[{"not_picked":["Defragment","Heatsinks","BootSequence"],"picked":"SKIP","floor":1.0},{"not_picked":["Chill","Auto Shields","Coolheaded"],"picked":"SKIP","floor":4.0},{"not_picked":["Chaos","Go for the Eyes","Beam Cell"],"picked":"SKIP","floor":6.0},{"not_picked":["Chaos","Go for the Eyes","Beam Cell"],"picked":"SKIP","floor":6.0},{"not_picked":["Force Field","Barrage"],"picked":"Genetic Algorithm","floor":8.0},{"not_picked":["Streamline","Compile Driver","Auto Shields"],"picked":"SKIP","floor":12.0},{"not_picked":["Rainbow","Core Surge"],"picked":"Meteor Strike","floor":16.0},{"not_picked":["Redo","Rebound","White Noise"],"picked":"SKIP","floor":18.0},{"not_picked":["Steam Power","Rainbow","Compile Driver"],"picked":"SKIP","floor":19.0},{"not_picked":["Defragment","Cold Snap","Ball Lightning"],"picked":"SKIP","floor":20.0},{"not_picked":["Steam Power","Coolheaded","Lockon"],"picked":"SKIP","floor":22.0},{"not_picked":["Leap","Stack","Force Field"],"picked":"SKIP","floor":25.0},{"not_picked":["Stack","Steam"],"picked":"Hyperbeam","floor":27.0},{"not_picked":["Chaos","Stack","Compile Driver","Aggregate"],"picked":"SKIP","floor":29.0},{"not_picked":["Stack","Conserve Battery","Chaos","Doom and Gloom"],"picked":"SKIP","floor":30.0},{"not_picked":["Rebound","Coolheaded","Genetic Algorithm+1","Undo+1"],"picked":"SKIP","floor":31.0},{"not_picked":["Machine Learning","Hyperbeam","Reboot"],"picked":"All For One","floor":33.0},{"not_picked":["Coolheaded+1","Sweeping Beam+1","Turbo","Rip and Tear"],"picked":"SKIP","floor":35.0},{"not_picked":["Storm","Cold Snap+1","Rebound+1","Go for the Eyes+1"],"picked":"SKIP","floor":36.0},{"not_picked":["Steam Power","Rebound+1","Gash","Fusion"],"picked":"SKIP","floor":39.0},{"not_picked":["Streamline","Sweeping Beam","Lockon+1","Chaos+1"],"picked":"SKIP","floor":44.0},{"not_picked":["Compile Driver","Skim","Stack+1","Steam"],"picked":"SKIP","floor":47},{"not_picked":["Auto Shields+1","Gash+1","Capacitor"],"picked":"Hologram","floor":48}],"player_experience":108801,"relics_obtained":[{"floor":6.0,"key":"Dream Catcher"},{"floor":9.0,"key":"Bag of Marbles"},{"floor":13.0,"key":"Odd Mushroom"},{"floor":17.0,"key":"PreservedInsect"},{"floor":17.0,"key":"Cables"},{"floor":17.0,"key":"Incense Burner"},{"floor":25.0,"key":"Juzu Bracelet"},{"floor":26.0,"key":"Strawberry"},{"floor":26.0,"key":"Symbiotic Virus"},{"floor":30.0,"key":"Pear"},{"floor":43.0,"key":"Potion Belt"},{"floor":43.0,"key":"Whetstone"},{"floor":44.0,"key":"MawBank"},{"floor":48,"key":"StoneCalendar"}],"event_choices":[{"damage_healed":0.0,"max_hp_gain":0.0,"max_hp_loss":0.0,"gold_gain":75.0,"event_name":"World of Goop","player_choice":"Gather Gold","floor":2.0,"gold_loss":0.0,"damage_taken":11.0},{"cards_removed":["Zap"],"damage_healed":0.0,"max_hp_gain":0.0,"max_hp_loss":0.0,"gold_gain":0.0,"event_name":"The Cleric","player_choice":"Card Removal","floor":5.0,"gold_loss":50.0,"damage_taken":0.0},{"damage_healed":0.0,"max_hp_gain":0.0,"max_hp_loss":0.0,"gold_gain":0.0,"event_name":"Liars Game","player_choice":"Ignored","floor":10.0,"gold_loss":0.0,"damage_taken":0.0},{"damage_healed":0.0,"max_hp_gain":0.0,"max_hp_loss":0.0,"gold_gain":0.0,"event_name":"Mushrooms","player_choice":"Fought Mushrooms","floor":13.0,"gold_loss":0.0,"damage_taken":0.0},{"damage_healed":0.0,"max_hp_gain":0.0,"max_hp_loss":0.0,"gold_gain":0.0,"event_name":"Scrap Ooze","player_choice":"Success","floor":14.0,"gold_loss":0.0,"damage_taken":3.0,"relics_obtained":["Matryoshka"]},{"damage_healed":0.0,"max_hp_gain":0.0,"max_hp_loss":0.0,"gold_gain":0.0,"event_name":"Vampires","player_choice":"Ignored","floor":24.0,"gold_loss":0.0,"damage_taken":0.0},{"damage_healed":0.0,"max_hp_gain":0.0,"max_hp_loss":0.0,"gold_gain":0.0,"event_name":"Addict","player_choice":"Obtained Relic","floor":28.0,"gold_loss":85.0,"damage_taken":0.0,"relics_obtained":["Question Card"]},{"damage_healed":0.0,"max_hp_gain":0.0,"max_hp_loss":0.0,"gold_gain":0.0,"event_name":"Wheel of Change","player_choice":"Damaged","floor":38.0,"gold_loss":0.0,"damage_taken":9.0},{"damage_healed":0.0,"max_hp_gain":0.0,"max_hp_loss":0.0,"gold_gain":0.0,"event_name":"Tomb of Lord Red Mask","player_choice":"Paid","floor":42.0,"gold_loss":52.0,"damage_taken":0.0,"relics_obtained":["Red Mask"]},{"damage_healed":0,"gold_gain":0,"player_choice":"Ignored","damage_taken":0,"max_hp_gain":0,"max_hp_loss":0,"event_name":"Transmorgrifier","floor":46,"gold_loss":0}],"is_beta":false,"boss_relics":[{"not_picked":["Philosopher\u0027s Stone","Lizard Tail"],"picked":"Calling Bell"},{"not_picked":["Velvet Choker","Runic Dome"],"picked":"Astrolabe"}],"items_purged_floors":[3,21,37,41],"is_endless":false,"potions_floor_spawned":[1,6,8,13,18,27,29,30,44,47],"ascension_level":9}