{"gold_per_floor":[119,194,194,206,219,219,251,251,278,292,317,327,354,31,31,105,105],"floor_reached":17,"playtime":573,"items_purged":["Strike_B"],"score":450,"play_id":"3199084c-152c-435a-9f59-5c55f4686241","local_time":"20190504011839","is_ascension_mode":true,"campfire_choices":[{"data":"Tempest","floor":6.0,"key":"SMITH"},{"data":"Defragment","floor":8.0,"key":"SMITH"},{"floor":15,"key":"REST"}],"neow_cost":"NONE","seed_source_timestamp":1838313204022664,"circlet_count":0,"master_deck":["AscendersBane","Strike_B","Strike_B","Defend_B","Defend_B","Defend_B","Defend_B","Zap","Dualcast","Fusion","Glacier","Cold Snap","Tempest+1","Defragment+1","Rebound","Recycle","Ball Lightning","Ball Lightning","Biased Cognition","Core Surge","Thunder Strike","Reinforced Body","Melter","Cold Snap","Undo","Hologram"],"special_seed":0,"relics":["Cracked Core","NeowsBlessing","Regal Pillow","Strawberry","Lantern","Juzu Bracelet","Orrery"],"potions_floor_usage":[13],"damage_taken":[{"damage":0.0,"enemies":"Jaw Worm","floor":1.0,"turns":1.0},{"damage":0.0,"enemies":"2 Louse","floor":4.0,"turns":1.0},{"damage":0.0,"enemies":"Cultist","floor":5.0,"turns":1.0},{"damage":15.0,"enemies":"3 Sentries","floor":7.0,"turns":8.0},{"damage":16.0,"enemies":"Lots of Slimes","floor":10.0,"turns":4.0},{"damage":0.0,"enemies":"Lagavulin","floor":11.0,"turns":7.0},{"damage":6.0,"enemies":"Blue Slaver","floor":12.0,"turns":4.0},{"damage":0,"enemies":"Gremlin Nob","floor":13,"turns":3},{"damage":19,"enemies":"Slime Boss","floor":16,"turns":9}],"seed_played":"-2213579158105197261","potions_obtained":[{"floor":1.0,"key":"Strength Potion"},{"floor":5.0,"key":"Explosive Potion"},{"floor":11.0,"key":"FocusPotion"},{"floor":16,"key":"SteroidPotion"}],"is_trial":false,"path_per_floor":["M","?","?","M","M","R","E","R","T","M","E","M","E","$","R","B",null],"character_chosen":"DEFECT","items_purchased":["Biased Cognition","Core Surge"],"campfire_rested":1,"item_purchase_floors":[14,14],"current_hp_per_floor":[64,53,53,53,53,53,38,38,45,29,29,23,23,23,61,42,69],"gold":105,"neow_bonus":"THREE_ENEMY_KILL","is_prod":false,"is_daily":false,"chose_seed":false,"campfire_upgraded":2,"win_rate":0,"timestamp":1556925519,"path_taken":["M","?","?","?","M","R","E","R","T","M","E","?","E","$","R","BOSS"],"build_version":"2019-01-23","purchased_purges":1,"victory":false,"max_hp_per_floor":[71,71,71,71,71,71,71,71,78,78,78,78,78,78,78,78,78],"card_choices":[{"not_picked":["Reprogram","Auto Shields"],"picked":"Fusion","floor":1.0},{"not_picked":["Chill","Barrage"],"picked":"Cold Snap","floor":4.0},{"not_picked":["Hologram","Beam Cell"],"picked":"Tempest","floor":5.0},{"not_picked":["Leap","Recycle"],"picked":"Defragment","floor":7.0},{"not_picked":["Barrage","Beam Cell"],"picked":"Rebound","floor":10.0},{"not_picked":["Turbo","Barrage"],"picked":"Recycle","floor":11.0},{"not_picked":["Force Field","Coolheaded"],"picked":"Ball Lightning","floor":12.0},{"not_picked":["Blizzard","Beam Cell"],"picked":"Ball Lightning","floor":13},{"not_picked":["Rainbow","All For One"],"picked":"Thunder Strike","floor":16},{"not_picked":["Turbo","Recycle"],"picked":"Reinforced Body","floor":17},{"not_picked":["Compile Driver","Barrage"],"picked":"Melter","floor":17},{"not_picked":["Rebound","Static Discharge"],"picked":"Cold Snap","floor":17},{"not_picked":["Barrage","Compile Driver"],"picked":"Undo","floor":17},{"not_picked":["Redo","Genetic Algorithm"],"picked":"Hologram","floor":17}],"player_experience":780809,"relics_obtained":[{"floor":7.0,"key":"Regal Pillow"},{"floor":9.0,"key":"Strawberry"},{"floor":11.0,"key":"Lantern"},{"floor":13,"key":"Juzu Bracelet"}],"event_choices":[{"damage_healed":0.0,"max_hp_gain":0.0,"max_hp_loss":0.0,"gold_gain":75.0,"event_name":"World of Goop","player_choice":"Gather Gold","floor":2.0,"gold_loss":0.0,"damage_taken":11.0},{"damage_healed":0.0,"max_hp_gain":0.0,"max_hp_loss":0.0,"gold_gain":0.0,"cards_transformed":["Strike_B"],"event_name":"Transmorgrifier","player_choice":"Transformed","floor":3.0,"gold_loss":0.0,"damage_taken":0.0,"cards_obtained":["Glacier"]}],"is_beta":false,"boss_relics":[{"not_picked":["Black Star","Ectoplasm"],"picked":"Orrery"}],"items_purged_floors":[14],"is_endless":false,"potions_floor_spawned":[1,5,11,16],"ascension_level":20}