{"gold_per_floor":[10,10,22,22,42,75,27,44,44,60,92,17,35,55,55,160,160,174,174,99,99,116,116,116,16,85,85,85,98,123,138,138,238,238,257,308,308,240,240,250,276,276,276,293,393,238,270,284,284,284],"floor_reached":50,"playtime":2770,"items_purged":["Strike_R","Bash"],"score":580,"play_id":"06756d23-c083-4313-8492-f4f8894285f6","local_time":"20190610194034","is_ascension_mode":false,"campfire_choices":[{"data":"Anger","floor":15,"key":"SMITH"},{"data":"Bludgeon","floor":23,"key":"SMITH"},{"data":"Feed","floor":27,"key":"SMITH"},{"data":"Shrug It Off","floor":32,"key":"SMITH"},{"floor":49,"key":"DIG"}],"neow_cost":"NO_GOLD","seed_source_timestamp":147206686891389,"circlet_count":0,"master_deck":["Defend_R","Defend_R","Defend_R","Infernal Blade","Reaper","Shrug It Off+1","Feed+1","Anger+1","Bludgeon+1","Inflame+1","Bite","Bite","Bite","Bite","J.A.X.","Spot Weakness","Reaper","Double Tap","Inflame+1","Battle Trance","Shrug It Off","Thunderclap+1"],"relics":["Burning Blood","Gremlin Horn","Champion Belt","Magic Flower","Bird Faced Urn","Velvet Choker","Question Card","Coffee Dripper","Peace Pipe","Meat on the Bone","Letter Opener","Shovel","Bag of Marbles","Ornamental Fan","Shuriken"],"potions_floor_usage":[6,11,16,16,41,41,50,50],"damage_taken":[{"damage":7,"enemies":"2 Louse","floor":1,"turns":3},{"damage":5,"enemies":"Small Slimes","floor":3,"turns":4},{"damage":13,"enemies":"Jaw Worm","floor":5,"turns":4},{"damage":17,"enemies":"Gremlin Nob","floor":6,"turns":4},{"damage":0,"enemies":"3 Louse","floor":8,"turns":3},{"damage":7,"enemies":"2 Fungi Beasts","floor":10,"turns":4},{"damage":45,"enemies":"3 Sentries","floor":11,"turns":11},{"damage":9,"enemies":"Blue Slaver","floor":13,"turns":4},{"damage":2,"enemies":"3 Louse","floor":14,"turns":2},{"damage":72,"enemies":"Hexaghost","floor":16,"turns":11},{"damage":14,"enemies":"Spheric Guardian","floor":18,"turns":4},{"damage":9,"enemies":"Chosen","floor":22,"turns":6},{"damage":33,"enemies":"Sentry and Sphere","floor":29,"turns":4},{"damage":6,"enemies":"Gremlin Leader","floor":30,"turns":4},{"damage":4,"enemies":"Centurion and Healer","floor":31,"turns":4},{"damage":96,"enemies":"Collector","floor":33,"turns":8},{"damage":20,"enemies":"3 Shapes","floor":35,"turns":3},{"damage":61,"enemies":"2 Orb Walkers","floor":36,"turns":5},{"damage":28,"enemies":"3 Darklings","floor":40,"turns":4},{"damage":72,"enemies":"Giant Head","floor":41,"turns":7},{"damage":50,"enemies":"Maw","floor":44,"turns":6},{"damage":36,"enemies":"Mind Bloom Boss Battle","floor":45,"turns":6},{"damage":68,"enemies":"Nemesis","floor":47,"turns":5},{"damage":22,"enemies":"Transient","floor":48,"turns":5},{"damage":145,"enemies":"Time Eater","floor":50,"turns":9}],"seed_played":"2511997499875946844","potions_obtained":[{"floor":5,"key":"Strength Potion"},{"floor":10,"key":"Energy Potion"},{"floor":13,"key":"FearPotion"},{"floor":14,"key":"Weak Potion"},{"floor":31,"key":"Regen Potion"},{"floor":33,"key":"Energy Potion"},{"floor":36,"key":"Weak Potion"},{"floor":41,"key":"Poison Potion"},{"floor":45,"key":"BloodPotion"},{"floor":47,"key":"LiquidBronze"}],"is_trial":false,"path_per_floor":["M","?","M","?","M","E","$","M","T","M","E","$","M","M","R","B",null,"M","?","?","?","M","R","$","$","T","R","?","M","E","M","R","B",null,"M","?","?","$","?","M","E","?","T","M","?","$","E","M","R","B"],"character_chosen":"IRONCLAD","items_purchased":["Shrug It Off","Battle Trance","Bag of Marbles"],"campfire_rested":0,"item_purchase_floors":[7,38,46],"current_hp_per_floor":[79,79,80,77,70,59,59,69,69,80,61,61,72,84,84,30,86,86,62,62,62,62,62,62,62,62,62,62,53,66,70,70,70,70,74,56,56,56,56,70,70,70,70,59,70,70,67,63,63,0],"gold":284,"neow_bonus":"REMOVE_TWO","is_prod":false,"is_daily":false,"chose_seed":false,"campfire_upgraded":4,"win_rate":0,"timestamp":1560210034,"path_taken":["M","?","M","?","M","E","?","M","T","M","E","$","M","M","R","BOSS","M","?","?","?","M","R","?","$","T","R","?","?","E","M","R","BOSS","M","?","?","$","?","M","E","?","T","M","?","$","E","M","R","BOSS"],"build_version":"2019-01-23","purchased_purges":2,"victory":false,"max_hp_per_floor":[80,80,80,80,80,80,80,80,80,80,80,80,83,86,86,86,86,89,62,62,62,62,62,62,62,62,62,62,66,66,70,70,70,70,74,74,70,70,70,70,70,70,70,70,70,70,70,70,70,70],"card_choices":[{"not_picked":["Sword Boomerang","Seeing Red","Thunderclap"],"picked":"SKIP","floor":1},{"not_picked":["Warcry","Thunderclap","Anger"],"picked":"SKIP","floor":3},{"not_picked":["Flex","Armaments"],"picked":"Infernal Blade","floor":5},{"not_picked":["Blood for Blood","Shockwave"],"picked":"Reaper","floor":6},{"not_picked":["Seeing Red","Thunderclap","Flex"],"picked":"SKIP","floor":8},{"not_picked":["Rupture","Havoc","Sword Boomerang"],"picked":"SKIP","floor":10},{"not_picked":["Sword Boomerang","Headbutt"],"picked":"Feed","floor":11},{"not_picked":["Pummel","True Grit"],"picked":"Anger","floor":13},{"not_picked":["Sword Boomerang","Perfected Strike","Twin Strike"],"picked":"SKIP","floor":14},{"not_picked":["Fiend Fire","Brutality"],"picked":"Bludgeon","floor":16},{"not_picked":["Armaments","Iron Wave"],"picked":"Inflame+1","floor":18},{"not_picked":["True Grit+1","Feel No Pain","Clash"],"picked":"SKIP","floor":22},{"not_picked":["Thunderclap+1","Rupture","Perfected Strike+1"],"picked":"SKIP","floor":29},{"not_picked":["Blood for Blood","Pommel Strike"],"picked":"Spot Weakness","floor":30},{"not_picked":["Havoc+1","Blood for Blood","Pommel Strike+1"],"picked":"Reaper","floor":31},{"not_picked":["Reaper","Offering","Brutality"],"picked":"Double Tap","floor":33},{"not_picked":["Cleave+1","Headbutt+1","Armaments+1","Sentinel"],"picked":"SKIP","floor":35},{"not_picked":["Armaments+1","Havoc","Clash"],"picked":"Inflame+1","floor":36},{"not_picked":["Carnage","Pummel+1","Heavy Blade","Clash+1"],"picked":"SKIP","floor":40},{"not_picked":["Clothesline","Whirlwind","Exhume","Sword Boomerang+1"],"picked":"SKIP","floor":41},{"not_picked":["Battle Trance+1","Whirlwind","Sentinel"],"picked":"Shrug It Off","floor":44},{"not_picked":["Pommel Strike+1","Clothesline","Sword Boomerang"],"picked":"Thunderclap+1","floor":47},{"not_picked":["Seeing Red","Thunderclap+1","Demon Form","Dual Wield+1"],"picked":"SKIP","floor":48}],"player_experience":199467,"relics_obtained":[{"floor":6,"key":"Champion Belt"},{"floor":9,"key":"Magic Flower"},{"floor":11,"key":"Bird Faced Urn"},{"floor":30,"key":"Question Card"},{"floor":36,"key":"Peace Pipe"},{"floor":41,"key":"Meat on the Bone"},{"floor":43,"key":"Letter Opener"},{"floor":45,"key":"Shovel"},{"floor":47,"key":"Ornamental Fan"},{"floor":49,"key":"Shuriken"}],"event_choices":[{"cards_removed":["Strike_R"],"damage_healed":0,"gold_gain":0,"player_choice":"Forget","damage_taken":0,"max_hp_gain":0,"max_hp_loss":0,"event_name":"Living Wall","floor":2,"gold_loss":0},{"damage_healed":0,"gold_gain":0,"player_choice":"Success","damage_taken":3,"relics_obtained":["Gremlin Horn"],"max_hp_gain":0,"max_hp_loss":0,"event_name":"Scrap Ooze","floor":4,"gold_loss":0},{"damage_healed":0,"gold_gain":0,"player_choice":"Became a vampire","damage_taken":0,"max_hp_gain":0,"max_hp_loss":27,"event_name":"Vampires","floor":19,"gold_loss":0,"cards_obtained":["Bite","Bite","Bite","Bite","Bite"]},{"cards_removed":["Defend_R"],"damage_healed":0,"gold_gain":0,"player_choice":"Gave Gold","damage_taken":0,"max_hp_gain":0,"max_hp_loss":0,"event_name":"Beggar","floor":20,"gold_loss":75},{"damage_healed":0,"gold_gain":0,"player_choice":"Ignored","damage_taken":0,"max_hp_gain":0,"max_hp_loss":0,"event_name":"Ghosts","floor":21,"gold_loss":0},{"damage_healed":0,"gold_gain":0,"player_choice":"Obtain J.A.X.","damage_taken":0,"max_hp_gain":0,"max_hp_loss":0,"event_name":"Drug Dealer","floor":28,"gold_loss":0,"cards_obtained":["J.A.X."]},{"damage_healed":0,"gold_gain":0,"player_choice":"Fight","damage_taken":0,"max_hp_gain":0,"max_hp_loss":0,"event_name":"Mysterious Sphere","floor":36,"gold_loss":0},{"damage_healed":0,"gold_gain":0,"player_choice":"Max HP","damage_taken":0,"max_hp_gain":0,"max_hp_loss":4,"event_name":"Winding Halls","floor":37,"gold_loss":0},{"damage_healed":0,"gold_gain":0,"player_choice":"Ignored","damage_taken":0,"max_hp_gain":0,"max_hp_loss":0,"event_name":"Tomb of Lord Red Mask","floor":39,"gold_loss":0},{"cards_removed":["Bite"],"damage_healed":0,"gold_gain":0,"player_choice":"Removed Attack","damage_taken":0,"max_hp_gain":0,"max_hp_loss":0,"event_name":"Falling","floor":42,"gold_loss":0},{"damage_healed":0,"gold_gain":0,"player_choice":"Fight","damage_taken":0,"max_hp_gain":0,"max_hp_loss":0,"event_name":"MindBloom","floor":45,"gold_loss":0}],"is_beta":false,"boss_relics":[{"not_picked":["Eternal Feather","Black Blood"],"picked":"Velvet Choker"},{"not_picked":["Cursed Key","Black Star"],"picked":"Coffee Dripper"}],"items_purged_floors":[12,25],"is_endless":false,"potions_floor_spawned":[5,10,13,14,31,33,36,41,45,47,48],"killed_by":"Time Eater","ascension_level":0}