{"gold_per_floor":[118,118,32,8,8,33,48,48,48,66,66,79,107,126,126,203,203,216,131,56,56,67,101,101,18,75,75,90,110,110,145,145,145],"floor_reached":33,"playtime":1799,"items_purged":["Decay"],"score":636,"play_id":"55870be8-7399-4c8e-a0be-aaf8779321af","local_time":"20190605224217","is_ascension_mode":true,"campfire_choices":[{"data":"Spot Weakness","floor":8.0,"key":"SMITH"},{"data":"Shrug It Off","floor":11.0,"key":"SMITH"},{"data":"Limit Break","floor":15.0,"key":"SMITH"},{"data":"Clothesline","floor":24,"key":"SMITH"},{"data":"Bash","floor":27,"key":"SMITH"},{"floor":30,"key":"REST"},{"data":"Power Through","floor":32,"key":"SMITH"}],"neow_cost":"NONE","seed_source_timestamp":0,"circlet_count":0,"master_deck":["AscendersBane","Strike_R+1","Strike_R+1","Strike_R+1","Strike_R+1","Strike_R+1","Defend_R+1","Defend_R+1","Defend_R+1","Defend_R+1","Bash+1","Feel No Pain","Perfected Strike","Spot Weakness+1","Anger","Shrug It Off+1","Disarm","Spot Weakness","Limit Break+1","Disarm","Clothesline+1","Flame Barrier","Clothesline","Disarm","Burning Pact","Infernal Blade","Feel No Pain","Power Through+1"],"special_seed":0,"relics":["Burning Blood","NeowsBlessing","Boot","Prayer Wheel","Sundial","Snecko Eye","Bag of Preparation","Matryoshka","Art of War","Tiny Chest","Red Skull"],"potions_floor_usage":[18,23,33,33],"damage_taken":[{"damage":0.0,"enemies":"Small Slimes","floor":1.0,"turns":1.0},{"damage":0.0,"enemies":"Lagavulin","floor":6.0,"turns":1.0},{"damage":0.0,"enemies":"Cultist","floor":7.0,"turns":1.0},{"damage":0.0,"enemies":"2 Louse","floor":10.0,"turns":2.0},{"damage":15.0,"enemies":"Exordium Thugs","floor":12.0,"turns":5.0},{"damage":11.0,"enemies":"3 Sentries","floor":13.0,"turns":7.0},{"damage":12.0,"enemies":"3 Louse","floor":14.0,"turns":4.0},{"damage":1.0,"enemies":"Hexaghost","floor":16.0,"turns":7.0},{"damage":20,"enemies":"Spheric Guardian","floor":18,"turns":5},{"damage":0,"enemies":"3 Byrds","floor":22,"turns":4},{"damage":16,"enemies":"Slavers","floor":23,"turns":6},{"damage":2,"enemies":"Snake Plant","floor":28,"turns":4},{"damage":16,"enemies":"Cultist and Chosen","floor":29,"turns":7},{"damage":8,"enemies":"Book of Stabbing","floor":31,"turns":6},{"damage":96,"enemies":"Collector","floor":33,"turns":9}],"seed_played":"-1872971340628788111","potions_obtained":[{"floor":2.0,"key":"Block Potion"},{"floor":2.0,"key":"Fruit Juice"},{"floor":6.0,"key":"Dexterity Potion"},{"floor":18,"key":"Weak Potion"},{"floor":22,"key":"Fire Potion"}],"is_trial":false,"path_per_floor":["M","?","$","$","?","E","M","R","T","M","R","M","E","M","R","B",null,"M","?","$","?","M","E","R","$","T","R","M","M","R","E","R","B"],"character_chosen":"IRONCLAD","items_purchased":["Feel No Pain","Perfected Strike","GamblersBrew"],"campfire_rested":1,"item_purchase_floors":[3,4,25],"current_hp_per_floor":[74,79,79,79,79,80,80,80,80,80,80,71,66,60,60,65,76,62,62,62,62,68,58,58,58,58,58,62,52,76,74,74,0],"gold":145,"neow_bonus":"THREE_ENEMY_KILL","is_prod":false,"is_daily":false,"chose_seed":false,"campfire_upgraded":6,"win_rate":0,"timestamp":1559770937,"path_taken":["M","?","?","$","?","E","M","R","T","M","R","M","E","M","R","BOSS","M","?","$","?","M","E","R","$","T","R","M","M","R","E","R","BOSS"],"build_version":"2019-01-23","purchased_purges":1,"victory":false,"max_hp_per_floor":[75,80,80,80,80,80,80,80,80,80,80,80,80,80,80,80,80,80,80,80,80,80,80,80,80,80,80,80,80,80,80,80,80],"card_choices":[{"not_picked":["Body Slam","Thunderclap","Iron Wave"],"picked":"SKIP","floor":1.0},{"not_picked":["Thunderclap","Shrug It Off"],"picked":"Spot Weakness","floor":6.0},{"not_picked":["Body Slam","Warcry"],"picked":"Anger","floor":7.0},{"not_picked":["Thunderclap","Evolve"],"picked":"Shrug It Off","floor":10.0},{"not_picked":["Havoc","Ghostly Armor","Iron Wave"],"picked":"SKIP","floor":10.0},{"not_picked":["Anger","Perfected Strike"],"picked":"Disarm","floor":12.0},{"not_picked":["Evolve","Fire Breathing"],"picked":"Spot Weakness","floor":12.0},{"not_picked":["Blood for Blood","Clothesline"],"picked":"Limit Break","floor":13.0},{"not_picked":["Seeing Red","Burning Pact"],"picked":"Disarm","floor":14.0},{"not_picked":["Pommel Strike","Shrug It Off"],"picked":"Clothesline","floor":14.0},{"not_picked":["Warcry","Body Slam"],"picked":"Flame Barrier","floor":18},{"not_picked":["Pommel Strike","Shrug It Off"],"picked":"Clothesline","floor":18},{"not_picked":["Perfected Strike+1","Flex"],"picked":"Disarm","floor":22},{"not_picked":["Flex+1","True Grit","Body Slam"],"picked":"SKIP","floor":22},{"not_picked":["Hemokinesis","Pommel Strike","Headbutt"],"picked":"SKIP","floor":23},{"not_picked":["Armaments+1","Berserk"],"picked":"Burning Pact","floor":28},{"not_picked":["Pommel Strike","Metallicize","Shrug It Off"],"picked":"SKIP","floor":28},{"not_picked":["Clash","Armaments"],"picked":"Infernal Blade","floor":29},{"not_picked":["Uppercut+1","Clash"],"picked":"Feel No Pain","floor":29},{"not_picked":["Combust","Thunderclap"],"picked":"Power Through","floor":31}],"player_experience":1070645,"relics_obtained":[{"floor":6.0,"key":"Boot"},{"floor":9.0,"key":"Prayer Wheel"},{"floor":13.0,"key":"Sundial"},{"floor":23,"key":"Matryoshka"},{"floor":26,"key":"Art of War"},{"floor":26,"key":"Tiny Chest"},{"floor":31,"key":"Red Skull"}],"event_choices":[{"damage_healed":0.0,"max_hp_gain":0.0,"max_hp_loss":0.0,"gold_gain":0.0,"event_name":"Lab","player_choice":"Got Potions","floor":2.0,"gold_loss":0.0,"damage_taken":0.0},{"damage_healed":0.0,"max_hp_gain":0.0,"max_hp_loss":0.0,"gold_gain":0.0,"event_name":"Wheel of Change","player_choice":"Cursed","floor":5.0,"gold_loss":0.0,"damage_taken":0.0,"cards_obtained":["Decay"]},{"damage_healed":0,"gold_gain":0,"player_choice":"Obtained Relic","damage_taken":0,"relics_obtained":["Bag of Preparation"],"max_hp_gain":0,"max_hp_loss":0,"event_name":"Addict","floor":19,"gold_loss":85},{"damage_healed":0,"gold_gain":0,"player_choice":"Simplicity","damage_taken":0,"max_hp_gain":0,"max_hp_loss":0,"event_name":"Back to Basics","floor":21,"gold_loss":0,"cards_upgraded":["Strike_R","Strike_R","Strike_R","Strike_R","Strike_R","Defend_R","Defend_R","Defend_R","Defend_R"]}],"is_beta":false,"boss_relics":[{"not_picked":["Sozu","White Beast Statue"],"picked":"Snecko Eye"}],"items_purged_floors":[20],"is_endless":false,"potions_floor_spawned":[6,12,18,22,29],"killed_by":"Collector","ascension_level":20}