{"gold_per_floor":[109,128,21,36,311,311,128,139,139,149,149,166,198,248,248,325,325,337,17,17,17,31,31,31],"floor_reached":24,"playtime":857,"items_purged":["Regret","Strike_R"],"score":372,"play_id":"479b2420-adc0-4935-b211-8d58877df0fd","local_time":"20190808213107","is_ascension_mode":true,"campfire_choices":[{"data":"Metallicize","floor":6,"key":"SMITH"},{"data":"Flex","floor":11,"key":"SMITH"},{"data":"True Grit","floor":15,"key":"SMITH"},{"data":"Armaments","floor":23,"key":"SMITH"}],"neow_cost":"NONE","seed_source_timestamp":534569716648099,"circlet_count":0,"master_deck":["AscendersBane","Strike_R","Strike_R","Defend_R","Defend_R","Defend_R","Defend_R","Bash","Anger","Metallicize+1","Flex+1","Body Slam","Shrug It Off","True Grit+1","Iron Wave","Seeing Red","Pummel","Headbutt","Flame Barrier","Limit Break","Armaments+1","Metallicize","Rampage","Jack Of All Trades","Shame","Ghostly","Ghostly","Ghostly","Heavy Blade"],"relics":["Burning Blood","NeowsBlessing","Shuriken","Bird Faced Urn","Empty Cage","Juzu Bracelet"],"potions_floor_usage":[12,16,16,24],"damage_taken":[{"damage":0,"enemies":"Cultist","floor":1,"turns":1},{"damage":0,"enemies":"Small Slimes","floor":2,"turns":1},{"damage":0,"enemies":"2 Louse","floor":4,"turns":1},{"damage":12,"enemies":"Red Slaver","floor":8,"turns":4},{"damage":18,"enemies":"2 Fungi Beasts","floor":10,"turns":4},{"damage":6,"enemies":"Large Slime","floor":12,"turns":6},{"damage":27,"enemies":"Gremlin Nob","floor":13,"turns":4},{"damage":35,"enemies":"Hexaghost","floor":16,"turns":12},{"damage":32,"enemies":"Shell Parasite","floor":18,"turns":10},{"damage":0,"enemies":"2 Thieves","floor":22,"turns":4},{"damage":41,"enemies":"Gremlin Leader","floor":24,"turns":9}],"seed_played":"-6675821998847388763","potions_obtained":[{"floor":2,"key":"Strength Potion"},{"floor":10,"key":"Swift Potion"},{"floor":13,"key":"Regen Potion"},{"floor":18,"key":"AttackPotion"},{"floor":22,"key":"BloodPotion"}],"is_trial":false,"path_per_floor":["M","M","$","M","?","R","$","M","T","M","R","M","E","?","R","B",null,"M","$","?","?","M","R","E"],"character_chosen":"IRONCLAD","items_purchased":["Flex","Body Slam","True Grit","Iron Wave","Metallicize","Rampage","Jack Of All Trades"],"campfire_rested":0,"item_purchase_floors":[3,3,7,7,19,19,19],"current_hp_per_floor":[74,75,75,75,75,75,75,69,69,57,57,57,36,29,29,17,61,37,37,37,37,37,37,0],"gold":31,"neow_bonus":"THREE_ENEMY_KILL","is_prod":false,"is_daily":false,"chose_seed":false,"campfire_upgraded":4,"win_rate":0,"timestamp":1565292667,"path_taken":["M","?","$","M","?","R","$","M","T","M","R","?","E","?","R","BOSS","M","$","?","?","M","R","E"],"build_version":"2019-07-17","purchased_purges":2,"victory":false,"max_hp_per_floor":[75,75,75,75,75,75,75,75,75,75,75,75,75,75,75,75,75,75,75,75,37,37,37,37],"card_choices":[{"not_picked":["Clothesline","Heavy Blade"],"picked":"Anger","floor":1},{"not_picked":["Shrug It Off","Wild Strike"],"picked":"Metallicize","floor":2},{"not_picked":["Sentinel","Exhume"],"picked":"Shrug It Off","floor":4},{"not_picked":["Warcry","Sentinel"],"picked":"Seeing Red","floor":8},{"not_picked":["Cleave","Fire Breathing"],"picked":"Pummel","floor":10},{"not_picked":["Fire Breathing","Body Slam"],"picked":"Headbutt","floor":12},{"not_picked":["Iron Wave","Bloodletting"],"picked":"Flame Barrier","floor":13},{"not_picked":["Demon Form","Dark Embrace"],"picked":"Limit Break","floor":16},{"not_picked":["Sword Boomerang","Havoc"],"picked":"Armaments","floor":18},{"not_picked":["Carnage","Dropkick"],"picked":"Heavy Blade","floor":22}],"player_experience":1837969,"relics_obtained":[{"floor":9,"key":"Shuriken"},{"floor":13,"key":"Bird Faced Urn"}],"event_choices":[{"damage_healed":0,"gold_gain":275,"player_choice":"Desecrate","damage_taken":0,"max_hp_gain":0,"max_hp_loss":0,"event_name":"Golden Shrine","floor":5,"gold_loss":0,"cards_obtained":["Regret"]},{"damage_healed":0,"gold_gain":50,"player_choice":"Touch","damage_taken":7,"max_hp_gain":0,"max_hp_loss":0,"event_name":"FaceTrader","floor":14,"gold_loss":0},{"damage_healed":0,"gold_gain":0,"player_choice":"Stole Relic","damage_taken":0,"relics_obtained":["Juzu Bracelet"],"max_hp_gain":0,"max_hp_loss":0,"event_name":"Addict","floor":20,"gold_loss":0,"cards_obtained":["Shame"]},{"damage_healed":0,"gold_gain":0,"player_choice":"Became a Ghost","damage_taken":0,"max_hp_gain":0,"max_hp_loss":38,"event_name":"Ghosts","floor":21,"gold_loss":0,"cards_obtained":["Ghostly","Ghostly","Ghostly"]}],"is_beta":false,"boss_relics":[{"not_picked":["Calling Bell","Fusion Hammer"],"picked":"Empty Cage"}],"items_purged_floors":[7,19],"is_endless":false,"potions_floor_spawned":[2,10,13,18,22],"killed_by":"Gremlin Leader","ascension_level":18}