{"gold_per_floor":[111,111,111,111,129,172,172,211,211,211,24,42,42,55,55,55],"floor_reached":16,"playtime":489,"items_purged":["Injury"],"score":239,"play_id":"a38ac427-4bd0-4f36-b1f5-91ead1d34f5b","local_time":"20190617103515","is_ascension_mode":true,"campfire_choices":[{"data":"Neutralize","floor":7,"key":"SMITH"},{"floor":10,"key":"REST"},{"data":"Flechettes","floor":13,"key":"SMITH"},{"data":"Deadly Poison","floor":15,"key":"SMITH"}],"neow_cost":"NONE","seed_source_timestamp":27976456655900,"circlet_count":0,"master_deck":["AscendersBane","Defend_G","Defend_G","Defend_G","Defend_G","Defend_G","Strike_G","Strike_G","Strike_G","Strike_G","Strike_G","Survivor","Neutralize+1","Flechettes+1","Dagger Throw","Deadly Poison+1","Cloak And Dagger+1","Flying Knee","Blur+1"],"relics":["Ring of the Snake","NeowsBlessing","Happy Flower","Golden Idol","Strawberry","Toxic Egg 2","Mercury Hourglass"],"potions_floor_usage":[8,8,16,16],"damage_taken":[{"damage":0,"enemies":"2 Louse","floor":1,"turns":1},{"damage":0,"enemies":"Small Slimes","floor":5,"turns":1},{"damage":0,"enemies":"Gremlin Nob","floor":6,"turns":1},{"damage":33,"enemies":"3 Sentries","floor":8,"turns":14},{"damage":0,"enemies":"Cultist","floor":12,"turns":3},{"damage":0,"enemies":"Large Slime","floor":14,"turns":4},{"damage":39,"enemies":"Slime Boss","floor":16,"turns":11}],"seed_played":"-2156862281587731719","potions_obtained":[{"floor":1,"key":"Poison Potion"},{"floor":4,"key":"FearPotion"},{"floor":6,"key":"GamblersBrew"},{"floor":12,"key":"AttackPotion"}],"is_trial":false,"path_per_floor":["M","?","?","?","M","E","R","E","T","R","$","M","R","M","R","B"],"character_chosen":"THE_SILENT","items_purchased":["Dexterity Potion","Cloak And Dagger+1"],"campfire_rested":1,"item_purchase_floors":[11,11],"current_hp_per_floor":[59,41,41,41,41,48,48,15,15,36,36,36,36,36,36,0],"gold":55,"neow_bonus":"THREE_ENEMY_KILL","is_prod":false,"is_daily":false,"chose_seed":false,"campfire_upgraded":3,"win_rate":0,"timestamp":1560760515,"path_taken":["M","?","?","?","M","E","R","E","T","R","$","M","R","M","R","BOSS"],"build_version":"2019-01-23","purchased_purges":1,"victory":false,"max_hp_per_floor":[66,66,66,66,66,73,73,73,73,73,73,73,73,73,73,73],"card_choices":[{"not_picked":["Cloak And Dagger","Underhanded Strike"],"picked":"Flechettes","floor":1},{"not_picked":["Prepared","Flechettes"],"picked":"Dagger Throw","floor":5},{"not_picked":["Burst","Blade Dance"],"picked":"Deadly Poison","floor":6},{"not_picked":["Outmaneuver","Prepared","Dagger Throw"],"picked":"SKIP","floor":8},{"not_picked":["Slice","Dagger Spray"],"picked":"Flying Knee","floor":12},{"not_picked":["Cloak And Dagger+1","Quick Slash"],"picked":"Blur+1","floor":14}],"player_experience":1390070,"relics_obtained":[{"floor":6,"key":"Strawberry"},{"floor":8,"key":"Toxic Egg 2"},{"floor":9,"key":"Mercury Hourglass"}],"event_choices":[{"damage_healed":0,"gold_gain":0,"player_choice":"Success","damage_taken":18,"relics_obtained":["Happy Flower"],"max_hp_gain":0,"max_hp_loss":0,"event_name":"Scrap Ooze","floor":2,"gold_loss":0},{"damage_healed":0,"gold_gain":0,"player_choice":"Take Wound","damage_taken":0,"relics_obtained":["Golden Idol"],"max_hp_gain":0,"max_hp_loss":0,"event_name":"Golden Idol","floor":3,"gold_loss":0,"cards_obtained":["Injury"]},{"damage_healed":0,"gold_gain":0,"player_choice":"Got Potions","damage_taken":0,"max_hp_gain":0,"max_hp_loss":0,"event_name":"Lab","floor":4,"gold_loss":0}],"is_beta":false,"boss_relics":[],"items_purged_floors":[11],"is_endless":false,"potions_floor_spawned":[1,6,12],"killed_by":"Slime Boss","ascension_level":16}