{"gold_per_floor":[110,122,132,57,75,75,105,117,129,141,164,176],"floor_reached":12,"playtime":421,"items_purged":[],"score":148,"play_id":"4c4b08fa-7da9-46c6-9b0c-e0e1c3550ad8","local_time":"20190718041335","is_ascension_mode":true,"campfire_choices":[{"floor":6,"key":"REST"},{"data":"True Grit","floor":8,"key":"SMITH"},{"floor":10,"key":"REST"}],"neow_cost":"PERCENT_DAMAGE","seed_source_timestamp":459224715286600,"circlet_count":0,"master_deck":["AscendersBane","Strike_R","Strike_R","Strike_R","Strike_R","Defend_R","Defend_R+1","Defend_R","Defend_R+1","Bash","Headbutt","Thunderclap","Heavy Blade","True Grit+1","Second Wind","Shockwave"],"relics":["Burning Blood","Mango","MawBank","War Paint"],"potions_floor_usage":[7,11,12],"damage_taken":[{"damage":12,"enemies":"Small Slimes","floor":1,"turns":4},{"damage":7,"enemies":"Cultist","floor":2,"turns":4},{"damage":14,"enemies":"Jaw Worm","floor":3,"turns":5},{"damage":40,"enemies":"Large Slime","floor":5,"turns":10},{"damage":35,"enemies":"3 Sentries","floor":7,"turns":9},{"damage":5,"enemies":"Gremlin Gang","floor":11,"turns":3},{"damage":45,"enemies":"Lagavulin","floor":12,"turns":6}],"seed_played":"-2253134804912365865","potions_obtained":[{"floor":5,"key":"Poison Potion"},{"floor":7,"key":"SteroidPotion"},{"floor":11,"key":"SteroidPotion"}],"is_trial":false,"path_per_floor":["M","M","M","?","M","R","E","R","T","R","M","E"],"character_chosen":"IRONCLAD","items_purchased":[],"campfire_rested":2,"item_purchase_floors":[],"current_hp_per_floor":[58,57,49,49,15,41,12,12,12,38,39,0],"gold":176,"neow_bonus":"ONE_RARE_RELIC","is_prod":false,"is_daily":false,"chose_seed":false,"campfire_upgraded":1,"win_rate":0,"timestamp":1563416015,"path_taken":["M","M","M","?","M","R","E","R","T","R","M","E"],"build_version":"2019-07-17","purchased_purges":0,"victory":false,"max_hp_per_floor":[89,89,89,89,89,89,89,89,89,89,89,89],"card_choices":[{"not_picked":["Sword Boomerang","Carnage"],"picked":"Headbutt","floor":1},{"not_picked":["Headbutt","Blood for Blood"],"picked":"Thunderclap","floor":2},{"not_picked":["Warcry","Perfected Strike"],"picked":"Heavy Blade","floor":3},{"not_picked":["Seeing Red","Cleave"],"picked":"True Grit","floor":5},{"not_picked":["Iron Wave","Twin Strike"],"picked":"Second Wind","floor":7},{"not_picked":["Blood for Blood","Reaper"],"picked":"Shockwave","floor":11}],"player_experience":1671232,"relics_obtained":[{"floor":7,"key":"MawBank"},{"floor":9,"key":"War Paint"}],"event_choices":[{"cards_removed":["Strike_R"],"damage_healed":0,"gold_gain":0,"player_choice":"Card Removal","damage_taken":0,"max_hp_gain":0,"max_hp_loss":0,"event_name":"The Cleric","floor":4,"gold_loss":75}],"is_beta":false,"boss_relics":[],"items_purged_floors":[],"is_endless":false,"potions_floor_spawned":[5,7,11],"killed_by":"Lagavulin","ascension_level":17}