{"gold_per_floor":[110,129,179,5,16,16,48,48,72,87,113,113,132,142,142,216,216,227,227,127,127,144,144,162,162],"floor_reached":25,"playtime":990,"items_purged":["Strike_R","Strike_R"],"score":383,"play_id":"bb75318e-a774-4822-952d-9968a20c0a38","local_time":"20190527125818","is_ascension_mode":true,"campfire_choices":[{"data":"Enlightenment","floor":6,"key":"SMITH"},{"data":"Flame Barrier","floor":8,"key":"SMITH"},{"data":"Clothesline","floor":12,"key":"SMITH"},{"floor":15,"key":"REST"},{"data":"Limit Break","floor":23,"key":"SMITH"}],"neow_cost":"NONE","seed_source_timestamp":1172334270451700,"circlet_count":0,"master_deck":["AscendersBane","Strike_R","Strike_R","Strike_R","Defend_R","Defend_R","Defend_R","Defend_R","Bash+1","Shrug It Off","Enlightenment+1","Flame Barrier+1","Pommel Strike","Clothesline+1","Second Wind","Limit Break+1","Spot Weakness","Bludgeon","Shockwave","RitualDagger","Intimidate","Headbutt"],"relics":["Burning Blood","Bag of Marbles","Bronze Scales","Omamori","Eternal Feather"],"potions_floor_usage":[7,7,14,19,24,25],"damage_taken":[{"damage":8,"enemies":"Jaw Worm","floor":1,"turns":4},{"damage":11,"enemies":"Cultist","floor":2,"turns":4},{"damage":0,"enemies":"2 Louse","floor":5,"turns":3},{"damage":26,"enemies":"Lagavulin","floor":7,"turns":10},{"damage":9,"enemies":"Exordium Wildlife","floor":10,"turns":4},{"damage":25,"enemies":"3 Sentries","floor":11,"turns":10},{"damage":4,"enemies":"Red Slaver","floor":13,"turns":3},{"damage":4,"enemies":"3 Louse","floor":14,"turns":3},{"damage":29,"enemies":"The Guardian","floor":16,"turns":13},{"damage":20,"enemies":"Chosen","floor":18,"turns":6},{"damage":24,"enemies":"Colosseum Slavers","floor":19,"turns":6},{"damage":14,"enemies":"3 Byrds","floor":22,"turns":4},{"damage":38,"enemies":"3 Cultists","floor":24,"turns":6},{"damage":15,"enemies":"Book of Stabbing","floor":25,"turns":3}],"seed_played":"3138748690202769973","potions_obtained":[{"floor":1,"key":"SteroidPotion"},{"floor":5,"key":"AttackPotion"},{"floor":10,"key":"FearPotion"},{"floor":14,"key":"SmokeBomb"},{"floor":16,"key":"Energy Potion"},{"floor":18,"key":"Regen Potion"},{"floor":22,"key":"Weak Potion"}],"is_trial":false,"path_per_floor":["M","M","?","$","M","R","E","R","T","M","E","R","M","M","R","B",null,"M","?","$","?","M","R","M","E"],"character_chosen":"IRONCLAD","items_purchased":["Enlightenment"],"campfire_rested":1,"item_purchase_floors":[4],"current_hp_per_floor":[66,61,54,54,60,60,40,40,40,37,18,18,20,22,44,21,62,48,45,45,39,31,43,11,0],"gold":162,"neow_bonus":"UPGRADE_CARD","is_prod":false,"is_daily":false,"chose_seed":false,"campfire_upgraded":4,"win_rate":0,"timestamp":1558954698,"path_taken":["M","M","?","$","M","R","E","R","T","M","E","R","M","?","R","BOSS","M","?","$","?","M","R","M","E"],"build_version":"2019-01-23","purchased_purges":2,"victory":false,"max_hp_per_floor":[75,75,75,75,75,75,75,75,75,75,75,75,75,75,75,75,75,75,75,75,75,75,75,75,75],"card_choices":[{"not_picked":["Combust","Corruption","Blood for Blood"],"picked":"SKIP","floor":1},{"not_picked":["Intimidate","Fire Breathing"],"picked":"Shrug It Off","floor":2},{"not_picked":["Burning Pact","True Grit"],"picked":"Flame Barrier","floor":5},{"not_picked":["Shrug It Off","Heavy Blade"],"picked":"Pommel Strike","floor":7},{"not_picked":["Havoc","Shrug It Off"],"picked":"Clothesline","floor":10},{"not_picked":["True Grit","Body Slam"],"picked":"Second Wind","floor":11},{"not_picked":["Cleave","Clothesline"],"picked":"Limit Break","floor":13},{"not_picked":["Headbutt","Sentinel"],"picked":"Spot Weakness","floor":14},{"not_picked":["Brutality","Double Tap"],"picked":"Bludgeon","floor":16},{"not_picked":["Flame Barrier","Carnage"],"picked":"Shockwave","floor":18},{"not_picked":["Twin Strike","Thunderclap"],"picked":"Intimidate","floor":22},{"not_picked":["Pommel Strike","Shrug It Off"],"picked":"Headbutt","floor":24}],"player_experience":1215710,"relics_obtained":[{"floor":7,"key":"Bag of Marbles"},{"floor":9,"key":"Bronze Scales"},{"floor":11,"key":"Omamori"}],"event_choices":[{"damage_healed":0,"gold_gain":50,"player_choice":"Touch","damage_taken":7,"max_hp_gain":0,"max_hp_loss":0,"event_name":"FaceTrader","floor":3,"gold_loss":0},{"damage_healed":0,"gold_gain":0,"player_choice":"Fight","damage_taken":0,"max_hp_gain":0,"max_hp_loss":0,"event_name":"Colosseum","floor":19,"gold_loss":0},{"damage_healed":0,"gold_gain":0,"player_choice":"Fled From Nobs","damage_taken":0,"max_hp_gain":0,"max_hp_loss":0,"event_name":"Colosseum","floor":19,"gold_loss":0},{"damage_healed":0,"gold_gain":0,"player_choice":"Joined the Cult","damage_taken":6,"max_hp_gain":0,"max_hp_loss":0,"event_name":"Nest","floor":21,"gold_loss":0,"cards_obtained":["RitualDagger"]}],"is_beta":false,"boss_relics":[{"not_picked":["Runic Dome","Fusion Hammer"],"picked":"Eternal Feather"}],"items_purged_floors":[4,20],"is_endless":false,"potions_floor_spawned":[1,5,10,14,16,18,22],"killed_by":"Book of Stabbing","ascension_level":16}