{"gold_per_floor":[113,113,113,113,113,139,139,157,157,184,204,204,219,238,238,317,317,329,329,379,399,177,197,197,122,149,149,149,19,34,54,54,54],"floor_reached":33,"playtime":976,"items_purged":["Strike_R","Strike_R"],"score":557,"play_id":"6045a08f-bd1b-4e9f-980a-7d4a49dd7569","local_time":"20190813035655","is_ascension_mode":true,"campfire_choices":[{"data":"Bloodletting","floor":7.0,"key":"SMITH"},{"data":"Flex","floor":12.0,"key":"SMITH"},{"data":"True Grit","floor":15.0,"key":"SMITH"},{"data":"Ghostly","floor":24,"key":"SMITH"},{"floor":28,"key":"REST"},{"data":"Armaments","floor":32,"key":"SMITH"}],"neow_cost":"NONE","seed_source_timestamp":903124574708000,"circlet_count":0,"master_deck":["AscendersBane","Strike_R","Strike_R","Defend_R+1","Defend_R","Defend_R","Defend_R+1","Bash+1","Anger+1","Bloodletting+1","Flex+1","Uppercut","Heavy Blade","Heavy Blade","True Grit+1","Double Tap","Shockwave","Ghostly+1","Ghostly","Ghostly+1","Flex","Feel No Pain","Armaments+1","Whirlwind+1","Ghostly+1","Flex","Clash","Bludgeon"],"special_seed":0,"relics":["Burning Blood","NeowsBlessing","Regal Pillow","Letter Opener","Shovel","Sozu","War Paint"],"potions_floor_usage":[],"damage_taken":[{"damage":0.0,"enemies":"2 Louse","floor":1.0,"turns":2.0},{"damage":0.0,"enemies":"3 Sentries","floor":6.0,"turns":1.0},{"damage":0.0,"enemies":"Small Slimes","floor":8.0,"turns":1.0},{"damage":44.0,"enemies":"Gremlin Nob","floor":10.0,"turns":5.0},{"damage":0.0,"enemies":"Cultist","floor":11.0,"turns":2.0},{"damage":6.0,"enemies":"Exordium Wildlife","floor":13.0,"turns":3.0},{"damage":0.0,"enemies":"Blue Slaver","floor":14.0,"turns":1.0},{"damage":21.0,"enemies":"Slime Boss","floor":16.0,"turns":5.0},{"damage":30.0,"enemies":"Spheric Guardian","floor":18.0,"turns":5.0},{"damage":0,"enemies":"Chosen","floor":21,"turns":5},{"damage":29,"enemies":"Sentry and Sphere","floor":23,"turns":8},{"damage":0,"enemies":"Centurion and Healer","floor":30,"turns":2},{"damage":10,"enemies":"Snecko","floor":31,"turns":4},{"damage":56,"enemies":"Collector","floor":33,"turns":3}],"seed_played":"-6103151475932425128","potions_obtained":[{"floor":6.0,"key":"SkillPotion"},{"floor":10.0,"key":"Swift Potion"},{"floor":13.0,"key":"Ancient Potion"}],"is_trial":false,"path_per_floor":["M","?","$","?","?","E","R","M","T","E","M","R","M","M","R","B",null,"M","?","?","M","$","M","R","?","T","?","R","$","M","M","R","B"],"character_chosen":"IRONCLAD","items_purchased":["Feel No Pain","Armaments","Flex"],"campfire_rested":1,"item_purchase_floors":[22,22,29],"current_hp_per_floor":[74,79,79,55,55,61,61,67,67,29,35,35,35,41,41,26,67,43,40,40,40,40,17,17,17,17,17,40,40,40,36,36,0],"gold":54,"neow_bonus":"THREE_ENEMY_KILL","is_prod":false,"is_daily":false,"chose_seed":false,"campfire_upgraded":5,"win_rate":0,"timestamp":1565661415,"path_taken":["M","?","$","?","?","E","R","?","T","E","M","R","M","M","R","BOSS","M","?","?","?","$","M","R","?","T","?","R","$","?","M","R","BOSS"],"build_version":"2019-07-17","purchased_purges":2,"victory":false,"max_hp_per_floor":[75,80,80,80,80,80,80,80,80,80,80,80,80,80,80,80,80,80,40,40,40,40,40,40,40,40,40,40,40,40,40,40,40],"card_choices":[{"not_picked":["Flex","Hemokinesis"],"picked":"Anger","floor":1.0},{"not_picked":["Sever Soul","Cleave"],"picked":"Bloodletting","floor":6.0},{"not_picked":["Ghostly Armor","Heavy Blade"],"picked":"Flex","floor":8.0},{"not_picked":["Brutality","Warcry"],"picked":"Uppercut","floor":10.0},{"not_picked":["Armaments","Iron Wave"],"picked":"Heavy Blade","floor":11.0},{"not_picked":["Flex","Clothesline"],"picked":"Heavy Blade","floor":13.0},{"not_picked":["Blood for Blood","Perfected Strike"],"picked":"True Grit","floor":14.0},{"not_picked":["Berserk","Dark Embrace"],"picked":"Double Tap","floor":16.0},{"not_picked":["Armaments","Flex"],"picked":"Shockwave","floor":18.0},{"not_picked":["Havoc","Pummel"],"picked":"Flex","floor":21},{"not_picked":["Sword Boomerang+1","Sever Soul"],"picked":"Whirlwind+1","floor":23},{"not_picked":["Armaments","Wild Strike"],"picked":"Clash","floor":30},{"not_picked":["Hemokinesis","Heavy Blade"],"picked":"Bludgeon","floor":31}],"player_experience":1868521,"relics_obtained":[{"floor":6.0,"key":"Regal Pillow"},{"floor":9.0,"key":"Letter Opener"},{"floor":10.0,"key":"Shovel"},{"floor":26,"key":"War Paint"}],"event_choices":[{"damage_healed":0.0,"max_hp_gain":5.0,"max_hp_loss":0.0,"gold_gain":0.0,"event_name":"Big Fish","player_choice":"Donut","floor":2.0,"gold_loss":0.0,"damage_taken":0.0},{"damage_healed":0.0,"max_hp_gain":0.0,"max_hp_loss":0.0,"gold_gain":0.0,"event_name":"Shining Light","player_choice":"Entered Light","floor":4.0,"gold_loss":0.0,"damage_taken":24.0,"cards_upgraded":["Bash","Defend_R"]},{"damage_healed":0.0,"max_hp_gain":0.0,"max_hp_loss":0.0,"gold_gain":0.0,"event_name":"Upgrade Shrine","player_choice":"Upgraded","floor":5.0,"gold_loss":0.0,"damage_taken":0.0,"cards_upgraded":["Anger"]},{"damage_healed":0.0,"max_hp_gain":0.0,"max_hp_loss":40.0,"gold_gain":0.0,"event_name":"Ghosts","player_choice":"Became a Ghost","floor":19.0,"gold_loss":0.0,"damage_taken":0.0,"cards_obtained":["Ghostly","Ghostly","Ghostly"]},{"damage_healed":0.0,"max_hp_gain":0.0,"max_hp_loss":0.0,"gold_gain":100.0,"event_name":"The Joust","player_choice":"Bet on Murderer","floor":20.0,"gold_loss":50.0,"damage_taken":0.0},{"cards_removed":["Strike_R"],"damage_healed":0,"gold_gain":0,"player_choice":"Gave Gold","damage_taken":0,"max_hp_gain":0,"max_hp_loss":0,"event_name":"Beggar","floor":25,"gold_loss":75},{"damage_healed":0,"gold_gain":0,"player_choice":"Copied","damage_taken":0,"max_hp_gain":0,"max_hp_loss":0,"event_name":"Duplicator","floor":27,"gold_loss":0,"cards_obtained":["Ghostly"]}],"is_beta":false,"boss_relics":[{"not_picked":["Coffee Dripper","Black Blood"],"picked":"Sozu"}],"items_purged_floors":[22,29],"is_endless":false,"potions_floor_spawned":[6,10,13,18,30],"killed_by":"Collector","ascension_level":18}