{"gold_per_floor":[99,99,24,24,24,24,24,24,24,24,24,24,24,24,24,24,24,0,0,0,0,0,0,0,0,0,0,0,0,0,0,0,0,0,0,0,0,0,0,0,0,0,0,0,0,0,0,0,0,0],"floor_reached":51,"playtime":3919,"items_purged":["Strike_G"],"score":1525,"play_id":"0012c574-8504-4061-afab-83ac9a92c803","local_time":"20191005212438","is_ascension_mode":true,"campfire_choices":[{"data":"Footwork","floor":7.0,"key":"SMITH"},{"floor":11.0,"key":"REST"},{"data":"Footwork","floor":15.0,"key":"SMITH"},{"data":"Burst","floor":23.0,"key":"SMITH"},{"data":"Neutralize","floor":25,"key":"SMITH"},{"data":"Footwork","floor":29,"key":"SMITH"},{"data":"Outmaneuver","floor":32,"key":"SMITH"},{"data":"Malaise","floor":40,"key":"SMITH"},{"data":"Backflip","floor":42,"key":"SMITH"},{"data":"Predator","floor":47,"key":"SMITH"},{"floor":49,"key":"REST"}],"neow_cost":"NONE","seed_source_timestamp":96859604953396,"circlet_count":0,"master_deck":["AscendersBane","Defend_G","Defend_G","Defend_G","Defend_G","Defend_G","Survivor","Neutralize+1","Predator+1","Dagger Throw","Footwork+1","Dagger Spray","Footwork+1","Backflip+1","Tools of the Trade","Terror","Outmaneuver+1","Quick Slash","Footwork+1","Burst+1","Backstab","Malaise+1","Prepared+1","Noxious Fumes+1","Bandage Up+1","Catalyst+1"],"special_seed":0,"relics":["Ectoplasm","Oddly Smooth Stone","The Specimen","Calipers","Gremlin Horn","Empty Cage","Boot","Sundial","Calling Bell","Art of War","Toxic Egg 2","Turnip","Shuriken","Red Mask","Meat on the Bone","Bag of Preparation"],"potions_floor_usage":[28,46,50],"damage_taken":[{"damage":7.0,"enemies":"2 Louse","floor":1.0,"turns":3.0},{"damage":0.0,"enemies":"Jaw Worm","floor":5.0,"turns":5.0},{"damage":14.0,"enemies":"3 Sentries","floor":6.0,"turns":9.0},{"damage":26.0,"enemies":"Gremlin Nob","floor":10.0,"turns":4.0},{"damage":0.0,"enemies":"Small Slimes","floor":12.0,"turns":3.0},{"damage":3.0,"enemies":"Blue Slaver","floor":13.0,"turns":5.0},{"damage":5.0,"enemies":"Exordium Wildlife","floor":14.0,"turns":7.0},{"damage":0.0,"enemies":"The Guardian","floor":16.0,"turns":18.0},{"damage":5.0,"enemies":"2 Thieves","floor":18.0,"turns":5.0},{"damage":3.0,"enemies":"3 Byrds","floor":19.0,"turns":7.0},{"damage":11.0,"enemies":"Centurion and Healer","floor":22.0,"turns":8.0},{"damage":23,"enemies":"Gremlin Leader","floor":27,"turns":10},{"damage":5,"enemies":"Snake Plant","floor":28,"turns":5},{"damage":27,"enemies":"Shelled Parasite and Fungi","floor":31,"turns":8},{"damage":0,"enemies":"Champ","floor":33,"turns":23},{"damage":6,"enemies":"Orb Walker","floor":35,"turns":7},{"damage":8,"enemies":"3 Shapes","floor":38,"turns":9},{"damage":1,"enemies":"Spire Growth","floor":41,"turns":8},{"damage":0,"enemies":"Giant Head","floor":44,"turns":12},{"damage":23,"enemies":"Writhing Mass","floor":45,"turns":15},{"damage":3,"enemies":"Jaw Worm Horde","floor":46,"turns":7},{"damage":27,"enemies":"Transient","floor":48,"turns":6},{"damage":66,"enemies":"Awakened One","floor":50,"turns":18}],"seed_played":"-3284984836952915223","potions_obtained":[{"floor":1.0,"key":"Energy Potion"},{"floor":5.0,"key":"SteroidPotion"},{"floor":10.0,"key":"Strength Potion"},{"floor":19.0,"key":"SkillPotion"},{"floor":28,"key":"SpeedPotion"},{"floor":48,"key":"Fire Potion"}],"is_trial":false,"path_per_floor":["M","?","$","?","M","E","R","$","T","E","R","M","M","M","R","B",null,"M","M","?","?","M","R","?","R","T","E","M","R","?","M","R","B",null,"M","T","?","M","?","R","M","R","T","E","M","M","R","M","R","B",null],"character_chosen":"THE_SILENT","items_purchased":[],"campfire_rested":2,"item_purchase_floors":[],"current_hp_per_floor":[52,52,52,41,41,27,27,27,27,1,20,20,17,12,12,12,53,48,45,45,45,34,34,34,34,34,11,6,6,76,49,49,49,76,70,70,70,62,62,62,73,73,73,76,59,62,62,41,63,21],"gold":0,"neow_bonus":"BOSS_RELIC","is_prod":false,"is_daily":false,"chose_seed":false,"campfire_upgraded":9,"win_rate":0,"timestamp":1570335878,"path_taken":["M","?","?","?","M","E","R","?","T","E","R","M","?","M","R","BOSS","M","M","?","?","M","R","?","R","T","E","M","R","?","M","R","BOSS","M","?","?","M","?","R","?","R","T","E","M","M","R","M","R","BOSS"],"build_version":"2019-07-17","purchased_purges":1,"victory":true,"max_hp_per_floor":[66,66,66,66,66,66,66,66,66,66,66,66,66,66,66,66,66,66,66,66,66,66,66,66,66,66,66,66,66,76,76,76,76,76,76,76,76,76,76,76,76,76,76,76,76,76,76,76,76,76],"card_choices":[{"not_picked":["All Out Attack","Flying Knee"],"picked":"Predator","floor":1.0},{"not_picked":["Catalyst","Outmaneuver"],"picked":"Dagger Throw","floor":5.0},{"not_picked":["Poisoned Stab","Deadly Poison"],"picked":"Footwork","floor":6.0},{"not_picked":["Endless Agony","Blade Dance"],"picked":"Dagger Spray","floor":10.0},{"not_picked":["Masterful Stab","Blur"],"picked":"Footwork","floor":12.0},{"not_picked":["Expertise","Quick Slash"],"picked":"Backflip","floor":13.0},{"not_picked":["All Out Attack","Masterful Stab"],"picked":"Die Die Die","floor":14.0},{"not_picked":["Bullet Time","Night Terror"],"picked":"Tools of the Trade","floor":16.0},{"not_picked":["Flying Knee+1","Dodge and Roll"],"picked":"Terror","floor":18.0},{"not_picked":["Crippling Poison","Bane"],"picked":"Outmaneuver","floor":19.0},{"not_picked":["Cloak And Dagger","Riddle With Holes+1"],"picked":"Burst","floor":22.0},{"not_picked":["Poisoned Stab","Cloak And Dagger","Accuracy"],"picked":"SKIP","floor":27},{"not_picked":["Poisoned Stab","Setup","Masterful Stab"],"picked":"SKIP","floor":28},{"not_picked":["Dagger Spray","Infinite Blades"],"picked":"Backstab","floor":31},{"not_picked":["Venomology","Envenom"],"picked":"Malaise","floor":33},{"not_picked":["Sucker Punch","Dagger Throw"],"picked":"Prepared+1","floor":35},{"not_picked":["Well Laid Plans","Bane+1"],"picked":"Noxious Fumes+1","floor":38},{"not_picked":["Chrysalis+1","Impatience+1"],"picked":"Bandage Up+1","floor":39},{"not_picked":["Concentrate+1","PiercingWail+1","Flying Knee"],"picked":"SKIP","floor":41},{"not_picked":["Endless Agony","Bane","Dodge and Roll+1"],"picked":"SKIP","floor":44},{"not_picked":["Sucker Punch","Dagger Throw","Endless Agony+1"],"picked":"SKIP","floor":45},{"not_picked":["Endless Agony+1","Blade Dance+1","Underhanded Strike"],"picked":"SKIP","floor":46},{"not_picked":["Flechettes","Bane"],"picked":"Catalyst+1","floor":48}],"player_experience":335260,"relics_obtained":[{"floor":6.0,"key":"The Specimen"},{"floor":9.0,"key":"Calipers"},{"floor":10.0,"key":"Gremlin Horn"},{"floor":26,"key":"Boot"},{"floor":27,"key":"Sundial"},{"floor":34,"key":"Art of War"},{"floor":34,"key":"Toxic Egg 2"},{"floor":34,"key":"Turnip"},{"floor":36,"key":"Shuriken"},{"floor":43,"key":"Meat on the Bone"},{"floor":44,"key":"Bag of Preparation"}],"event_choices":[{"damage_healed":0.0,"max_hp_gain":0.0,"max_hp_loss":0.0,"gold_gain":0.0,"event_name":"The Cleric","player_choice":"Leave","floor":2.0,"gold_loss":0.0,"damage_taken":0.0},{"damage_healed":0.0,"max_hp_gain":0.0,"max_hp_loss":0.0,"gold_gain":0.0,"event_name":"Scrap Ooze","player_choice":"Success","floor":4.0,"gold_loss":0.0,"damage_taken":11.0,"relics_obtained":["Oddly Smooth Stone"]},{"damage_healed":0.0,"max_hp_gain":0.0,"max_hp_loss":0.0,"gold_gain":0.0,"cards_transformed":["Strike_G","Strike_G"],"event_name":"Drug Dealer","player_choice":"Became Test Subject","floor":20.0,"gold_loss":0.0,"damage_taken":0.0,"cards_obtained":["Quick Slash","Footwork"]},{"damage_healed":0,"gold_gain":0,"player_choice":"Ignored","damage_taken":0,"max_hp_gain":0,"max_hp_loss":0,"event_name":"Cursed Tome","floor":24,"gold_loss":0},{"cards_removed":["Die Die Die"],"damage_healed":60,"gold_gain":0,"player_choice":"Offered Rare","damage_taken":0,"max_hp_gain":10,"max_hp_loss":0,"event_name":"Bonfire Elementals","floor":30,"gold_loss":0},{"damage_healed":0,"gold_gain":0,"player_choice":"Paid","damage_taken":0,"relics_obtained":["Red Mask"],"max_hp_gain":0,"max_hp_loss":0,"event_name":"Tomb of Lord Red Mask","floor":37,"gold_loss":0},{"damage_healed":0,"gold_gain":0,"player_choice":"Memory 1","damage_taken":0,"max_hp_gain":0,"max_hp_loss":0,"event_name":"SensoryStone","floor":39,"gold_loss":0}],"is_beta":false,"boss_relics":[{"not_picked":["Black Star","Runic Dome"],"picked":"Empty Cage"},{"not_picked":["HoveringKite","Fusion Hammer"],"picked":"Calling Bell"}],"items_purged_floors":[3],"is_endless":false,"potions_floor_spawned":[1,5,10,13,19,27,28,44,45,48],"ascension_level":19}