{"gold_per_floor":[112,125,125,25,39,39,66,66,66,66,95,95,115,150,150,221,221,240,340,18,37,47,47,58,19,73,23,42,42],"floor_reached":29,"playtime":1317,"items_purged":["Strike_G","Strike_G"],"score":413,"play_id":"df4836cc-0d4c-43bb-a4dc-e9633e317a31","local_time":"20190330202406","is_ascension_mode":true,"campfire_choices":[{"data":"Neutralize","floor":6,"key":"SMITH"},{"data":"Dash","floor":8,"key":"SMITH"},{"data":"Dodge and Roll","floor":10,"key":"SMITH"},{"data":"Flying Knee","floor":12,"key":"SMITH"},{"floor":15,"key":"REST"},{"floor":23,"key":"REST"}],"neow_cost":"NONE","seed_source_timestamp":395352837450500,"circlet_count":0,"master_deck":["AscendersBane","Defend_G","Defend_G","Defend_G","Defend_G","Survivor","Neutralize+1","Backflip","Dash+1","Dodge and Roll+1","Slice","Backflip","Flying Knee+1","Footwork","Envenom","Poisoned Stab+1","Cloak And Dagger+1","Riddle With Holes+1","Blade Dance+1","Catalyst+1","Apotheosis+1","Cloak And Dagger+1","Accuracy","Well Laid Plans","Cloak And Dagger+1","Blur+1","Blade Dance+1","Backstab"],"relics":["Ring of the Snake","NeowsBlessing","Snake Skull","Singing Bowl","The Courier","Gremlin Horn","Astrolabe","Incense Burner","Toxic Egg 2","Tiny Chest"],"potions_floor_usage":[7,11,14,18,24,29],"damage_taken":[{"damage":0,"enemies":"Jaw Worm","floor":1,"turns":1},{"damage":0,"enemies":"Cultist","floor":2,"turns":1},{"damage":0,"enemies":"2 Louse","floor":5,"turns":1},{"damage":24,"enemies":"3 Sentries","floor":7,"turns":12},{"damage":11,"enemies":"Gremlin Nob","floor":11,"turns":6},{"damage":0,"enemies":"Looter","floor":13,"turns":3},{"damage":2,"enemies":"Lagavulin","floor":14,"turns":7},{"damage":17,"enemies":"The Guardian","floor":16,"turns":19},{"damage":11,"enemies":"Chosen","floor":18,"turns":5},{"damage":18,"enemies":"Colosseum Slavers","floor":19,"turns":5},{"damage":26,"enemies":"Colosseum Nobs","floor":19,"turns":6},{"damage":5,"enemies":"3 Byrds","floor":21,"turns":5},{"damage":7,"enemies":"Sentry and Sphere","floor":22,"turns":8},{"damage":5,"enemies":"3 Cultists","floor":24,"turns":6},{"damage":2,"enemies":"Cultist and Chosen","floor":28,"turns":6},{"damage":17,"enemies":"Snecko","floor":29,"turns":4}],"seed_played":"5829267567371920120","potions_obtained":[{"floor":5,"key":"LiquidBronze"},{"floor":7,"key":"GamblersBrew"},{"floor":11,"key":"Strength Potion"},{"floor":16,"key":"Regen Potion"},{"floor":21,"key":"PowerPotion"},{"floor":22,"key":"Strength Potion"},{"floor":28,"key":"Weak Potion"}],"is_trial":false,"path_per_floor":["M","M","?","$","M","R","E","R","T","R","E","R","M","E","R","B",null,"M","?","$","M","M","R","M","$","T","?","M","M"],"character_chosen":"THE_SILENT","items_purchased":["Dodge and Roll","Apotheosis+1","Cloak And Dagger+1","Accuracy","Blade Dance+1"],"campfire_rested":2,"item_purchase_floors":[4,20,20,20,25],"current_hp_per_floor":[59,59,59,59,59,59,35,35,35,35,24,24,24,24,44,27,58,58,14,14,9,2,22,17,17,17,17,15,0],"gold":42,"neow_bonus":"THREE_ENEMY_KILL","is_prod":false,"is_daily":false,"chose_seed":false,"campfire_upgraded":4,"win_rate":0,"timestamp":1553973846,"path_taken":["M","M","?","$","?","R","E","R","T","R","E","R","M","E","R","BOSS","M","?","$","M","M","R","M","$","T","?","?","M"],"build_version":"2019-01-23","purchased_purges":2,"victory":false,"max_hp_per_floor":[66,66,66,66,66,66,66,66,66,66,66,66,66,68,68,68,68,68,68,68,68,68,68,68,68,68,68,68,68],"card_choices":[{"not_picked":["Acrobatics","Bane"],"picked":"Backflip","floor":1},{"not_picked":["Acrobatics","Cloak And Dagger"],"picked":"Dash","floor":2},{"not_picked":["Deadly Poison","Expertise"],"picked":"Slice","floor":5},{"not_picked":["Storm of Steel","Phantasmal Killer"],"picked":"Backflip","floor":7},{"not_picked":["Dodge and Roll","Outmaneuver"],"picked":"Flying Knee","floor":11},{"not_picked":["PiercingWail","Deadly Poison"],"picked":"Footwork","floor":13},{"not_picked":["Acrobatics","Flying Knee","Burst"],"picked":"Singing Bowl","floor":14},{"not_picked":["Storm of Steel","Tools of the Trade"],"picked":"Envenom","floor":16},{"not_picked":["Reflex","Poisoned Stab"],"picked":"Blade Dance+1","floor":18},{"not_picked":["Flying Knee","Infinite Blades"],"picked":"Catalyst","floor":19},{"not_picked":["Deadly Poison+1","PiercingWail+1"],"picked":"Well Laid Plans","floor":21},{"not_picked":["Dash","Quick Slash"],"picked":"Cloak And Dagger+1","floor":22},{"not_picked":["Dagger Throw+1","Sucker Punch"],"picked":"Blur+1","floor":24},{"not_picked":["Poisoned Stab","Quick Slash"],"picked":"Backstab","floor":28}],"player_experience":1021928,"relics_obtained":[{"floor":7,"key":"Snake Skull"},{"floor":9,"key":"Singing Bowl"},{"floor":11,"key":"The Courier"},{"floor":14,"key":"Gremlin Horn"},{"floor":19,"key":"Incense Burner"},{"floor":19,"key":"Toxic Egg 2"},{"floor":26,"key":"Tiny Chest"}],"event_choices":[{"cards_removed":["Strike_G"],"damage_healed":0,"gold_gain":0,"player_choice":"Offered Basic","damage_taken":0,"max_hp_gain":0,"max_hp_loss":0,"event_name":"Bonfire Elementals","floor":3,"gold_loss":0},{"damage_healed":0,"gold_gain":0,"player_choice":"Fight","damage_taken":0,"max_hp_gain":0,"max_hp_loss":0,"event_name":"Colosseum","floor":19,"gold_loss":0},{"damage_healed":0,"gold_gain":0,"player_choice":"Fought Nobs","damage_taken":0,"max_hp_gain":0,"max_hp_loss":0,"event_name":"Colosseum","floor":19,"gold_loss":0},{"damage_healed":0,"gold_gain":0,"player_choice":"Bet on Owner","damage_taken":0,"max_hp_gain":0,"max_hp_loss":0,"event_name":"The Joust","floor":27,"gold_loss":50}],"is_beta":false,"boss_relics":[{"not_picked":["Tiny House","Fusion Hammer"],"picked":"Astrolabe"}],"items_purged_floors":[4,20],"is_endless":false,"potions_floor_spawned":[5,7,11,16,19,21,22,28],"killed_by":"Snecko","ascension_level":14}