{"gold_per_floor":[111,127,127,40,52,52,66,66,66,78,78,95,121,121,121,194,194,207,222,222,222,238,238,163,163,210,210,51,51,51],"floor_reached":30,"playtime":927,"items_purged":["Writhe"],"score":410,"play_id":"62155810-680f-4d5a-8a64-8cce33f2ceb8","local_time":"20190624124301","is_ascension_mode":true,"campfire_choices":[{"data":"Zap","floor":6,"key":"SMITH"},{"data":"Defragment","floor":8,"key":"SMITH"},{"floor":11,"key":"REST"},{"floor":15,"key":"REST"},{"data":"Fusion","floor":23,"key":"SMITH"},{"floor":27,"key":"REST"},{"data":"Chaos","floor":29,"key":"SMITH"}],"neow_cost":"NONE","seed_source_timestamp":563157669626000,"circlet_count":0,"master_deck":["AscendersBane","Strike_B","Strike_B","Defend_B","Defend_B","Defend_B","Defend_B","Zap+1","Dualcast","Ball Lightning","Sweeping Beam","Defragment+1","Beam Cell","Chaos+1","Melter","Hologram","Multi-Cast","Electrodynamics","Conserve Battery","Fusion+1","Necronomicurse","Hologram","Glacier"],"relics":["Cracked Core","Bird Faced Urn","Turnip","Inserter","Art of War","Necronomicon","Mummified Hand","PreservedInsect"],"potions_floor_usage":[13,16,16,19,19,30],"damage_taken":[{"damage":4,"enemies":"2 Louse","floor":1,"turns":3},{"damage":2,"enemies":"Jaw Worm","floor":2,"turns":3},{"damage":3,"enemies":"Small Slimes","floor":5,"turns":4},{"damage":7,"enemies":"Looter","floor":7,"turns":3},{"damage":35,"enemies":"Gremlin Gang","floor":10,"turns":4},{"damage":8,"enemies":"Red Slaver","floor":12,"turns":3},{"damage":12,"enemies":"3 Sentries","floor":13,"turns":5},{"damage":10,"enemies":"Slime Boss","floor":16,"turns":7},{"damage":0,"enemies":"Spheric Guardian","floor":18,"turns":2},{"damage":18,"enemies":"2 Thieves","floor":19,"turns":3},{"damage":21,"enemies":"Sentry and Sphere","floor":22,"turns":4},{"damage":47,"enemies":"Book of Stabbing","floor":30,"turns":5}],"seed_played":"-1559484099447081283","potions_obtained":[{"floor":10,"key":"Swift Potion"},{"floor":12,"key":"SpeedPotion"},{"floor":13,"key":"Dexterity Potion"},{"floor":16,"key":"SpeedPotion"},{"floor":18,"key":"FocusPotion"},{"floor":22,"key":"AttackPotion"}],"is_trial":false,"path_per_floor":["M","M","?","$","M","R","M","R","T","M","R","M","E","?","R","B",null,"M","M","?","?","M","R","?","T","T","R","$","R","E"],"character_chosen":"DEFECT","items_purchased":["Defragment","Glacier"],"campfire_rested":3,"item_purchase_floors":[4,28],"current_hp_per_floor":[67,65,58,58,55,55,48,48,48,15,38,32,22,22,45,37,68,70,56,56,35,16,16,16,16,16,39,39,39,0],"gold":51,"neow_bonus":"TEN_PERCENT_HP_BONUS","is_prod":false,"is_daily":false,"chose_seed":false,"campfire_upgraded":4,"win_rate":0,"timestamp":1561372981,"path_taken":["M","M","?","$","M","R","M","R","T","M","R","M","E","?","R","BOSS","M","M","?","?","M","R","?","?","T","R","$","R","E"],"build_version":"2019-01-23","purchased_purges":1,"victory":false,"max_hp_per_floor":[78,78,78,78,78,78,78,78,78,78,78,78,78,78,78,78,78,78,78,78,78,78,78,78,78,78,78,78,78,78],"card_choices":[{"not_picked":["Barrage","Turbo"],"picked":"Ball Lightning","floor":1},{"not_picked":["Reprogram","Steam"],"picked":"Sweeping Beam","floor":2},{"not_picked":["Recycle","Lockon"],"picked":"Beam Cell","floor":5},{"not_picked":["Go for the Eyes","Ball Lightning"],"picked":"Chaos","floor":7},{"not_picked":["Streamline","Steam"],"picked":"Melter","floor":10},{"not_picked":["Barrage","Melter"],"picked":"Hologram","floor":12},{"not_picked":["Undo","Fusion"],"picked":"Multi-Cast","floor":13},{"not_picked":["Rainbow","Hyperbeam"],"picked":"Electrodynamics","floor":16},{"not_picked":["Hello World+1","Go for the Eyes+1"],"picked":"Conserve Battery","floor":18},{"not_picked":["Gash","Sweeping Beam"],"picked":"Fusion","floor":19},{"not_picked":["Coolheaded","Rebound"],"picked":"Hologram","floor":22}],"player_experience":1466697,"relics_obtained":[{"floor":9,"key":"Bird Faced Urn"},{"floor":13,"key":"Turnip"},{"floor":21,"key":"Necronomicon"},{"floor":25,"key":"Mummified Hand"},{"floor":26,"key":"PreservedInsect"}],"event_choices":[{"cards_removed":["Strike_B"],"damage_healed":0,"gold_gain":0,"player_choice":"Card Removal","damage_taken":7,"max_hp_gain":0,"max_hp_loss":0,"event_name":"Golden Wing","floor":3,"gold_loss":0},{"damage_healed":0,"gold_gain":0,"player_choice":"Ignored","damage_taken":0,"max_hp_gain":0,"max_hp_loss":0,"event_name":"Shining Light","floor":14,"gold_loss":0},{"damage_healed":0,"gold_gain":0,"player_choice":"Opened","damage_taken":0,"relics_obtained":["Art of War"],"max_hp_gain":0,"max_hp_loss":0,"event_name":"The Mausoleum","floor":20,"gold_loss":0,"cards_obtained":["Writhe"]},{"damage_healed":0,"gold_gain":0,"player_choice":"Obtained Book","damage_taken":21,"max_hp_gain":0,"max_hp_loss":0,"event_name":"Cursed Tome","floor":21,"gold_loss":0},{"cards_removed":["Strike_B"],"damage_healed":0,"gold_gain":0,"player_choice":"Gave Gold","damage_taken":0,"max_hp_gain":0,"max_hp_loss":0,"event_name":"Beggar","floor":24,"gold_loss":75}],"is_beta":false,"boss_relics":[{"not_picked":["Runic Dome","Fusion Hammer"],"picked":"Inserter"}],"items_purged_floors":[28],"is_endless":false,"potions_floor_spawned":[10,12,13,16,18,22],"killed_by":"Book of Stabbing","ascension_level":16}