{"gold_per_floor":[118,148,165,182,257,282,282,296,296,308,330,188,188,188,188,265,265,281,281,196,214,117,117,151,21,21,31,58,58,72,100,100,100],"floor_reached":33,"playtime":1257,"items_purged":["Strike_B","Strike_B","Strike_B"],"score":515,"play_id":"564cf73c-348a-4847-8b46-35066bc8d234","local_time":"20190512034830","is_ascension_mode":true,"campfire_choices":[{"data":"Zap","floor":7,"key":"SMITH"},{"data":"Biased Cognition","floor":10,"key":"SMITH"},{"data":"Sunder","floor":13,"key":"SMITH"},{"floor":15,"key":"REST"},{"data":"Glacier","floor":23,"key":"SMITH"},{"data":"Sunder","floor":29,"key":"SMITH"},{"floor":32,"key":"REST"}],"neow_cost":"CURSE","seed_source_timestamp":15662465884400,"circlet_count":0,"master_deck":["AscendersBane","Defend_B","Defend_B+1","Defend_B","Defend_B","Zap+1","Dualcast","Clumsy","Glacier+1","Biased Cognition+1","Gash","Self Repair","Hologram+1","Sunder+1","Gash","Leap","Core Surge","Sweeping Beam","Compile Driver","Melter","Gash","Sunder+1","Defragment","Ball Lightning","Hologram","Conserve Battery","Stack","Biased Cognition"],"relics":["Cracked Core","Du-Vu Doll","Tiny Chest","Mummified Hand","MawBank","Nuclear Battery","Smiling Mask","Meat on the Bone","War Paint","DataDisk","Gambling Chip"],"potions_floor_usage":[6,16,27,31,31,33],"damage_taken":[{"damage":0,"enemies":"Small Slimes","floor":1,"turns":2},{"damage":0,"enemies":"Jaw Worm","floor":3,"turns":4},{"damage":0,"enemies":"2 Louse","floor":4,"turns":2},{"damage":5,"enemies":"Lagavulin","floor":6,"turns":8},{"damage":1,"enemies":"Looter","floor":8,"turns":3},{"damage":5,"enemies":"Blue Slaver","floor":11,"turns":3},{"damage":12,"enemies":"Slime Boss","floor":16,"turns":8},{"damage":7,"enemies":"Chosen","floor":18,"turns":3},{"damage":11,"enemies":"Spheric Guardian","floor":21,"turns":3},{"damage":20,"enemies":"Gremlin Leader","floor":24,"turns":6},{"damage":0,"enemies":"Snake Plant","floor":27,"turns":2},{"damage":1,"enemies":"Slavers","floor":28,"turns":5},{"damage":7,"enemies":"Centurion and Healer","floor":30,"turns":2},{"damage":9,"enemies":"Gremlin Leader","floor":31,"turns":7},{"damage":77,"enemies":"Champ","floor":33,"turns":14}],"seed_played":"-4553781492799847132","potions_obtained":[{"floor":3,"key":"FocusPotion"},{"floor":4,"key":"FocusPotion"},{"floor":24,"key":"FearPotion"},{"floor":28,"key":"Explosive Potion"},{"floor":30,"key":"Block Potion"},{"floor":31,"key":"SpeedPotion"}],"is_trial":false,"path_per_floor":["M","?","M","M","?","E","R","M","T","R","M","$","R","?","R","B",null,"M","?","?","M","$","R","E","$","T","M","E","R","M","E","R","B"],"character_chosen":"DEFECT","items_purchased":["Gash","Leap","Gash","Defragment","Ball Lightning"],"campfire_rested":2,"item_purchase_floors":[12,12,22,25,25],"current_hp_per_floor":[64,31,31,31,20,15,15,21,21,21,23,23,23,16,37,32,61,61,61,61,57,57,57,44,44,44,44,43,43,43,53,71,0],"gold":100,"neow_bonus":"ONE_RARE_RELIC","is_prod":false,"is_daily":false,"chose_seed":false,"campfire_upgraded":5,"win_rate":0,"timestamp":1557625710,"path_taken":["M","?","M","M","?","E","R","M","T","R","M","?","R","?","R","BOSS","M","?","?","M","$","R","E","?","T","M","E","R","?","E","R","BOSS"],"build_version":"2019-01-23","purchased_purges":3,"victory":false,"max_hp_per_floor":[71,71,71,71,71,71,71,71,71,71,71,71,71,71,71,71,71,71,71,71,71,71,71,71,71,71,71,71,71,71,71,71,71],"card_choices":[{"not_picked":["Cold Snap","Reinforced Body"],"picked":"Glacier","floor":1},{"not_picked":["Sweeping Beam","Steam"],"picked":"Biased Cognition","floor":3},{"not_picked":["Sweeping Beam","Storm"],"picked":"Gash","floor":4},{"not_picked":["Rebound","Doom and Gloom"],"picked":"Self Repair","floor":6},{"not_picked":["Hello World","Streamline"],"picked":"Hologram","floor":8},{"not_picked":["Auto Shields","Rebound"],"picked":"Sunder","floor":11},{"not_picked":["Multi-Cast","Meteor Strike"],"picked":"Core Surge","floor":16},{"not_picked":["Skim","Stack"],"picked":"Sweeping Beam","floor":18},{"not_picked":["Cold Snap","Compile Driver"],"picked":"Melter","floor":21},{"not_picked":["Glacier","Coolheaded"],"picked":"Sunder","floor":24},{"not_picked":["Leap","Reprogram"],"picked":"Hologram","floor":27},{"not_picked":["Self Repair","Stack"],"picked":"Conserve Battery","floor":28},{"not_picked":["Leap","Ball Lightning"],"picked":"Stack","floor":30},{"not_picked":["Multi-Cast","Undo"],"picked":"Biased Cognition","floor":31}],"player_experience":1080614,"relics_obtained":[{"floor":6,"key":"Mummified Hand"},{"floor":9,"key":"MawBank"},{"floor":24,"key":"Meat on the Bone"},{"floor":26,"key":"War Paint"},{"floor":28,"key":"DataDisk"},{"floor":31,"key":"Gambling Chip"}],"event_choices":[{"damage_healed":0,"gold_gain":0,"player_choice":"Success","damage_taken":33,"relics_obtained":["Tiny Chest"],"max_hp_gain":0,"max_hp_loss":0,"event_name":"Scrap Ooze","floor":2,"gold_loss":0},{"damage_healed":0,"gold_gain":75,"player_choice":"Gather Gold","damage_taken":11,"max_hp_gain":0,"max_hp_loss":0,"event_name":"World of Goop","floor":5,"gold_loss":0},{"cards_removed":["Strike_B"],"damage_healed":0,"gold_gain":0,"player_choice":"Card Removal","damage_taken":7,"max_hp_gain":0,"max_hp_loss":0,"event_name":"Golden Wing","floor":14,"gold_loss":0},{"damage_healed":0,"gold_gain":0,"player_choice":"Read","damage_taken":0,"max_hp_gain":0,"max_hp_loss":0,"event_name":"The Library","floor":19,"gold_loss":0,"cards_obtained":["Compile Driver"]},{"damage_healed":0,"gold_gain":0,"player_choice":"Obtained Relic","damage_taken":0,"relics_obtained":["Smiling Mask"],"max_hp_gain":0,"max_hp_loss":0,"event_name":"Addict","floor":20,"gold_loss":85}],"is_beta":false,"boss_relics":[{"not_picked":["Fusion Hammer","Runic Dome"],"picked":"Nuclear Battery"}],"items_purged_floors":[12,22,25],"is_endless":false,"potions_floor_spawned":[3,4,24,28,30,31],"killed_by":"Champ","ascension_level":14}