{"gold_per_floor":[18,33,33,49,49,49,59,75,75,75,90,100,100,25,25,101,101,116,130,130,5,5,5,5,5,31,31,43,53,53],"floor_reached":30,"playtime":1146,"items_purged":["Strike_G","Strike_G"],"score":366,"play_id":"1bc1f9cb-5640-4bd8-9967-ab4ff99b7365","local_time":"20190303204431","is_ascension_mode":true,"campfire_choices":[{"data":"Skewer","floor":6,"key":"SMITH"},{"data":"Neutralize","floor":10,"key":"SMITH"},{"data":"Neutralize","floor":13,"key":"SMITH"},{"floor":15,"key":"REST"},{"data":"Adrenaline","floor":23,"key":"SMITH"},{"data":"Noxious Fumes","floor":27,"key":"SMITH"}],"neow_cost":"NO_GOLD","seed_source_timestamp":175335671826500,"circlet_count":0,"master_deck":["AscendersBane","Defend_G","Defend_G","Defend_G","Strike_G","Survivor","Neutralize+1","Quick Slash","Blur","Skewer+1","Neutralize+1","Concentrate","Deflect","Terror","Caltrops","Noxious Fumes+1","Adrenaline+1","Backflip+1","Sucker Punch","PiercingWail","Blade Dance","Night Terror","Well Laid Plans","Poisoned Stab"],"relics":["Ring of the Serpent","Dodecahedron","Omamori"],"potions_floor_usage":[16,16,28,30],"damage_taken":[{"damage":18,"enemies":"Small Slimes","floor":1,"turns":5},{"damage":0,"enemies":"Jaw Worm","floor":2,"turns":5},{"damage":0,"enemies":"Cultist","floor":4,"turns":5},{"damage":5,"enemies":"Exordium Wildlife","floor":7,"turns":4},{"damage":2,"enemies":"3 Louse","floor":8,"turns":4},{"damage":0,"enemies":"Large Slime","floor":11,"turns":9},{"damage":0,"enemies":"Exordium Wildlife","floor":12,"turns":5},{"damage":1,"enemies":"Slime Boss","floor":16,"turns":5},{"damage":36,"enemies":"3 Byrds","floor":18,"turns":4},{"damage":0,"enemies":"Chosen","floor":19,"turns":5},{"damage":17,"enemies":"3 Cultists","floor":28,"turns":5},{"damage":29,"enemies":"Shelled Parasite and Fungi","floor":29,"turns":6},{"damage":8,"enemies":"Gremlin Leader","floor":30,"turns":3}],"seed_played":"-7339742559104944352","potions_obtained":[{"floor":1,"key":"FairyPotion"},{"floor":11,"key":"Fire Potion"},{"floor":12,"key":"PowerPotion"},{"floor":19,"key":"Explosive Potion"},{"floor":29,"key":"Swift Potion"}],"is_trial":false,"path_per_floor":["M","M","?","M","?","R","M","M","T","R","M","M","R","$","R","B",null,"M","M","?","$","?","R","$","?","T","R","M","M","E"],"character_chosen":"THE_SILENT","items_purchased":["PiercingWail"],"campfire_rested":1,"item_purchase_floors":[21],"current_hp_per_floor":[45,45,50,50,50,50,45,43,43,43,43,43,43,43,65,64,72,36,36,22,22,48,48,48,48,48,48,31,2,0],"gold":53,"neow_bonus":"REMOVE_TWO","is_prod":false,"is_daily":false,"chose_seed":false,"campfire_upgraded":5,"win_rate":0,"timestamp":1551642271,"path_taken":["M","M","?","M","?","R","M","?","T","R","M","M","R","$","R","BOSS","M","M","?","$","?","R","$","?","T","R","M","?","E"],"build_version":"2019-01-23","purchased_purges":2,"victory":false,"max_hp_per_floor":[70,70,75,75,75,75,75,75,75,75,75,75,75,75,75,75,75,75,75,80,80,80,80,80,80,80,80,80,80,80],"card_choices":[{"not_picked":["Slice","Bane"],"picked":"Quick Slash","floor":1},{"not_picked":["Poisoned Stab","Blade Dance"],"picked":"Blur","floor":2},{"not_picked":["Concentrate","Footwork"],"picked":"Skewer","floor":4},{"not_picked":["Bane","Blade Dance"],"picked":"Deflect","floor":7},{"not_picked":["Sucker Punch","Setup"],"picked":"Terror","floor":8},{"not_picked":["Eviscerate","Skewer"],"picked":"Caltrops","floor":11},{"not_picked":["Slice","Prepared"],"picked":"Noxious Fumes","floor":12},{"not_picked":["Corpse Explosion","Tools of the Trade"],"picked":"Adrenaline","floor":16},{"not_picked":["Sucker Punch+1","Blur"],"picked":"Backflip+1","floor":18},{"not_picked":["Terror","Poisoned Stab"],"picked":"Sucker Punch","floor":19},{"not_picked":["Prepared","Heel Hook"],"picked":"Well Laid Plans","floor":28},{"not_picked":["Slice","Reflex"],"picked":"Poisoned Stab","floor":29}],"player_experience":930989,"relics_obtained":[{"floor":9,"key":"Dodecahedron"},{"floor":26,"key":"Omamori"}],"event_choices":[{"damage_healed":0,"gold_gain":0,"player_choice":"Donut","damage_taken":0,"max_hp_gain":5,"max_hp_loss":0,"event_name":"Big Fish","floor":3,"gold_loss":0},{"damage_healed":0,"gold_gain":0,"player_choice":"2 cards matched","damage_taken":0,"max_hp_gain":0,"max_hp_loss":0,"event_name":"Match and Keep!","floor":5,"gold_loss":0,"cards_obtained":["Neutralize","Concentrate"]},{"damage_healed":0,"gold_gain":0,"player_choice":"Shed Blood","damage_taken":19,"max_hp_gain":5,"max_hp_loss":0,"event_name":"Forgotten Altar","floor":20,"gold_loss":0},{"damage_healed":26,"gold_gain":0,"player_choice":"Heal","damage_taken":0,"max_hp_gain":0,"max_hp_loss":0,"event_name":"The Library","floor":22,"gold_loss":0},{"damage_healed":0,"gold_gain":0,"cards_transformed":["Strike_G","Defend_G"],"player_choice":"Became Test Subject","damage_taken":0,"max_hp_gain":0,"max_hp_loss":0,"event_name":"Drug Dealer","floor":25,"gold_loss":0,"cards_obtained":["Blade Dance","Night Terror"]}],"is_beta":false,"boss_relics":[{"not_picked":["Calling Bell","Coffee Dripper"],"picked":"Ring of the Serpent"}],"items_purged_floors":[14,21],"is_endless":false,"potions_floor_spawned":[1,11,12,19,29],"killed_by":"Gremlin Leader","ascension_level":13}