{"gold_per_floor":[110,110,60,79,91,91,126,126,126,145,145,145],"floor_reached":12,"playtime":1153,"items_purged":[],"score":82,"play_id":"ea0f9363-18fa-4796-858b-01d61d66e077","local_time":"20190325205732","is_ascension_mode":true,"campfire_choices":[{"data":"Dualcast","floor":6,"key":"SMITH"},{"data":"Hologram","floor":8,"key":"SMITH"},{"floor":11,"key":"REST"}],"neow_cost":"PERCENT_DAMAGE","seed_source_timestamp":212507006239199,"circlet_count":0,"master_deck":["Strike_B","Defend_B","Defend_B","Defend_B","Defend_B","Zap","Dualcast+1","Sweeping Beam","Hologram+1","Conserve Battery"],"relics":["Cracked Core","Cables","Bird Faced Urn"],"potions_floor_usage":[],"damage_taken":[{"damage":7,"enemies":"2 Louse","floor":1,"turns":3},{"damage":2,"enemies":"Small Slimes","floor":4,"turns":3},{"damage":0,"enemies":"Cultist","floor":5,"turns":4},{"damage":35,"enemies":"3 Sentries","floor":7,"turns":8},{"damage":0,"enemies":"Red Slaver","floor":10,"turns":3},{"damage":38,"enemies":"Gremlin Nob","floor":12,"turns":4}],"seed_played":"3619560806047863241","potions_obtained":[{"floor":1,"key":"Energy Potion"},{"floor":4,"key":"FocusPotion"}],"is_trial":false,"path_per_floor":["M","?","?","M","M","R","E","R","T","M","R","E"],"character_chosen":"DEFECT","items_purchased":[],"campfire_rested":1,"item_purchase_floors":[],"current_hp_per_floor":[47,47,47,45,45,45,10,10,10,10,32,0],"gold":145,"neow_bonus":"REMOVE_TWO","is_prod":false,"is_daily":false,"chose_seed":false,"campfire_upgraded":2,"win_rate":0,"timestamp":1553572652,"path_taken":["M","?","?","M","M","R","E","R","T","M","R","E"],"build_version":"2019-01-23","purchased_purges":0,"victory":false,"max_hp_per_floor":[75,75,75,75,75,75,75,75,75,75,75,75],"card_choices":[{"not_picked":["White Noise","Leap"],"picked":"Sweeping Beam","floor":1},{"not_picked":["Gash","Beam Cell"],"picked":"Hologram","floor":4},{"not_picked":["Stack","Chaos","Redo"],"picked":"SKIP","floor":5},{"not_picked":["Reprogram","Undo"],"picked":"Conserve Battery","floor":7},{"not_picked":["Rebound","Beam Cell","Undo"],"picked":"SKIP","floor":10}],"player_experience":31463,"relics_obtained":[{"floor":7,"key":"Cables"},{"floor":9,"key":"Bird Faced Urn"}],"event_choices":[{"damage_healed":0,"gold_gain":0,"player_choice":"Ignored","damage_taken":0,"max_hp_gain":0,"max_hp_loss":0,"event_name":"Liars Game","floor":2,"gold_loss":0},{"cards_removed":["Strike_B"],"damage_healed":0,"gold_gain":0,"player_choice":"Card Removal","damage_taken":0,"max_hp_gain":0,"max_hp_loss":0,"event_name":"The Cleric","floor":3,"gold_loss":50}],"is_beta":false,"boss_relics":[],"items_purged_floors":[],"is_endless":false,"potions_floor_spawned":[1,4],"killed_by":"Gremlin Nob","ascension_level":1}