{"gold_per_floor":[117,132,132,146,166,205,218,218,218,218,236,250,290,290,290,415,415,440,122,122,66,89,122,122,45,70,70,70,88,129,154,154,154],"floor_reached":33,"playtime":1211,"items_purged":["Strike_B"],"score":297,"play_id":"0b8d0265-6378-4339-a346-5351c4cfb637","local_time":"20181119203525","is_ascension_mode":false,"campfire_choices":[{"data":"Hyperbeam","floor":8,"key":"SMITH"},{"data":"Go for the Eyes","floor":10,"key":"SMITH"},{"data":"Hologram","floor":15,"key":"SMITH"},{"floor":24,"key":"REST"},{"data":"Strike_B","floor":28,"key":"PURGE"},{"floor":32,"key":"REST"}],"neow_cost":"NONE","seed_source_timestamp":168587259858820,"circlet_count":0,"master_deck":["Strike_B","Strike_B","Defend_B","Defend_B","Defend_B","Defend_B","Zap","Dualcast","Hyperbeam+1","Streamline","Go for the Eyes+1","Steam","Hologram+1","Cold Snap","Leap","Beam Cell","Seek","Machine Learning","Reinforced Body","Gash","Hologram","Streamline+1","Ball Lightning+1","Glacier"],"relics":["Cracked Core","Golden Idol","Peace Pipe","Letter Opener","Dodecahedron","Fusion Hammer","Symbiotic Virus","Matryoshka","Molten Egg 2","Cables","Frozen Egg 2"],"potions_floor_usage":[6,13,16,31],"damage_taken":[{"damage":0,"enemies":"2 Louse","floor":1,"turns":1},{"damage":1,"enemies":"Jaw Worm","floor":2,"turns":2},{"damage":0,"enemies":"Cultist","floor":4,"turns":2},{"damage":0,"enemies":"Looter","floor":5,"turns":3},{"damage":4,"enemies":"3 Sentries","floor":6,"turns":4},{"damage":8,"enemies":"Lots of Slimes","floor":7,"turns":3},{"damage":0,"enemies":"Gremlin Gang","floor":11,"turns":2},{"damage":0,"enemies":"3 Louse","floor":12,"turns":1},{"damage":3,"enemies":"Lagavulin","floor":13,"turns":7},{"damage":18,"enemies":"The Guardian","floor":16,"turns":11},{"damage":0,"enemies":"2 Thieves","floor":18,"turns":1},{"damage":3,"enemies":"Chosen","floor":22,"turns":4},{"damage":34,"enemies":"Slavers","floor":23,"turns":3},{"damage":21,"enemies":"Snake Plant","floor":29,"turns":3},{"damage":18,"enemies":"Gremlin Leader","floor":30,"turns":4},{"damage":0,"enemies":"3 Cultists","floor":31,"turns":3},{"damage":63,"enemies":"Automaton","floor":33,"turns":6}],"seed_played":"-8810278659860164519","potions_obtained":[{"floor":1,"key":"Poison Potion"},{"floor":2,"key":"SteroidPotion"},{"floor":12,"key":"PowerPotion"},{"floor":13,"key":"Swift Potion"},{"floor":16,"key":"Ancient Potion"},{"floor":18,"key":"Fire Potion"},{"floor":31,"key":"SmokeBomb"}],"is_trial":false,"path_per_floor":["M","M","?","M","M","E","M","R","T","R","M","M","E","?","R","B",null,"M","$","?","?","M","E","R","$","T","$","R","M","E","M","R","B"],"character_chosen":"DEFECT","items_purchased":["Symbiotic Virus","Hologram","Streamline+1"],"campfire_rested":2,"item_purchase_floors":[19,25,25],"current_hp_per_floor":[75,74,56,56,56,52,44,44,44,44,44,44,41,41,41,23,75,75,75,75,75,72,38,60,60,60,60,60,39,21,21,43,0],"gold":154,"neow_bonus":"ONE_RANDOM_RARE_CARD","is_prod":false,"is_daily":false,"chose_seed":false,"campfire_upgraded":3,"win_rate":0,"timestamp":1542659725,"path_taken":["M","M","?","M","M","E","M","R","T","R","M","M","E","?","R","BOSS","M","$","?","?","M","E","R","$","T","$","R","?","E","M","R","BOSS"],"build_version":"2018-11-15","purchased_purges":1,"victory":false,"max_hp_per_floor":[75,75,75,75,75,75,75,75,75,75,75,75,75,75,75,75,75,75,75,75,75,75,75,75,75,75,75,75,75,75,75,75,75],"card_choices":[{"not_picked":["Reprogram","Double Energy"],"picked":"Streamline","floor":1},{"not_picked":["Stack","Sweeping Beam"],"picked":"Go for the Eyes","floor":2},{"not_picked":["Gash","Hello World"],"picked":"Steam","floor":4},{"not_picked":["Darkness","Lockon","Go for the Eyes"],"picked":"SKIP","floor":5},{"not_picked":["Double Energy","Ball Lightning"],"picked":"Hologram","floor":6},{"not_picked":["BootSequence","Go for the Eyes"],"picked":"Cold Snap","floor":7},{"not_picked":["Stack","Go for the Eyes"],"picked":"Leap","floor":11},{"not_picked":["Darkness","Stack"],"picked":"Beam Cell","floor":12},{"not_picked":["Hello World","Compile Driver"],"picked":"Seek","floor":13},{"not_picked":["Buffer","Reboot"],"picked":"Machine Learning","floor":16},{"not_picked":["Rip and Tear","Sweeping Beam"],"picked":"Reinforced Body","floor":18},{"not_picked":["Leap","BootSequence"],"picked":"Gash","floor":22},{"not_picked":["Go for the Eyes","Rainbow","Stack"],"picked":"SKIP","floor":23},{"not_picked":["Stack","Rip and Tear+1"],"picked":"Ball Lightning+1","floor":29},{"not_picked":["Leap","Stack","Sweeping Beam+1"],"picked":"SKIP","floor":30},{"not_picked":["Double Energy","Stack"],"picked":"Glacier","floor":31}],"player_experience":990843,"relics_obtained":[{"floor":6,"key":"Peace Pipe"},{"floor":9,"key":"Letter Opener"},{"floor":13,"key":"Dodecahedron"},{"floor":23,"key":"Molten Egg 2"},{"floor":26,"key":"Cables"},{"floor":30,"key":"Frozen Egg 2"}],"event_choices":[{"damage_healed":0,"gold_gain":0,"player_choice":"Take Damage","damage_taken":18,"relics_obtained":["Golden Idol"],"max_hp_gain":0,"max_hp_loss":0,"event_name":"Golden Idol","floor":3,"gold_loss":0},{"damage_healed":0,"gold_gain":0,"player_choice":"Bought 0 Potions","damage_taken":0,"max_hp_gain":0,"max_hp_loss":0,"event_name":"The Woman in Blue","floor":14,"gold_loss":0},{"damage_healed":0,"gold_gain":0,"player_choice":"Ignored","damage_taken":0,"max_hp_gain":0,"max_hp_loss":0,"event_name":"Vampires","floor":20,"gold_loss":0},{"damage_healed":0,"gold_gain":0,"player_choice":"Paid Gold","damage_taken":0,"relics_obtained":["Matryoshka"],"max_hp_gain":0,"max_hp_loss":0,"event_name":"WeMeetAgain","floor":21,"gold_loss":56}],"is_beta":false,"boss_relics":[{"not_picked":["Empty Cage","Runic Pyramid"],"picked":"Fusion Hammer"}],"items_purged_floors":[19],"is_endless":false,"potions_floor_spawned":[1,2,12,13,16,18,22,31],"killed_by":"Automaton","ascension_level":0}