{"gold_per_floor":[115,125,143,143,156,156,167,167,192,209,209,229,246,246,246,321,321,336,336],"floor_reached":19,"playtime":1000,"items_purged":[],"score":302,"play_id":"bf82c352-cb83-4924-a8a0-122ff1c9ec3e","local_time":"20190704202124","is_ascension_mode":true,"campfire_choices":[{"data":"Armaments","floor":6.0,"key":"SMITH"},{"data":"Reaper","floor":8.0,"key":"SMITH"},{"floor":11.0,"key":"REST"},{"data":"Corruption","floor":15.0,"key":"SMITH"}],"neow_cost":"NONE","seed_source_timestamp":0,"circlet_count":0,"master_deck":["AscendersBane","Strike_R","Defend_R","Defend_R","Defend_R","Defend_R","Bash","Reaper+1","Second Wind","Pommel Strike","True Grit","Armaments+1","Body Slam","Bludgeon","Infernal Blade","Corruption+1","Barricade","Seeing Red"],"special_seed":0,"relics":["Burning Blood","Art of War","Empty Cage"],"potions_floor_usage":[],"damage_taken":[{"damage":7.0,"enemies":"Small Slimes","floor":1.0,"turns":4.0},{"damage":17.0,"enemies":"Cultist","floor":2.0,"turns":5.0},{"damage":11.0,"enemies":"2 Louse","floor":3.0,"turns":4.0},{"damage":21.0,"enemies":"Red Slaver","floor":5.0,"turns":4.0},{"damage":32.0,"enemies":"Exordium Thugs","floor":7.0,"turns":7.0},{"damage":11.0,"enemies":"Blue Slaver","floor":10.0,"turns":5.0},{"damage":7.0,"enemies":"Looter","floor":12.0,"turns":3.0},{"damage":16.0,"enemies":"Exordium Wildlife","floor":13.0,"turns":7.0},{"damage":30.0,"enemies":"Hexaghost","floor":16.0,"turns":9.0},{"damage":60,"enemies":"Shell Parasite","floor":18,"turns":7},{"damage":13,"enemies":"Chosen","floor":19,"turns":3}],"seed_played":"-8355287168837582466","potions_obtained":[{"floor":2.0,"key":"SteroidPotion"},{"floor":3.0,"key":"Swift Potion"},{"floor":13.0,"key":"SpeedPotion"}],"is_trial":false,"path_per_floor":["M","M","M","?","M","R","M","R","T","M","R","M","M","?","R","B",null,"M","M"],"character_chosen":"IRONCLAD","items_purchased":[],"campfire_rested":1,"item_purchase_floors":[],"current_hp_per_floor":[71,60,59,52,37,37,19,19,19,17,39,38,28,28,28,9,59,12,0],"gold":336,"neow_bonus":"ONE_RANDOM_RARE_CARD","is_prod":false,"is_daily":false,"chose_seed":false,"campfire_upgraded":3,"win_rate":0,"timestamp":1562264484,"path_taken":["M","M","M","?","M","R","M","R","T","M","R","M","M","?","R","BOSS","M","M"],"build_version":"2019-07-01","purchased_purges":0,"victory":false,"max_hp_per_floor":[75,75,75,75,75,75,75,75,75,75,75,75,75,75,75,75,75,75,75],"card_choices":[{"not_picked":["Warcry","Flex"],"picked":"Second Wind","floor":1.0},{"not_picked":["Warcry","Dropkick"],"picked":"Pommel Strike","floor":2.0},{"not_picked":["Thunderclap","Sword Boomerang"],"picked":"True Grit","floor":3.0},{"not_picked":["Infernal Blade","Sever Soul"],"picked":"Armaments","floor":5.0},{"not_picked":["Headbutt","Reckless Charge"],"picked":"Body Slam","floor":7.0},{"not_picked":["Havoc","Wild Strike"],"picked":"Bludgeon","floor":10.0},{"not_picked":["Warcry","Armaments"],"picked":"Infernal Blade","floor":12.0},{"not_picked":["Anger","Hemokinesis"],"picked":"Corruption","floor":13.0},{"not_picked":["Dark Embrace","Impervious"],"picked":"Barricade","floor":16.0},{"not_picked":["True Grit","Infernal Blade"],"picked":"Seeing Red","floor":18}],"player_experience":1579855,"relics_obtained":[{"floor":9.0,"key":"Art of War"}],"event_choices":[{"cards_removed":["Strike_R"],"damage_healed":0.0,"max_hp_gain":0.0,"max_hp_loss":0.0,"gold_gain":0.0,"event_name":"Golden Wing","player_choice":"Card Removal","floor":4.0,"gold_loss":0.0,"damage_taken":7.0},{"cards_removed":["Strike_R"],"damage_healed":0.0,"max_hp_gain":0.0,"max_hp_loss":0.0,"gold_gain":0.0,"event_name":"Bonfire Elementals","player_choice":"Offered Basic","floor":14.0,"gold_loss":0.0,"damage_taken":0.0}],"is_beta":false,"boss_relics":[{"not_picked":["Fusion Hammer","Ectoplasm"],"picked":"Empty Cage"}],"items_purged_floors":[],"is_endless":false,"potions_floor_spawned":[2,3,13],"killed_by":"Chosen","ascension_level":17}