{"gold_per_floor":[113,388,408,427,78,106,129,129,129,154,171,205,216,234,234,310,310,320,49,69,86,96,96,126,126,153,164,181,181,181,201,201,274,274,294,244,264,281,331,331,357,357,357,371,391,391,401,413,413,413],"floor_reached":50,"playtime":2254,"items_purged":["Regret","Strike_G"],"score":1215,"play_id":"6c3838dd-ac12-4092-a7df-75e184dd6771","local_time":"20190307232349","is_ascension_mode":true,"campfire_choices":[{"floor":8.0,"key":"REST"},{"data":"Noxious Fumes","floor":15.0,"key":"SMITH"},{"floor":23.0,"key":"REST"},{"floor":25.0,"key":"REST"},{"floor":29.0,"key":"REST"},{"floor":32.0,"key":"REST"},{"floor":40.0,"key":"REST"},{"floor":42.0,"key":"REST"},{"floor":46.0,"key":"REST"},{"floor":49.0,"key":"RECALL"}],"neow_cost":"NONE","seed_source_timestamp":1680720485511163,"circlet_count":0,"master_deck":["AscendersBane","Defend_G","Defend_G","Defend_G","Defend_G","Defend_G","Strike_G+1","Survivor","Neutralize","PiercingWail","Riddle With Holes","Backstab+1","Footwork+1","Backflip","Riddle With Holes","Venomology","Poisoned Stab","Acrobatics","Dodge and Roll","Noxious Fumes+1","Backstab","Corpse Explosion","Dodge and Roll","Mayhem","Deadly Poison","Crippling Poison+1","Footwork","Noxious Fumes","Backflip+1","Die Die Die","Night Terror","PiercingWail","Catalyst","Regret","Leg Sweep+1","Parasite"],"special_seed":0,"relics":["Ring of the Snake","Whetstone","Bag of Preparation","Snake Skull","Smiling Mask","Mercury Hourglass","Ancient Tea Set","Empty Cage","Bottled Flame","Enchiridion","Cursed Key","Happy Flower","Incense Burner"],"potions_floor_usage":[50,50],"damage_taken":[{"damage":2.0,"enemies":"2 Louse","floor":1.0,"turns":4.0},{"damage":6.0,"enemies":"Cultist","floor":3.0,"turns":5.0},{"damage":3.0,"enemies":"Small Slimes","floor":4.0,"turns":3.0},{"damage":12.0,"enemies":"Gremlin Nob","floor":6.0,"turns":4.0},{"damage":6.0,"enemies":"3 Sentries","floor":10.0,"turns":11.0},{"damage":0.0,"enemies":"2 Fungi Beasts","floor":11.0,"turns":2.0},{"damage":17.0,"enemies":"Gremlin Nob","floor":12.0,"turns":4.0},{"damage":2.0,"enemies":"Red Slaver","floor":13.0,"turns":3.0},{"damage":1.0,"enemies":"Blue Slaver","floor":14.0,"turns":3.0},{"damage":0.0,"enemies":"Slime Boss","floor":16.0,"turns":4.0},{"damage":12.0,"enemies":"Chosen","floor":18.0,"turns":4.0},{"damage":0.0,"enemies":"3 Byrds","floor":20.0,"turns":2.0},{"damage":0.0,"enemies":"Cultist and Chosen","floor":21.0,"turns":5.0},{"damage":16.0,"enemies":"Snake Plant","floor":22.0,"turns":4.0},{"damage":15.0,"enemies":"Slavers","floor":24.0,"turns":4.0},{"damage":9.0,"enemies":"Centurion and Healer","floor":27.0,"turns":6.0},{"damage":3.0,"enemies":"Cultist and Chosen","floor":28.0,"turns":6.0},{"damage":0.0,"enemies":"3 Cultists","floor":31.0,"turns":1.0},{"damage":19.0,"enemies":"Automaton","floor":33.0,"turns":9.0},{"damage":1.0,"enemies":"3 Shapes","floor":35.0,"turns":4.0},{"damage":7.0,"enemies":"Orb Walker","floor":37.0,"turns":3.0},{"damage":7.0,"enemies":"Jaw Worm Horde","floor":38.0,"turns":3.0},{"damage":41.0,"enemies":"Giant Head","floor":41.0,"turns":9.0},{"damage":0.0,"enemies":"4 Shapes","floor":44.0,"turns":3.0},{"damage":0.0,"enemies":"3 Darklings","floor":45.0,"turns":1.0},{"damage":8.0,"enemies":"Maw","floor":47.0,"turns":7.0},{"damage":6.0,"enemies":"Writhing Mass","floor":48.0,"turns":5.0},{"damage":46,"enemies":"Awakened One","floor":50,"turns":8}],"seed_played":"2193508339817628955","potions_obtained":[{"floor":1.0,"key":"Block Potion"},{"floor":4.0,"key":"Swift Potion"},{"floor":6.0,"key":"LiquidBronze"},{"floor":11.0,"key":"Ancient Potion"},{"floor":18.0,"key":"LiquidBronze"},{"floor":20.0,"key":"GamblersBrew"},{"floor":38.0,"key":"Strength Potion"},{"floor":47.0,"key":"Swift Potion"}],"is_trial":false,"path_per_floor":["M","?","M","M","$","E","T","R","T","E","M","E","M","M","R","B",null,"M","$","M","M","M","R","E","R","T","M","M","R","?","M","R","B",null,"M","?","M","M","?","R","E","R","T","M","M","R","M","M","R","B"],"character_chosen":"THE_SILENT","items_purchased":["Whetstone","Backflip","Riddle With Holes","Mayhem","Deadly Poison"],"campfire_rested":8,"item_purchase_floors":[5,5,5,19,19],"current_hp_per_floor":[57,57,51,48,48,36,36,55,55,49,49,32,30,29,29,29,57,45,45,45,45,29,48,33,52,52,43,40,59,38,38,57,38,59,58,58,51,44,44,63,22,41,41,41,41,60,52,46,46,0],"gold":413,"neow_bonus":"TRANSFORM_CARD","is_prod":false,"is_daily":false,"chose_seed":false,"campfire_upgraded":1,"win_rate":0,"timestamp":1551997429,"path_taken":["M","?","?","M","$","E","?","R","T","E","M","E","?","M","R","BOSS","M","$","M","M","M","R","E","R","T","M","M","R","?","M","R","BOSS","M","?","M","?","?","R","E","R","T","M","M","R","M","M","R","BOSS"],"build_version":"2019-01-23","purchased_purges":2,"victory":false,"max_hp_per_floor":[66,66,66,66,66,66,66,66,66,66,66,66,66,66,66,66,66,66,66,66,66,66,66,66,66,66,66,66,66,66,66,66,66,66,66,66,66,66,66,66,66,66,66,66,66,66,66,66,66,66],"card_choices":[{"not_picked":["Dagger Spray","Setup"],"picked":"Riddle With Holes","floor":1.0},{"not_picked":["Footwork","Crippling Poison"],"picked":"Backstab","floor":3.0},{"not_picked":["Prepared","Finisher"],"picked":"Footwork","floor":4.0},{"not_picked":["Cloak And Dagger","Quick Slash"],"picked":"Venomology","floor":6.0},{"not_picked":["Backflip","PiercingWail"],"picked":"Poisoned Stab","floor":10.0},{"not_picked":["Heel Hook","Underhanded Strike"],"picked":"Acrobatics","floor":11.0},{"not_picked":["Dagger Spray","Deflect"],"picked":"Dodge and Roll","floor":12.0},{"not_picked":["Terror","Deflect"],"picked":"Noxious Fumes","floor":13.0},{"not_picked":["PiercingWail","Leg Sweep"],"picked":"Backstab","floor":14.0},{"not_picked":["After Image","A Thousand Cuts"],"picked":"Corpse Explosion","floor":16.0},{"not_picked":["Dagger Throw","Dagger Spray"],"picked":"Dodge and Roll","floor":18.0},{"not_picked":["Bane","Leg Sweep"],"picked":"Crippling Poison+1","floor":20.0},{"not_picked":["Poisoned Stab","Underhanded Strike+1"],"picked":"Footwork","floor":21.0},{"not_picked":["Slice","Deadly Poison","Concentrate+1"],"picked":"SKIP","floor":22.0},{"not_picked":["Endless Agony+1","Slice"],"picked":"Noxious Fumes","floor":24.0},{"not_picked":["Finisher","Slice","All Out Attack"],"picked":"SKIP","floor":27.0},{"not_picked":["Poisoned Stab","Blade Dance"],"picked":"Backflip+1","floor":28.0},{"not_picked":["Slice+1","Cloak And Dagger","Acrobatics"],"picked":"SKIP","floor":31.0},{"not_picked":["Storm of Steel","Doppelganger"],"picked":"Die Die Die","floor":33.0},{"not_picked":["Terror+1","Cloak And Dagger","Dagger Throw"],"picked":"SKIP","floor":35.0},{"not_picked":["Acrobatics+1","PiercingWail"],"picked":"Night Terror","floor":37.0},{"not_picked":["Expertise","Bane"],"picked":"PiercingWail","floor":38.0},{"not_picked":["Infinite Blades","Backstab"],"picked":"Catalyst","floor":41.0},{"not_picked":["Poisoned Stab","Setup","Crippling Poison"],"picked":"SKIP","floor":44.0},{"not_picked":["Concentrate","Dash"],"picked":"Leg Sweep+1","floor":45.0},{"not_picked":["Deadly Poison","Flying Knee+1","Escape Plan+1"],"picked":"SKIP","floor":47.0},{"not_picked":["Deadly Poison","Flying Knee+1","Escape Plan+1"],"picked":"SKIP","floor":47.0},{"not_picked":["Sucker Punch","Deadly Poison","Bane"],"picked":"SKIP","floor":48.0}],"player_experience":683409,"relics_obtained":[{"floor":6.0,"key":"Bag of Preparation"},{"floor":7.0,"key":"Snake Skull"},{"floor":9.0,"key":"Smiling Mask"},{"floor":10.0,"key":"Mercury Hourglass"},{"floor":12.0,"key":"Ancient Tea Set"},{"floor":24.0,"key":"Bottled Flame"},{"floor":30.0,"key":"Enchiridion"},{"floor":41.0,"key":"Happy Flower"},{"floor":43.0,"key":"Incense Burner"}],"event_choices":[{"damage_healed":0.0,"max_hp_gain":0.0,"max_hp_loss":0.0,"gold_gain":275.0,"event_name":"Golden Shrine","player_choice":"Desecrate","floor":2.0,"gold_loss":0.0,"damage_taken":0.0,"cards_obtained":["Regret"]},{"damage_healed":0.0,"max_hp_gain":0.0,"max_hp_loss":0.0,"gold_gain":0.0,"event_name":"Cursed Tome","player_choice":"Obtained Book","floor":30.0,"gold_loss":0.0,"damage_taken":21.0},{"damage_healed":0.0,"max_hp_gain":0.0,"max_hp_loss":0.0,"gold_gain":0.0,"event_name":"Designer","player_choice":"Upgrade","floor":36.0,"gold_loss":50.0,"damage_taken":0.0,"cards_upgraded":["Footwork"]},{"damage_healed":0.0,"max_hp_gain":0.0,"max_hp_loss":0.0,"gold_gain":50.0,"event_name":"Golden Shrine","player_choice":"Pray","floor":39.0,"gold_loss":0.0,"damage_taken":0.0}],"is_beta":false,"boss_relics":[{"not_picked":["Fusion Hammer","White Beast Statue"],"picked":"Empty Cage"},{"not_picked":["Orrery","Coffee Dripper"],"picked":"Cursed Key"}],"items_purged_floors":[5,19],"is_endless":false,"potions_floor_spawned":[1,4,6,11,18,20,22,38,47,48],"killed_by":"Awakened One","ascension_level":20}