{"gold_per_floor":[115,130,130,146,146,146,166,166,214,248,78,92,92,153,153,153],"floor_reached":16,"playtime":469,"items_purged":["Strike_R"],"score":204,"play_id":"7966839e-ed17-427e-9c67-5299d5dbc2b6","local_time":"20190719231142","is_ascension_mode":true,"campfire_choices":[{"data":"Uppercut","floor":6,"key":"SMITH"},{"data":"Shockwave","floor":8,"key":"SMITH"},{"floor":13,"key":"REST"},{"data":"Bash","floor":15,"key":"SMITH"}],"neow_cost":"NONE","seed_source_timestamp":613868737598900,"circlet_count":0,"master_deck":["AscendersBane","Strike_R","Strike_R","Strike_R+1","Strike_R","Defend_R+1","Defend_R+1","Defend_R","Defend_R","Bash+1","Heavy Blade+1","Heavy Blade","Uppercut+1","Shockwave+1","Second Wind","Pommel Strike","Infernal Blade","Infernal Blade"],"relics":["Burning Blood","War Paint","Golden Idol","Art of War","Whetstone","Tiny Chest"],"potions_floor_usage":[10],"damage_taken":[{"damage":3,"enemies":"2 Louse","floor":1,"turns":4},{"damage":7,"enemies":"Jaw Worm","floor":2,"turns":3},{"damage":10,"enemies":"Small Slimes","floor":4,"turns":3},{"damage":6,"enemies":"2 Fungi Beasts","floor":7,"turns":4},{"damage":37,"enemies":"3 Sentries","floor":10,"turns":8},{"damage":5,"enemies":"Exordium Wildlife","floor":12,"turns":3},{"damage":7,"enemies":"Gremlin Nob","floor":14,"turns":3},{"damage":59,"enemies":"Hexaghost","floor":16,"turns":11}],"seed_played":"7032000810883997876","potions_obtained":[{"floor":2,"key":"LiquidBronze"},{"floor":4,"key":"Ancient Potion"},{"floor":7,"key":"FairyPotion"}],"is_trial":false,"path_per_floor":["M","M","?","M","?","R","M","R","T","E","$","M","R","E","R","B"],"character_chosen":"IRONCLAD","items_purchased":["Second Wind","Pommel Strike"],"campfire_rested":1,"item_purchase_floors":[11,11],"current_hp_per_floor":[71,70,70,66,59,59,59,59,59,28,28,29,51,50,50,0],"gold":153,"neow_bonus":"RANDOM_COMMON_RELIC","is_prod":false,"is_daily":false,"chose_seed":false,"campfire_upgraded":3,"win_rate":0,"timestamp":1563570702,"path_taken":["M","M","?","M","?","R","M","R","T","E","$","M","R","E","R","BOSS"],"build_version":"2019-07-17","purchased_purges":1,"victory":false,"max_hp_per_floor":[75,75,75,75,75,75,75,75,75,75,75,75,75,75,75,75],"card_choices":[{"not_picked":["Cleave","Warcry"],"picked":"Heavy Blade","floor":1},{"not_picked":["Twin Strike","Perfected Strike"],"picked":"Heavy Blade","floor":2},{"not_picked":["Battle Trance","Hemokinesis"],"picked":"Uppercut","floor":4},{"not_picked":["Clash","Anger"],"picked":"Shockwave","floor":7},{"not_picked":["Havoc","Fire Breathing","Blood for Blood"],"picked":"SKIP","floor":10},{"not_picked":["Sword Boomerang","Twin Strike"],"picked":"Infernal Blade","floor":12},{"not_picked":["Blood for Blood","Immolate"],"picked":"Infernal Blade","floor":14}],"player_experience":1695024,"relics_obtained":[{"floor":9,"key":"Art of War"},{"floor":10,"key":"Whetstone"},{"floor":14,"key":"Tiny Chest"}],"event_choices":[{"damage_healed":0,"gold_gain":0,"player_choice":"Take Wound","damage_taken":0,"relics_obtained":["Golden Idol"],"max_hp_gain":0,"max_hp_loss":0,"event_name":"Golden Idol","floor":3,"gold_loss":0,"cards_obtained":["Injury"]},{"cards_removed":["Injury"],"damage_healed":0,"gold_gain":0,"player_choice":"Card Removal","damage_taken":7,"max_hp_gain":0,"max_hp_loss":0,"event_name":"Golden Wing","floor":5,"gold_loss":0}],"is_beta":false,"boss_relics":[],"items_purged_floors":[11],"is_endless":false,"potions_floor_spawned":[2,4,7],"killed_by":"Hexaghost","ascension_level":17}