{"gold_per_floor":[119,131,306,306,306,306,51,51,51,83,99,112,32,44,44,116,166,180,197,197,216,12,45,55,55],"floor_reached":25,"playtime":1268,"items_purged":["Doubt","Strike_G","Strike_G"],"score":393,"play_id":"28be77b5-e9f2-494f-9189-0050329e4d95","local_time":"20190303172352","is_ascension_mode":true,"campfire_choices":[{"data":"Neutralize","floor":6,"key":"SMITH"},{"data":"Backstab","floor":8,"key":"SMITH"},{"floor":15,"key":"REST"}],"neow_cost":"NONE","seed_source_timestamp":163175219162900,"circlet_count":0,"master_deck":["AscendersBane","Defend_G","Defend_G+1","Defend_G","Defend_G","Defend_G","Strike_G+1","Strike_G","Strike_G+1","Survivor","Neutralize+1","Cloak And Dagger","Dagger Spray","Backstab+1","Deflect","Noxious Fumes","Finisher","Cloak And Dagger","Skewer","Escape Plan","Glass Knife","Deflect","Cloak And Dagger+1","Endless Agony","Heel Hook","Well Laid Plans","Footwork","Unload"],"relics":["Ring of the Snake","The Courier","Letter Opener","Tiny House","Paper Crane"],"potions_floor_usage":[16,18,18,19,23],"damage_taken":[{"damage":1,"enemies":"Small Slimes","floor":1,"turns":5},{"damage":3,"enemies":"2 Louse","floor":2,"turns":3},{"damage":34,"enemies":"Gremlin Nob","floor":10,"turns":5},{"damage":4,"enemies":"Jaw Worm","floor":11,"turns":3},{"damage":4,"enemies":"Blue Slaver","floor":12,"turns":2},{"damage":0,"enemies":"Gremlin Gang","floor":14,"turns":3},{"damage":22,"enemies":"The Guardian","floor":16,"turns":13},{"damage":1,"enemies":"3 Byrds","floor":18,"turns":4},{"damage":1,"enemies":"Shell Parasite","floor":19,"turns":4},{"damage":26,"enemies":"Centurion and Healer","floor":21,"turns":9},{"damage":25,"enemies":"Gremlin Leader","floor":23,"turns":11},{"damage":10,"enemies":"Snake Plant","floor":24,"turns":5},{"damage":10,"enemies":"Snecko","floor":25,"turns":2}],"seed_played":"-57747534048366220","potions_obtained":[{"floor":11,"key":"Ancient Potion"},{"floor":14,"key":"Explosive Potion"},{"floor":16,"key":"Explosive Potion"},{"floor":17,"key":"SkillPotion"},{"floor":18,"key":"FearPotion"}],"is_trial":false,"path_per_floor":["M","M","?","?","?","R","$","R","T","E","M","M","$","M","R","B",null,"M","M","?","M","$","E","M","M"],"character_chosen":"THE_SILENT","items_purchased":["Backstab","Deflect","Noxious Fumes","Well Laid Plans","Dexterity Potion"],"campfire_rested":1,"item_purchase_floors":[7,7,7,22,22],"current_hp_per_floor":[69,66,66,51,56,56,56,56,56,22,18,14,14,14,38,16,71,70,69,66,40,40,15,5,0],"gold":55,"neow_bonus":"TEN_PERCENT_HP_BONUS","is_prod":false,"is_daily":false,"chose_seed":false,"campfire_upgraded":2,"win_rate":0,"timestamp":1551630232,"path_taken":["M","M","?","?","?","R","$","R","T","E","?","M","$","M","R","BOSS","M","M","?","M","$","E","M","M"],"build_version":"2019-01-23","purchased_purges":3,"victory":false,"max_hp_per_floor":[77,77,77,77,82,82,82,82,82,82,82,82,82,82,82,82,87,87,87,87,87,87,87,87,87],"card_choices":[{"not_picked":["Acrobatics","Quick Slash"],"picked":"Cloak And Dagger","floor":1},{"not_picked":["Quick Slash","Flechettes"],"picked":"Dagger Spray","floor":2},{"not_picked":["Dagger Spray","Tactician"],"picked":"Finisher","floor":10},{"not_picked":["Deflect","Tactician"],"picked":"Cloak And Dagger","floor":11},{"not_picked":["Slice","Underhanded Strike"],"picked":"Skewer","floor":12},{"not_picked":["Heel Hook","Distraction"],"picked":"Escape Plan","floor":14},{"not_picked":["Night Terror","Phantasmal Killer"],"picked":"Glass Knife","floor":16},{"not_picked":["Prepared","Dagger Throw"],"picked":"Deflect","floor":17},{"not_picked":["All Out Attack","Heel Hook"],"picked":"Cloak And Dagger+1","floor":18},{"not_picked":["Expertise","PiercingWail"],"picked":"Endless Agony","floor":19},{"not_picked":["Dagger Spray","Finisher"],"picked":"Heel Hook","floor":21},{"not_picked":["Bane","Deadly Poison+1"],"picked":"Footwork","floor":23},{"not_picked":["Underhanded Strike","Calculated Gamble"],"picked":"Unload","floor":24}],"player_experience":919197,"relics_obtained":[{"floor":9,"key":"The Courier"},{"floor":10,"key":"Letter Opener"},{"floor":23,"key":"Paper Crane"}],"event_choices":[{"damage_healed":0,"gold_gain":175,"player_choice":"AGREE","damage_taken":0,"max_hp_gain":0,"max_hp_loss":0,"event_name":"Liars Game","floor":3,"gold_loss":0,"cards_obtained":["Doubt"]},{"damage_healed":0,"gold_gain":0,"player_choice":"Entered Light","damage_taken":15,"max_hp_gain":0,"max_hp_loss":0,"event_name":"Shining Light","floor":4,"gold_loss":0,"cards_upgraded":["Strike_G","Strike_G"]},{"damage_healed":0,"gold_gain":0,"player_choice":"Donut","damage_taken":0,"max_hp_gain":5,"max_hp_loss":0,"event_name":"Big Fish","floor":5,"gold_loss":0},{"damage_healed":0,"gold_gain":0,"player_choice":"Punched","damage_taken":3,"max_hp_gain":0,"max_hp_loss":0,"event_name":"Designer","floor":20,"gold_loss":0}],"is_beta":false,"boss_relics":[{"not_picked":["Philosopher\u0027s Stone","Orrery"],"picked":"Tiny House"}],"items_purged_floors":[7,13,22],"is_endless":false,"potions_floor_spawned":[11,14,16,18],"killed_by":"Snecko","ascension_level":13}