{"gold_per_floor":[217,217,25,40,54,54,54,80,107,32,47,47],"floor_reached":12,"playtime":309,"items_purged":["Strike_G"],"score":156,"play_id":"2c5403cf-f8f5-4e0b-a358-f822a3633aea","local_time":"20190319191833","is_ascension_mode":true,"campfire_choices":[{"floor":6.0,"key":"REST"}],"neow_cost":"NONE","seed_source_timestamp":205165790747689,"circlet_count":0,"master_deck":["AscendersBane","Defend_G","Defend_G","Defend_G","Defend_G","Strike_G","Strike_G","Strike_G","Survivor","Neutralize","Blade Dance","Footwork","Cloak And Dagger","Flying Knee","Choke","Dagger Spray","Unload","Malaise","Dagger Spray"],"special_seed":0,"relics":["Ring of the Snake","Anchor","Dream Catcher"],"potions_floor_usage":[12],"damage_taken":[{"damage":11.0,"enemies":"Cultist","floor":1.0,"turns":4.0},{"damage":0.0,"enemies":"Small Slimes","floor":4.0,"turns":3.0},{"damage":12.0,"enemies":"Jaw Worm","floor":5.0,"turns":4.0},{"damage":47.0,"enemies":"Lagavulin","floor":8.0,"turns":6.0},{"damage":0.0,"enemies":"Looter","floor":11.0,"turns":4.0},{"damage":1,"enemies":"Large Slime","floor":12,"turns":3}],"seed_played":"4354295942192911331","potions_obtained":[{"floor":1.0,"key":"Explosive Potion"},{"floor":11.0,"key":"Poison Potion"}],"is_trial":false,"path_per_floor":["M","?","$","M","M","R","?","E","T","$","M","M"],"character_chosen":"THE_SILENT","items_purchased":["Footwork","Cloak And Dagger","Flying Knee"],"campfire_rested":1,"item_purchase_floors":[3,3,3],"current_hp_per_floor":[48,41,41,41,29,48,48,1,1,1,1,0],"gold":47,"neow_bonus":"HUNDRED_GOLD","is_prod":false,"is_daily":false,"chose_seed":false,"campfire_upgraded":0,"win_rate":0,"timestamp":1553019513,"path_taken":["M","?","$","M","M","R","?","E","T","?","M","M"],"build_version":"2019-01-23","purchased_purges":1,"victory":false,"max_hp_per_floor":[66,66,66,66,66,66,66,66,66,66,66,66],"card_choices":[{"not_picked":["Masterful Stab","Deflect"],"picked":"Blade Dance","floor":1.0},{"not_picked":["Prepared","Concentrate"],"picked":"Choke","floor":4.0},{"not_picked":["PiercingWail","Flying Knee"],"picked":"Dagger Spray","floor":5.0},{"not_picked":["Underhanded Strike","Outmaneuver"],"picked":"Malaise","floor":8.0},{"not_picked":["Dagger Throw","Bane"],"picked":"Dagger Spray","floor":11.0}],"player_experience":717284,"relics_obtained":[{"floor":8.0,"key":"Anchor"},{"floor":9.0,"key":"Dream Catcher"}],"event_choices":[{"cards_removed":["Defend_G"],"damage_healed":0.0,"max_hp_gain":0.0,"max_hp_loss":0.0,"gold_gain":0.0,"event_name":"Golden Wing","player_choice":"Card Removal","floor":2.0,"gold_loss":0.0,"damage_taken":7.0},{"damage_healed":0.0,"max_hp_gain":0.0,"max_hp_loss":0.0,"gold_gain":0.0,"cards_transformed":["Strike_G"],"event_name":"Living Wall","player_choice":"Change","floor":7.0,"gold_loss":0.0,"damage_taken":0.0,"cards_obtained":["Unload"]}],"is_beta":false,"boss_relics":[],"items_purged_floors":[10],"is_endless":false,"potions_floor_spawned":[1,11],"killed_by":"Large Slime","ascension_level":20}