{"gold_per_floor":[109,109,128,148,166,191,191,191],"floor_reached":8,"playtime":339,"items_purged":[],"score":104,"play_id":"488fb3ce-b8e2-4367-ae16-cfffcd0a9e98","local_time":"20190613050701","is_ascension_mode":true,"campfire_choices":[{"data":"Predator","floor":7,"key":"SMITH"}],"neow_cost":"NONE","seed_source_timestamp":103901689403400,"circlet_count":0,"master_deck":["AscendersBane","Defend_G","Defend_G","Defend_G","Defend_G","Defend_G","Strike_G","Strike_G","Strike_G","Strike_G","Strike_G","Survivor","Neutralize+1","Dagger Throw","Bouncing Flask","Predator+1","Choke","Underhanded Strike"],"relics":["Ring of the Snake","Bottled Flame"],"potions_floor_usage":[6,8],"damage_taken":[{"damage":0,"enemies":"2 Louse","floor":1,"turns":4},{"damage":0,"enemies":"Cultist","floor":3,"turns":3},{"damage":4,"enemies":"Jaw Worm","floor":4,"turns":3},{"damage":9,"enemies":"Red Slaver","floor":5,"turns":4},{"damage":12,"enemies":"Gremlin Nob","floor":6,"turns":3},{"damage":41,"enemies":"3 Sentries","floor":8,"turns":8}],"seed_played":"-9026945323963954220","potions_obtained":[{"floor":3,"key":"Poison Potion"},{"floor":6,"key":"Weak Potion"}],"is_trial":false,"path_per_floor":["M","?","M","M","M","E","R","E"],"character_chosen":"THE_SILENT","items_purchased":[],"campfire_rested":0,"item_purchase_floors":[],"current_hp_per_floor":[65,65,65,61,52,40,40,0],"gold":191,"neow_bonus":"TEN_PERCENT_HP_BONUS","is_prod":false,"is_daily":false,"chose_seed":false,"campfire_upgraded":1,"win_rate":0,"timestamp":1560395221,"path_taken":["M","?","M","?","M","E","R","E"],"build_version":"2019-01-23","purchased_purges":0,"victory":false,"max_hp_per_floor":[72,72,72,72,72,72,72,72],"card_choices":[{"not_picked":["Dodge and Roll","Blade Dance"],"picked":"Dagger Throw","floor":1},{"not_picked":["Deadly Poison","Bane"],"picked":"Bouncing Flask","floor":3},{"not_picked":["Deflect","Setup"],"picked":"Predator","floor":4},{"not_picked":["Terror","PiercingWail"],"picked":"Choke","floor":5},{"not_picked":["Expertise","Sucker Punch"],"picked":"Underhanded Strike","floor":6}],"player_experience":1320580,"relics_obtained":[{"floor":6,"key":"Bottled Flame"}],"event_choices":[{"damage_healed":0,"gold_gain":0,"player_choice":"Upgraded","damage_taken":0,"max_hp_gain":0,"max_hp_loss":0,"event_name":"Upgrade Shrine","floor":2,"gold_loss":0,"cards_upgraded":["Neutralize"]}],"is_beta":false,"boss_relics":[],"items_purged_floors":[],"is_endless":false,"potions_floor_spawned":[3,6],"killed_by":"3 Sentries","ascension_level":16}