{"gold_per_floor":[361,141,155,174,185,185,203,19,19,19,19,19],"floor_reached":12,"playtime":407,"items_purged":["Writhe","Strike_R"],"score":133,"play_id":"9a719370-9ae7-4610-ac1f-54e80514c3ef","local_time":"20190813011724","is_ascension_mode":true,"campfire_choices":[{"data":"Armaments","floor":6,"key":"SMITH"},{"data":"Bludgeon","floor":10,"key":"SMITH"}],"neow_cost":"CURSE","seed_source_timestamp":894202443908200,"circlet_count":0,"master_deck":["AscendersBane","Strike_R","Strike_R","Strike_R","Strike_R","Defend_R","Defend_R","Defend_R","Defend_R","Bash","Armaments+1","Battle Trance","Body Slam+1","Spot Weakness","Seeing Red","Dual Wield","Rampage","Bludgeon+1"],"relics":["Burning Blood","Kunai"],"potions_floor_usage":[7],"damage_taken":[{"damage":12,"enemies":"Small Slimes","floor":1,"turns":5},{"damage":5,"enemies":"2 Louse","floor":3,"turns":3},{"damage":2,"enemies":"Jaw Worm","floor":4,"turns":3},{"damage":29,"enemies":"Large Slime","floor":5,"turns":9},{"damage":14,"enemies":"2 Fungi Beasts","floor":7,"turns":4},{"damage":36,"enemies":"Gremlin Nob","floor":12,"turns":3}],"seed_played":"2282955740345627759","potions_obtained":[{"floor":1,"key":"Regen Potion"},{"floor":4,"key":"Weak Potion"}],"is_trial":false,"path_per_floor":["M","$","M","M","M","R","M","$","T","R","?","E"],"character_chosen":"IRONCLAD","items_purchased":["Battle Trance","Body Slam","Bludgeon"],"campfire_rested":0,"item_purchase_floors":[2,2,8],"current_hp_per_floor":[62,62,63,67,44,44,36,36,36,36,36,0],"gold":19,"neow_bonus":"TWO_FIFTY_GOLD","is_prod":false,"is_daily":false,"chose_seed":false,"campfire_upgraded":2,"win_rate":0,"timestamp":1565651844,"path_taken":["M","$","M","M","M","R","M","$","T","R","?","E"],"build_version":"2019-07-17","purchased_purges":2,"victory":false,"max_hp_per_floor":[75,75,75,75,75,75,75,75,75,75,75,75],"card_choices":[{"not_picked":["True Grit","Bloodletting"],"picked":"Armaments","floor":1},{"not_picked":["Pommel Strike","Wild Strike"],"picked":"Spot Weakness","floor":3},{"not_picked":["Warcry","Wild Strike"],"picked":"Seeing Red","floor":4},{"not_picked":["Cleave","Wild Strike"],"picked":"Dual Wield","floor":5},{"not_picked":["Pommel Strike","Burning Pact"],"picked":"Rampage","floor":7}],"player_experience":1860578,"relics_obtained":[{"floor":9,"key":"Kunai"}],"event_choices":[{"damage_healed":0,"gold_gain":0,"player_choice":"Grow","damage_taken":0,"max_hp_gain":0,"max_hp_loss":0,"event_name":"Living Wall","floor":11,"gold_loss":0,"cards_upgraded":["Body Slam"]}],"is_beta":false,"boss_relics":[],"items_purged_floors":[2,8],"is_endless":false,"potions_floor_spawned":[1,4],"killed_by":"Gremlin Nob","ascension_level":18}