{"gold_per_floor":[109,120,270,286,45,45,72,72,97,62,62,62,87,87],"floor_reached":14,"playtime":476,"items_purged":["Doubt"],"score":173,"play_id":"89ca3cec-30c2-4710-99de-ba7d7c854db1","local_time":"20190627210545","is_ascension_mode":true,"campfire_choices":[{"data":"Neutralize","floor":6,"key":"SMITH"},{"data":"Envenom","floor":8,"key":"SMITH"},{"data":"Leg Sweep","floor":11,"key":"SMITH"}],"neow_cost":"NONE","seed_source_timestamp":852981500257200,"circlet_count":0,"master_deck":["AscendersBane","Defend_G","Defend_G","Defend_G","Defend_G","Defend_G","Strike_G","Strike_G","Strike_G","Strike_G","Strike_G","Survivor","Neutralize+1","Leg Sweep+1","Dagger Throw","Flying Knee","Endless Agony","Escape Plan","Deflect","Envenom+1","Setup"],"relics":["Ring of the Snake","Smiling Mask","Blood Vial","Dream Catcher","Art of War","Matryoshka"],"potions_floor_usage":[7,13],"damage_taken":[{"damage":2,"enemies":"Jaw Worm","floor":1,"turns":8},{"damage":0,"enemies":"Small Slimes","floor":2,"turns":5},{"damage":5,"enemies":"2 Louse","floor":4,"turns":4},{"damage":18,"enemies":"Gremlin Nob","floor":7,"turns":5},{"damage":45,"enemies":"3 Sentries","floor":13,"turns":13},{"damage":15,"enemies":"Exordium Wildlife","floor":14,"turns":5}],"seed_played":"-5053398679930880708","potions_obtained":[{"floor":1,"key":"Fire Potion"},{"floor":2,"key":"LiquidBronze"},{"floor":7,"key":"Regen Potion"}],"is_trial":false,"path_per_floor":["M","M","?","M","$","R","E","R","T","?","R","?","E","M"],"character_chosen":"THE_SILENT","items_purchased":["Endless Agony","Escape Plan","Deflect"],"campfire_rested":0,"item_purchase_floors":[5,5,5],"current_hp_per_floor":[57,57,57,52,52,52,34,34,34,50,50,39,11,0],"gold":87,"neow_bonus":"RANDOM_COMMON_RELIC","is_prod":false,"is_daily":false,"chose_seed":false,"campfire_upgraded":3,"win_rate":0,"timestamp":1561662345,"path_taken":["M","M","?","M","$","R","E","R","T","?","R","?","E","M"],"build_version":"2019-01-23","purchased_purges":1,"victory":false,"max_hp_per_floor":[66,66,66,66,66,66,66,66,66,66,66,66,66,66],"card_choices":[{"not_picked":["Blade Dance","Endless Agony"],"picked":"Leg Sweep","floor":1},{"not_picked":["Acrobatics","Accuracy"],"picked":"Dagger Throw","floor":2},{"not_picked":["Blade Dance","Quick Slash"],"picked":"Flying Knee","floor":4},{"not_picked":["Dodge and Roll","Noxious Fumes"],"picked":"Envenom","floor":7},{"not_picked":["Blade Dance","Quick Slash"],"picked":"Setup","floor":13}],"player_experience":1508581,"relics_obtained":[{"floor":7,"key":"Blood Vial"},{"floor":9,"key":"Dream Catcher"},{"floor":13,"key":"Matryoshka"}],"event_choices":[{"damage_healed":0,"gold_gain":150,"player_choice":"AGREE","damage_taken":0,"max_hp_gain":0,"max_hp_loss":0,"event_name":"Liars Game","floor":3,"gold_loss":0,"cards_obtained":["Doubt"]},{"damage_healed":16,"gold_gain":0,"player_choice":"Healed","damage_taken":0,"max_hp_gain":0,"max_hp_loss":0,"event_name":"The Cleric","floor":10,"gold_loss":35},{"damage_healed":0,"gold_gain":0,"player_choice":"Success","damage_taken":11,"relics_obtained":["Art of War"],"max_hp_gain":0,"max_hp_loss":0,"event_name":"Scrap Ooze","floor":12,"gold_loss":0}],"is_beta":false,"boss_relics":[],"items_purged_floors":[5],"is_endless":false,"potions_floor_spawned":[1,2,7],"killed_by":"Exordium Wildlife","ascension_level":16}