{"gold_per_floor":[113,126,139,154,154,179,179,190,245,245,170,182,198,230,230,326,326,296,51,51,51,51,51,51,51,51,51,51,51,51,51,51,51],"floor_reached":33,"playtime":2681,"items_purged":["Reflex"],"score":353,"play_id":"c5864b88-d882-47b7-bb8e-fb969892e3ce","local_time":"20190527003707","is_ascension_mode":false,"campfire_choices":[{"floor":7,"key":"REST"},{"floor":10,"key":"REST"},{"floor":15,"key":"REST"},{"data":"Adrenaline","floor":23,"key":"SMITH"},{"data":"Die Die Die","floor":25,"key":"SMITH"},{"data":"All Out Attack","floor":29,"key":"SMITH"},{"floor":32,"key":"REST"}],"neow_cost":"NONE","seed_source_timestamp":197238977012434,"circlet_count":0,"master_deck":["Defend_G","Defend_G","Defend_G","Defend_G","Defend_G","Strike_G","Strike_G","Strike_G","Strike_G","Survivor","Neutralize","Die Die Die+1","Prepared","Die Die Die","Predator","Infinite Blades","Escape Plan","Corpse Explosion","Flying Knee","All Out Attack+1","Flying Knee","Adrenaline+1","Masterful Stab","Tools of the Trade"],"relics":["Ring of the Snake","Dodecahedron","Dream Catcher","Ninja Scroll","Ectoplasm","Bottled Flame","Red Mask","Ancient Tea Set","Nunchaku","Spirit Poop"],"potions_floor_usage":[16,16,16,24,33],"damage_taken":[{"damage":0,"enemies":"Cultist","floor":1,"turns":3},{"damage":0,"enemies":"Jaw Worm","floor":2,"turns":5},{"damage":0,"enemies":"Small Slimes","floor":3,"turns":2},{"damage":5,"enemies":"Looter","floor":4,"turns":3},{"damage":27,"enemies":"Gremlin Nob","floor":6,"turns":5},{"damage":0,"enemies":"2 Fungi Beasts","floor":8,"turns":2},{"damage":1,"enemies":"Red Slaver","floor":12,"turns":2},{"damage":0,"enemies":"Looter","floor":13,"turns":4},{"damage":36,"enemies":"Lagavulin","floor":14,"turns":7},{"damage":0,"enemies":"Slime Boss","floor":16,"turns":5},{"damage":7,"enemies":"2 Thieves","floor":18,"turns":2},{"damage":0,"enemies":"Chosen","floor":20,"turns":4},{"damage":0,"enemies":"Masked Bandits","floor":22,"turns":2},{"damage":0,"enemies":"Gremlin Leader","floor":24,"turns":5},{"damage":1,"enemies":"3 Cultists","floor":27,"turns":3},{"damage":2,"enemies":"Centurion and Healer","floor":30,"turns":3},{"damage":15,"enemies":"Snecko","floor":31,"turns":5},{"damage":86,"enemies":"Champ","floor":33,"turns":8}],"seed_played":"-3097883032822365525","potions_obtained":[{"floor":2,"key":"GamblersBrew"},{"floor":8,"key":"Strength Potion"},{"floor":12,"key":"Strength Potion"},{"floor":14,"key":"Fire Potion"},{"floor":18,"key":"LiquidBronze"},{"floor":20,"key":"GhostInAJar"}],"is_trial":false,"path_per_floor":["M","M","M","M","?","E","R","M","T","R","$","M","M","E","R","B",null,"M","$","M","?","?","R","E","R","T","M","?","R","M","M","R","B"],"character_chosen":"THE_SILENT","items_purchased":["Bottled Flame"],"campfire_rested":4,"item_purchase_floors":[19],"current_hp_per_floor":[70,70,70,65,65,38,59,59,59,70,70,69,69,33,54,54,70,63,63,63,63,63,63,63,63,63,62,62,62,60,45,66,0],"gold":51,"neow_bonus":"ONE_RANDOM_RARE_CARD","is_prod":false,"is_daily":false,"chose_seed":false,"campfire_upgraded":3,"win_rate":0,"timestamp":1558931827,"path_taken":["M","M","M","M","?","E","R","M","T","R","$","M","M","E","R","BOSS","M","$","M","?","?","R","E","R","T","M","?","R","M","M","R","BOSS"],"build_version":"2019-01-23","purchased_purges":1,"victory":false,"max_hp_per_floor":[70,70,70,70,70,70,70,70,70,70,70,70,70,70,70,70,70,70,70,70,70,70,70,70,70,70,70,70,70,70,70,70,70],"card_choices":[{"not_picked":["Underhanded Strike","Backflip","Poisoned Stab"],"picked":"SKIP","floor":1},{"not_picked":["PiercingWail","Deadly Poison"],"picked":"Prepared","floor":2},{"not_picked":["Slice","Caltrops"],"picked":"Die Die Die","floor":3},{"not_picked":["Well Laid Plans","Acrobatics"],"picked":"Predator","floor":4},{"not_picked":["Noxious Fumes","Acrobatics"],"picked":"Infinite Blades","floor":6},{"not_picked":["Well Laid Plans","Acrobatics"],"picked":"Escape Plan","floor":8},{"not_picked":["Blade Dance","Acrobatics"],"picked":"Corpse Explosion","floor":10},{"not_picked":["Quick Slash","Underhanded Strike"],"picked":"Flying Knee","floor":12},{"not_picked":["Sucker Punch","Bane","Noxious Fumes"],"picked":"SKIP","floor":13},{"not_picked":["Heel Hook","Terror"],"picked":"All Out Attack","floor":14},{"not_picked":["Dagger Spray","Outmaneuver"],"picked":"Flying Knee","floor":15},{"not_picked":["Malaise","Venomology"],"picked":"Adrenaline","floor":16},{"not_picked":["Dagger Throw","Heel Hook","PiercingWail"],"picked":"SKIP","floor":18},{"not_picked":["Flying Knee","Tactician"],"picked":"Masterful Stab","floor":20},{"not_picked":["Crippling Poison","Endless Agony","Underhanded Strike"],"picked":"SKIP","floor":24},{"not_picked":["Poisoned Stab","Slice","Dodge and Roll+1"],"picked":"SKIP","floor":27},{"not_picked":["Dagger Throw","Sucker Punch+1","Reflex"],"picked":"SKIP","floor":30},{"not_picked":["Slice+1","Dagger Throw"],"picked":"Tools of the Trade","floor":31}],"player_experience":24130,"relics_obtained":[{"floor":6,"key":"Dodecahedron"},{"floor":9,"key":"Dream Catcher"},{"floor":14,"key":"Ninja Scroll"},{"floor":22,"key":"Red Mask"},{"floor":24,"key":"Ancient Tea Set"},{"floor":26,"key":"Nunchaku"}],"event_choices":[{"damage_healed":0,"gold_gain":0,"cards_transformed":["Strike_G"],"player_choice":"Change","damage_taken":0,"max_hp_gain":0,"max_hp_loss":0,"event_name":"Living Wall","floor":5,"gold_loss":0,"cards_obtained":["Reflex"]},{"damage_healed":0,"gold_gain":0,"player_choice":"Smashed Altar","damage_taken":0,"max_hp_gain":0,"max_hp_loss":0,"event_name":"Forgotten Altar","floor":21,"gold_loss":0,"cards_obtained":["Decay"]},{"damage_healed":0,"gold_gain":0,"player_choice":"Fought Bandits","damage_taken":0,"max_hp_gain":0,"max_hp_loss":0,"event_name":"Masked Bandits","floor":22,"gold_loss":0},{"cards_removed":["Decay"],"damage_healed":0,"gold_gain":0,"player_choice":"Offered Curse","damage_taken":0,"relics_obtained":["Spirit Poop"],"max_hp_gain":0,"max_hp_loss":0,"event_name":"Bonfire Elementals","floor":28,"gold_loss":0}],"is_beta":false,"boss_relics":[{"not_picked":["Eternal Feather","Orrery"],"picked":"Ectoplasm"}],"items_purged_floors":[11],"is_endless":false,"potions_floor_spawned":[2,8,12,14,18,20],"killed_by":"Champ","ascension_level":0}