{"gold_per_floor":[17,30,43,55,70,70,96,73,73,73],"floor_reached":10,"playtime":365,"items_purged":[],"score":123,"play_id":"87c7fb18-70cf-4bcb-a6f3-106baaf29f9d","local_time":"20191009153532","is_ascension_mode":true,"campfire_choices":[{"floor":6,"key":"REST"}],"neow_cost":"NO_GOLD","seed_source_timestamp":196045086743594,"circlet_count":0,"master_deck":["AscendersBane","Strike_R","Strike_R","Strike_R","Strike_R","Strike_R","Defend_R","Defend_R","Defend_R","Defend_R","Bash","Secret Weapon","Spot Weakness","Whirlwind","Limit Break","Limit Break","Anger"],"relics":["Burning Blood","Regal Pillow","Sundial"],"potions_floor_usage":[4,7,10],"damage_taken":[{"damage":16,"enemies":"Cultist","floor":1,"turns":4},{"damage":6,"enemies":"2 Louse","floor":2,"turns":3},{"damage":13,"enemies":"Jaw Worm","floor":3,"turns":4},{"damage":28,"enemies":"Exordium Wildlife","floor":4,"turns":4},{"damage":16,"enemies":"Blue Slaver","floor":5,"turns":3},{"damage":40,"enemies":"Gremlin Nob","floor":7,"turns":5},{"damage":23,"enemies":"3 Sentries","floor":10,"turns":2}],"seed_played":"-5466735499742731333","potions_obtained":[{"floor":2,"key":"Dexterity Potion"},{"floor":4,"key":"Fruit Juice"},{"floor":5,"key":"DuplicationPotion"}],"is_trial":false,"path_per_floor":["M","M","M","M","M","R","E","$","T","E"],"character_chosen":"IRONCLAD","items_purchased":["Anger"],"campfire_rested":1,"item_purchase_floors":[8],"current_hp_per_floor":[58,58,51,34,24,48,14,14,14,0],"gold":73,"neow_bonus":"RANDOM_COLORLESS_2","is_prod":false,"is_daily":false,"chose_seed":false,"campfire_upgraded":0,"win_rate":0,"timestamp":1570649732,"path_taken":["M","?","M","M","M","R","E","$","T","E"],"build_version":"2019-10-08","purchased_purges":0,"victory":false,"max_hp_per_floor":[75,75,75,80,80,80,80,80,80,80],"card_choices":[{"not_picked":["Transmutation","Metamorphosis"],"picked":"Secret Weapon","floor":0},{"not_picked":["Iron Wave","Warcry","Armaments"],"picked":"SKIP","floor":1},{"not_picked":["True Grit","Iron Wave"],"picked":"Spot Weakness","floor":2},{"not_picked":["Sword Boomerang","Wild Strike","Heavy Blade"],"picked":"SKIP","floor":3},{"not_picked":["Infernal Blade","Evolve"],"picked":"Whirlwind","floor":4},{"not_picked":["True Grit","Shrug It Off"],"picked":"Limit Break","floor":5},{"not_picked":["True Grit","Reckless Charge"],"picked":"Limit Break","floor":7}],"player_experience":488495,"relics_obtained":[{"floor":7,"key":"Regal Pillow"},{"floor":9,"key":"Sundial"}],"event_choices":[],"is_beta":true,"boss_relics":[],"items_purged_floors":[],"is_endless":false,"potions_floor_spawned":[2,4,5],"killed_by":"3 Sentries","ascension_level":15}