{"gold_per_floor":[119,50,64,80,90,90,104,104,104,104,104,133,6,6,6,6],"floor_reached":16,"playtime":930,"items_purged":["Strike_G"],"score":90,"play_id":"f0c40a08-b776-4932-abe0-e38c7327bec6","local_time":"20190326214949","is_ascension_mode":false,"campfire_choices":[{"data":"Neutralize","floor":6,"key":"SMITH"},{"data":"Footwork","floor":8,"key":"SMITH"},{"data":"Sucker Punch","floor":10,"key":"SMITH"},{"data":"Backflip","floor":15,"key":"SMITH"}],"neow_cost":"NONE","seed_source_timestamp":263548305598630,"circlet_count":0,"master_deck":["Defend_G","Defend_G","Defend_G","Defend_G","Defend_G","Strike_G","Strike_G","Strike_G","Survivor","Neutralize+1","Leg Sweep","Well Laid Plans","Footwork+1","Dagger Throw","Sucker Punch+1","Leg Sweep","Backflip+1"],"relics":["Ring of the Snake","Odd Mushroom","Golden Idol"],"potions_floor_usage":[],"damage_taken":[{"damage":0,"enemies":"Small Slimes","floor":1,"turns":5},{"damage":0,"enemies":"Jaw Worm","floor":3,"turns":5},{"damage":0,"enemies":"2 Louse","floor":4,"turns":3},{"damage":10,"enemies":"2 Fungi Beasts","floor":5,"turns":5},{"damage":0,"enemies":"Red Slaver","floor":7,"turns":5},{"damage":9,"enemies":"The Mushroom Lair","floor":12,"turns":7},{"damage":35,"enemies":"Slime Boss","floor":16,"turns":11}],"seed_played":"4010708893254316360","potions_obtained":[{"floor":1,"key":"Weak Potion"},{"floor":7,"key":"Fire Potion"},{"floor":12,"key":"Strength Potion"}],"is_trial":false,"path_per_floor":["M","$","M","M","M","R","M","R","T","R","?","?","$","?","R","B"],"character_chosen":"THE_SILENT","items_purchased":["Well Laid Plans","Backflip"],"campfire_rested":0,"item_purchase_floors":[2,13],"current_hp_per_floor":[70,70,70,70,60,60,60,60,60,60,60,51,51,51,51,16],"gold":6,"neow_bonus":"REMOVE_CARD","is_prod":false,"is_daily":false,"chose_seed":false,"campfire_upgraded":4,"win_rate":1,"timestamp":1553662189,"path_taken":["M","$","M","M","M","R","M","R","T","R","?","?","$","?","R","BOSS"],"build_version":"2019-01-23","purchased_purges":1,"victory":false,"max_hp_per_floor":[70,70,70,70,70,70,70,70,70,70,70,70,70,65,65,65],"card_choices":[{"not_picked":["Prepared","Poisoned Stab"],"picked":"Leg Sweep","floor":1},{"not_picked":["Noxious Fumes","Blade Dance"],"picked":"Footwork","floor":3},{"not_picked":["After Image","Catalyst"],"picked":"Dagger Throw","floor":4},{"not_picked":["Outmaneuver","Deadly Poison","Heel Hook"],"picked":"SKIP","floor":5},{"not_picked":["Bane","Dagger Throw"],"picked":"Sucker Punch","floor":7},{"not_picked":["Underhanded Strike","Prepared"],"picked":"Leg Sweep","floor":12}],"player_experience":63129,"relics_obtained":[{"floor":12,"key":"Odd Mushroom"}],"event_choices":[{"damage_healed":0,"gold_gain":0,"player_choice":"Ignored","damage_taken":0,"max_hp_gain":0,"max_hp_loss":0,"event_name":"Liars Game","floor":11,"gold_loss":0},{"damage_healed":0,"gold_gain":0,"player_choice":"Fought Mushrooms","damage_taken":0,"max_hp_gain":0,"max_hp_loss":0,"event_name":"Mushrooms","floor":12,"gold_loss":0},{"damage_healed":0,"gold_gain":0,"player_choice":"Lose Max HP","damage_taken":0,"relics_obtained":["Golden Idol"],"max_hp_gain":0,"max_hp_loss":5,"event_name":"Golden Idol","floor":14,"gold_loss":0}],"is_beta":false,"boss_relics":[],"items_purged_floors":[13],"is_endless":false,"potions_floor_spawned":[1,7,12],"killed_by":"Slime Boss","ascension_level":0}