{"gold_per_floor":[119,119,44,44,63,94,49,49,103,103,120,120,120,135,135,237,237,256,181,10,26,26,26],"floor_reached":23,"playtime":1623,"items_purged":["Regret","Strike_B"],"score":187,"play_id":"34e7cfb9-7310-4a22-baed-86896bc99caa","local_time":"20190601231507","is_ascension_mode":false,"campfire_choices":[{"floor":10,"key":"REST"},{"data":"Fusion","floor":13,"key":"SMITH"},{"data":"Dualcast","floor":15,"key":"SMITH"}],"neow_cost":"PERCENT_DAMAGE","seed_source_timestamp":711811002547556,"circlet_count":0,"master_deck":["Strike_B","Strike_B","Defend_B","Defend_B","Defend_B","Defend_B+1","Zap","Dualcast+1","Leap","Static Discharge","Steam+1","Fusion+1","Redo","Meteor Strike","Redo+1","Creative AI","BootSequence"],"relics":["Cracked Core","Incense Burner","PreservedInsect","Dead Branch","War Paint","Cursed Key"],"potions_floor_usage":[6,16,19,19],"damage_taken":[{"damage":0,"enemies":"2 Louse","floor":1,"turns":2},{"damage":0,"enemies":"Cultist","floor":5,"turns":4},{"damage":25,"enemies":"Gremlin Nob","floor":6,"turns":4},{"damage":0,"enemies":"Jaw Worm","floor":11,"turns":3},{"damage":0,"enemies":"3 Louse","floor":14,"turns":5},{"damage":42,"enemies":"The Guardian","floor":16,"turns":14},{"damage":14,"enemies":"3 Byrds","floor":18,"turns":6},{"damage":11,"enemies":"2 Thieves","floor":19,"turns":5},{"damage":29,"enemies":"3 Cultists","floor":21,"turns":4},{"damage":20,"enemies":"Colosseum Slavers","floor":22,"turns":7},{"damage":4,"enemies":"Slavers","floor":23,"turns":1}],"seed_played":"-2113116548344601881","potions_obtained":[{"floor":5,"key":"LiquidBronze"},{"floor":14,"key":"GamblersBrew"},{"floor":16,"key":"Block Potion"},{"floor":18,"key":"GamblersBrew"}],"is_trial":false,"path_per_floor":["M","?","$","?","M","E","?","?","T","R","M","?","R","M","R","B",null,"M","M","$","M","?","E"],"character_chosen":"DEFECT","items_purchased":["BootSequence"],"campfire_rested":1,"item_purchase_floors":[20],"current_hp_per_floor":[54,54,54,54,54,29,29,29,29,51,51,51,51,51,51,9,75,61,50,50,21,1,0],"gold":26,"neow_bonus":"ONE_RARE_RELIC","is_prod":false,"is_daily":false,"chose_seed":false,"campfire_upgraded":2,"win_rate":0.0,"timestamp":1559445307,"path_taken":["M","?","$","?","?","E","?","?","T","R","M","?","R","M","R","BOSS","M","M","$","M","?","E"],"build_version":"2019-01-23","purchased_purges":2,"victory":false,"max_hp_per_floor":[75,75,75,75,75,75,75,75,75,75,75,75,75,75,75,75,75,75,75,75,75,75,75],"card_choices":[{"not_picked":["Beam Cell","Aggregate"],"picked":"Leap","floor":1},{"not_picked":["Compile Driver","Force Field"],"picked":"Static Discharge","floor":5},{"not_picked":["Stack","Hologram"],"picked":"Steam","floor":6},{"not_picked":["Ball Lightning","Sweeping Beam"],"picked":"Fusion","floor":11},{"not_picked":["Rip and Tear","Steam"],"picked":"Redo","floor":14},{"not_picked":["Reboot","Biased Cognition"],"picked":"Meteor Strike","floor":16},{"not_picked":["Hologram+1","Ball Lightning"],"picked":"Redo+1","floor":18},{"not_picked":["Beam Cell","Rip and Tear+1"],"picked":"Creative AI","floor":19},{"not_picked":["Capacitor","Blizzard+1","Gash+1"],"picked":"SKIP","floor":21}],"player_experience":89273,"relics_obtained":[{"floor":6,"key":"Dead Branch"},{"floor":9,"key":"War Paint"}],"event_choices":[{"damage_healed":0,"gold_gain":0,"player_choice":"Box","damage_taken":0,"relics_obtained":["PreservedInsect"],"max_hp_gain":0,"max_hp_loss":0,"event_name":"Big Fish","floor":2,"gold_loss":0,"cards_obtained":["Regret"]},{"damage_healed":0,"gold_gain":0,"player_choice":"Leave","damage_taken":0,"max_hp_gain":0,"max_hp_loss":0,"event_name":"FaceTrader","floor":4,"gold_loss":0},{"damage_healed":0,"gold_gain":0,"player_choice":"Left Gold","damage_taken":0,"max_hp_gain":0,"max_hp_loss":0,"event_name":"World of Goop","floor":7,"gold_loss":45},{"damage_healed":0,"gold_gain":0,"player_choice":"Ignored","damage_taken":0,"max_hp_gain":0,"max_hp_loss":0,"event_name":"Golden Idol","floor":8,"gold_loss":0},{"cards_removed":["Strike_B"],"damage_healed":0,"gold_gain":0,"player_choice":"Forget","damage_taken":0,"max_hp_gain":0,"max_hp_loss":0,"event_name":"Living Wall","floor":12,"gold_loss":0},{"damage_healed":0,"gold_gain":0,"player_choice":"Fight","damage_taken":0,"max_hp_gain":0,"max_hp_loss":0,"event_name":"Colosseum","floor":22,"gold_loss":0},{"damage_healed":0,"gold_gain":0,"player_choice":"Fled From Nobs","damage_taken":0,"max_hp_gain":0,"max_hp_loss":0,"event_name":"Colosseum","floor":22,"gold_loss":0}],"is_beta":false,"boss_relics":[{"not_picked":["Snecko Eye","Philosopher\u0027s Stone"],"picked":"Cursed Key"}],"items_purged_floors":[3,20],"is_endless":false,"potions_floor_spawned":[5,14,16,18,22],"killed_by":"Slavers","ascension_level":0}