{"gold_per_floor":[111,127,127,127,144,177,189,232,244,256,268,280,331,343,355,367],"floor_reached":16,"playtime":456,"items_purged":[],"score":209,"play_id":"6d795afa-5fd8-47bf-bd77-b9f3a41437db","local_time":"20190620111608","is_ascension_mode":true,"campfire_choices":[{"floor":7,"key":"REST"},{"floor":12,"key":"REST"},{"data":"Venomology","floor":15,"key":"SMITH"}],"neow_cost":"PERCENT_DAMAGE","seed_source_timestamp":212808559008100,"circlet_count":0,"master_deck":["AscendersBane","Defend_G","Defend_G","Defend_G","Defend_G","Strike_G","Strike_G","Survivor+1","Neutralize","Concentrate","Choke","Dagger Spray","Backstab","Dash","Venomology+1","Skewer+1","Injury","Night Terror"],"relics":["Ring of the Snake","MawBank","Nunchaku","Darkstone Periapt","Golden Idol","Dead Branch"],"potions_floor_usage":[8,8,13,16,16,16],"damage_taken":[{"damage":2,"enemies":"Jaw Worm","floor":1,"turns":8},{"damage":4,"enemies":"Small Slimes","floor":2,"turns":3},{"damage":0,"enemies":"Cultist","floor":5,"turns":3},{"damage":28,"enemies":"Gremlin Nob","floor":6,"turns":5},{"damage":10,"enemies":"3 Sentries","floor":8,"turns":4},{"damage":13,"enemies":"Gremlin Nob","floor":13,"turns":4},{"damage":19,"enemies":"Hexaghost","floor":16,"turns":7}],"seed_played":"-6549502623699419928","potions_obtained":[{"floor":6,"key":"SteroidPotion"},{"floor":8,"key":"SteroidPotion"},{"floor":13,"key":"SkillPotion"}],"is_trial":false,"path_per_floor":["M","M","?","?","M","E","R","E","T","?","?","R","E","?","R","B"],"character_chosen":"THE_SILENT","items_purchased":[],"campfire_rested":2,"item_purchase_floors":[],"current_hp_per_floor":[42,38,38,38,38,10,29,19,19,24,30,53,40,17,17,0],"gold":367,"neow_bonus":"TRANSFORM_TWO_CARDS","is_prod":false,"is_daily":false,"chose_seed":false,"campfire_upgraded":1,"win_rate":0,"timestamp":1561022168,"path_taken":["M","M","?","?","?","E","R","E","T","?","?","R","E","?","R","BOSS"],"build_version":"2019-01-23","purchased_purges":0,"victory":false,"max_hp_per_floor":[66,66,66,66,66,66,66,66,66,71,77,77,77,77,77,77],"card_choices":[{"not_picked":["Outmaneuver","Terror"],"picked":"Dagger Spray","floor":1},{"not_picked":["Backflip","Blade Dance"],"picked":"Backstab","floor":2},{"not_picked":["Dodge and Roll","Deadly Poison"],"picked":"Dash","floor":5},{"not_picked":["Riddle With Holes","Predator"],"picked":"Venomology","floor":6},{"not_picked":["Leg Sweep","Terror"],"picked":"Skewer","floor":8},{"not_picked":["Slice","Cloak And Dagger"],"picked":"Night Terror","floor":13}],"player_experience":1412900,"relics_obtained":[{"floor":6,"key":"MawBank"},{"floor":8,"key":"Nunchaku"},{"floor":9,"key":"Darkstone Periapt"},{"floor":13,"key":"Dead Branch"}],"event_choices":[{"cards_removed":["Strike_G"],"damage_healed":0,"gold_gain":0,"player_choice":"Forget","damage_taken":0,"max_hp_gain":0,"max_hp_loss":0,"event_name":"Living Wall","floor":3,"gold_loss":0},{"cards_removed":["Defend_G"],"damage_healed":0,"gold_gain":0,"player_choice":"Purged","damage_taken":0,"max_hp_gain":0,"max_hp_loss":0,"event_name":"Purifier","floor":4,"gold_loss":0},{"damage_healed":0,"gold_gain":0,"player_choice":"Donut","damage_taken":0,"max_hp_gain":5,"max_hp_loss":0,"event_name":"Big Fish","floor":10,"gold_loss":0},{"damage_healed":0,"gold_gain":0,"player_choice":"Take Wound","damage_taken":0,"relics_obtained":["Golden Idol"],"max_hp_gain":0,"max_hp_loss":0,"event_name":"Golden Idol","floor":11,"gold_loss":0,"cards_obtained":["Injury"]},{"damage_healed":0,"gold_gain":0,"player_choice":"Entered Light","damage_taken":23,"max_hp_gain":0,"max_hp_loss":0,"event_name":"Shining Light","floor":14,"gold_loss":0,"cards_upgraded":["Survivor","Skewer"]}],"is_beta":false,"boss_relics":[],"items_purged_floors":[],"is_endless":false,"potions_floor_spawned":[6,8,13],"killed_by":"Hexaghost","ascension_level":16}