{"gold_per_floor":[110,120,45,45,58,58,92,155,185,185,220,220,247,276,276,276],"floor_reached":16,"playtime":530,"items_purged":["Strike_R"],"score":232,"play_id":"baebdf4c-c86d-4d76-a67c-88abac778e7b","local_time":"20190713095055","is_ascension_mode":true,"campfire_choices":[{"data":"Uppercut","floor":6,"key":"SMITH"},{"data":"Searing Blow","floor":10,"key":"SMITH"},{"floor":12,"key":"REST"},{"data":"Searing Blow+1","floor":15,"key":"SMITH"}],"neow_cost":"NONE","seed_source_timestamp":217122370844917,"circlet_count":0,"master_deck":["AscendersBane","Strike_R","Strike_R","Strike_R","Strike_R","Defend_R","Defend_R","Defend_R","Defend_R","Bash","Anger","Uppercut+1","Double Tap","Searing Blow+2","Shockwave"],"relics":["Burning Blood","NeowsBlessing","Sundial","Ornamental Fan","Tiny Chest","Bronze Scales","Strawberry","Pen Nib"],"potions_floor_usage":[7,8,16],"damage_taken":[{"damage":0,"enemies":"Jaw Worm","floor":1,"turns":1},{"damage":0,"enemies":"Small Slimes","floor":2,"turns":1},{"damage":0,"enemies":"2 Louse","floor":5,"turns":1},{"damage":15,"enemies":"3 Sentries","floor":7,"turns":5},{"damage":25,"enemies":"Gremlin Nob","floor":8,"turns":4},{"damage":25,"enemies":"Gremlin Nob","floor":11,"turns":4},{"damage":6,"enemies":"Lagavulin","floor":14,"turns":6},{"damage":57,"enemies":"Slime Boss","floor":16,"turns":6}],"seed_played":"-4957432192137766137","potions_obtained":[{"floor":5,"key":"Explosive Potion"},{"floor":7,"key":"PowerPotion"},{"floor":14,"key":"Poison Potion"}],"is_trial":false,"path_per_floor":["M","M","$","?","M","R","E","?","T","R","E","R","T","E","R","B"],"character_chosen":"IRONCLAD","items_purchased":[],"campfire_rested":1,"item_purchase_floors":[],"current_hp_per_floor":[74,75,75,75,75,75,66,47,47,47,28,50,57,57,57,0],"gold":276,"neow_bonus":"THREE_ENEMY_KILL","is_prod":false,"is_daily":false,"chose_seed":false,"campfire_upgraded":3,"win_rate":0,"timestamp":1563007855,"path_taken":["M","M","$","?","M","R","E","?","T","R","E","R","?","E","R","BOSS"],"build_version":"2019-07-05","purchased_purges":1,"victory":false,"max_hp_per_floor":[75,75,75,75,75,75,75,75,75,75,75,75,82,82,82,82],"card_choices":[{"not_picked":["Twin Strike","Intimidate"],"picked":"Anger","floor":1},{"not_picked":["Sword Boomerang","Warcry"],"picked":"Uppercut","floor":2},{"not_picked":["Seeing Red","Twin Strike"],"picked":"Double Tap","floor":5},{"not_picked":["Clothesline","Second Wind"],"picked":"Searing Blow","floor":7},{"not_picked":["Cleave","Second Wind"],"picked":"Shockwave","floor":11},{"not_picked":["Body Slam","Flex","Fiend Fire"],"picked":"SKIP","floor":14}],"player_experience":1164878,"relics_obtained":[{"floor":7,"key":"Sundial"},{"floor":8,"key":"Ornamental Fan"},{"floor":9,"key":"Tiny Chest"},{"floor":11,"key":"Bronze Scales"},{"floor":13,"key":"Strawberry"},{"floor":14,"key":"Pen Nib"}],"event_choices":[{"damage_healed":0,"gold_gain":0,"player_choice":"Leave","damage_taken":0,"max_hp_gain":0,"max_hp_loss":0,"event_name":"The Cleric","floor":4,"gold_loss":0},{"damage_healed":0,"gold_gain":0,"player_choice":"Searched \u00271\u0027 times","damage_taken":0,"max_hp_gain":0,"max_hp_loss":0,"event_name":"Dead Adventurer","floor":8,"gold_loss":0}],"is_beta":false,"boss_relics":[],"items_purged_floors":[3],"is_endless":false,"potions_floor_spawned":[5,7,14],"killed_by":"Slime Boss","ascension_level":20}