{"gold_per_floor":[14,14,14,30,43,43,58,58,58,93,268,268,283,312,312,412,412,432,448,448,466,466],"floor_reached":22,"playtime":749,"items_purged":[],"score":304,"play_id":"98582724-b871-418a-b11c-9ee551b0e8bb","local_time":"20190216051742","is_ascension_mode":true,"campfire_choices":[{"data":"Zap","floor":6,"key":"SMITH"},{"data":"Storm","floor":8,"key":"SMITH"},{"data":"Conserve Battery","floor":12,"key":"SMITH"},{"data":"Sunder","floor":15,"key":"SMITH"}],"neow_cost":"NO_GOLD","seed_source_timestamp":367650739270900,"circlet_count":0,"master_deck":["AscendersBane","Strike_B+1","Defend_B","Defend_B","Defend_B","Defend_B","Zap+1","Dualcast","Conserve Battery+1","Storm+1","Leap","Ball Lightning","Conserve Battery+1","Reinforced Body","Sunder+1","Echo Form","Gash","Cold Snap","Hologram"],"relics":["Cracked Core","Meat on the Bone","Omamori","Gremlin Horn","Coffee Dripper"],"potions_floor_usage":[14,14,16],"damage_taken":[{"damage":2,"enemies":"Jaw Worm","floor":1,"turns":3},{"damage":0,"enemies":"2 Louse","floor":4,"turns":4},{"damage":0,"enemies":"Cultist","floor":5,"turns":3},{"damage":1,"enemies":"2 Fungi Beasts","floor":7,"turns":4},{"damage":13,"enemies":"Lagavulin","floor":10,"turns":7},{"damage":1,"enemies":"Exordium Wildlife","floor":13,"turns":3},{"damage":8,"enemies":"Gremlin Nob","floor":14,"turns":5},{"damage":41,"enemies":"Slime Boss","floor":16,"turns":10},{"damage":7,"enemies":"Chosen","floor":18,"turns":5},{"damage":27,"enemies":"3 Byrds","floor":19,"turns":5},{"damage":14,"enemies":"Centurion and Healer","floor":21,"turns":7},{"damage":38,"enemies":"Chosen and Byrds","floor":22,"turns":4}],"seed_played":"8712805290130461306","potions_obtained":[{"floor":1,"key":"LiquidBronze"},{"floor":4,"key":"SteroidPotion"},{"floor":10,"key":"PowerPotion"},{"floor":14,"key":"SteroidPotion"},{"floor":19,"key":"EssenceOfSteel"}],"is_trial":false,"path_per_floor":["M","?","?","M","M","R","M","R","T","E","?","R","M","E","R","B",null,"M","M","?","M","M"],"character_chosen":"DEFECT","items_purchased":[],"campfire_rested":0,"item_purchase_floors":[],"current_hp_per_floor":[66,51,75,75,75,75,74,74,74,61,61,61,60,52,52,23,62,55,40,40,38,0],"gold":466,"neow_bonus":"REMOVE_TWO","is_prod":false,"is_daily":false,"chose_seed":false,"campfire_upgraded":4,"win_rate":0,"timestamp":1550290662,"path_taken":["M","?","?","M","?","R","M","R","T","E","?","R","M","E","R","BOSS","M","M","?","M","M"],"build_version":"2019-01-23","purchased_purges":0,"victory":false,"max_hp_per_floor":[75,75,75,75,75,75,75,75,75,75,75,75,75,75,75,75,75,75,75,75,75,75],"card_choices":[{"not_picked":["Sweeping Beam","Stack"],"picked":"Conserve Battery","floor":1},{"not_picked":["FTL","Aggregate"],"picked":"Storm","floor":4},{"not_picked":["Double Energy","Loop"],"picked":"Leap","floor":5},{"not_picked":["Rip and Tear","Cold Snap"],"picked":"Ball Lightning","floor":7},{"not_picked":["Leap","Hologram"],"picked":"Conserve Battery","floor":10},{"not_picked":["Turbo","Rebound"],"picked":"Reinforced Body","floor":13},{"not_picked":["Conserve Battery","Ball Lightning"],"picked":"Sunder","floor":14},{"not_picked":["Amplify","Fission"],"picked":"Echo Form","floor":16},{"not_picked":["Turbo","Compile Driver"],"picked":"Gash","floor":18},{"not_picked":["Beam Cell","Double Energy"],"picked":"Cold Snap","floor":19},{"not_picked":["Leap+1","Stack"],"picked":"Hologram","floor":21}],"player_experience":781580,"relics_obtained":[{"floor":9,"key":"Meat on the Bone"},{"floor":10,"key":"Omamori"},{"floor":14,"key":"Gremlin Horn"}],"event_choices":[{"damage_healed":0,"gold_gain":0,"player_choice":"Entered Light","damage_taken":15,"max_hp_gain":0,"max_hp_loss":0,"event_name":"Shining Light","floor":2,"gold_loss":0,"cards_upgraded":["Conserve Battery","Strike_B"]},{"damage_healed":24,"gold_gain":0,"player_choice":"Full Heal","damage_taken":0,"max_hp_gain":0,"max_hp_loss":0,"event_name":"Wheel of Change","floor":3,"gold_loss":0},{"damage_healed":0,"gold_gain":175,"player_choice":"AGREE","damage_taken":0,"max_hp_gain":0,"max_hp_loss":0,"event_name":"Liars Game","floor":11,"gold_loss":0,"cards_obtained":["Doubt"]},{"cards_removed":["Strike_B"],"damage_healed":0,"gold_gain":0,"player_choice":"Elegance","damage_taken":0,"max_hp_gain":0,"max_hp_loss":0,"event_name":"Back to Basics","floor":20,"gold_loss":0}],"is_beta":false,"boss_relics":[{"not_picked":["Lizard Tail","Fusion Hammer"],"picked":"Coffee Dripper"}],"items_purged_floors":[],"is_endless":false,"potions_floor_spawned":[1,4,10,14,19],"killed_by":"Chosen and Byrds","ascension_level":11}