{"gold_per_floor":[11,31,43,55,55,55,384,484,555,15,33,33,53,65,65,141,141,152,152,152,152,152,152],"floor_reached":23,"playtime":759,"items_purged":["Strike_R"],"score":388,"play_id":"aa09fc80-a175-489a-856b-7f2bf8a1b6ac","local_time":"20190807182715","is_ascension_mode":true,"campfire_choices":[{"data":"True Grit","floor":6,"key":"SMITH"},{"data":"Armaments","floor":12,"key":"SMITH"},{"floor":15,"key":"REST"}],"neow_cost":"NO_GOLD","seed_source_timestamp":437233601587400,"circlet_count":0,"master_deck":["AscendersBane","Defend_R","Defend_R","Defend_R","Defend_R","Bash","Impatience","Panacea","Rampage","Anger","Iron Wave","True Grit+1","Feel No Pain","Power Through","Armaments+1","Bludgeon","Clothesline","Demon Form","Thunderclap","Bite","Bite","Bite","Bite","Bite","Double Tap","RitualDagger"],"relics":["Burning Blood","Old Coin","Dodecahedron","Juzu Bracelet","Potion Belt","Mark of Pain"],"potions_floor_usage":[7,7,7,16,16,18,23,23],"damage_taken":[{"damage":13,"enemies":"2 Louse","floor":1,"turns":4},{"damage":7,"enemies":"Cultist","floor":2,"turns":4},{"damage":10,"enemies":"Small Slimes","floor":3,"turns":3},{"damage":2,"enemies":"2 Fungi Beasts","floor":4,"turns":4},{"damage":26,"enemies":"Lagavulin","floor":7,"turns":6},{"damage":20,"enemies":"Lots of Slimes","floor":11,"turns":5},{"damage":8,"enemies":"Blue Slaver","floor":13,"turns":5},{"damage":7,"enemies":"3 Louse","floor":14,"turns":5},{"damage":3,"enemies":"The Guardian","floor":16,"turns":10},{"damage":33,"enemies":"Shell Parasite","floor":18,"turns":6},{"damage":45,"enemies":"Gremlin Leader","floor":23,"turns":6}],"seed_played":"6677127833794977576","potions_obtained":[{"floor":2,"key":"SkillPotion"},{"floor":3,"key":"EntropicBrew"},{"floor":13,"key":"Dexterity Potion"},{"floor":16,"key":"SpeedPotion"},{"floor":18,"key":"Energy Potion"}],"is_trial":false,"path_per_floor":["M","M","M","M","$","R","E","?","T","$","M","R","M","M","R","B",null,"M","?","?","?","?","E"],"character_chosen":"IRONCLAD","items_purchased":["Juzu Bracelet","Potion Belt","Power Through","PowerPotion"],"campfire_rested":1,"item_purchase_floors":[10,10,10,10],"current_hp_per_floor":[61,60,56,60,60,60,40,40,40,40,26,26,24,23,45,48,68,41,41,41,35,35,0],"gold":152,"neow_bonus":"RANDOM_COLORLESS_2","is_prod":false,"is_daily":false,"chose_seed":false,"campfire_upgraded":2,"win_rate":0,"timestamp":1565195235,"path_taken":["M","M","M","M","$","R","E","?","T","?","M","R","M","M","R","BOSS","M","?","?","?","?","E"],"build_version":"2019-07-17","purchased_purges":1,"victory":false,"max_hp_per_floor":[75,75,75,75,75,75,75,75,75,75,75,75,75,75,75,75,75,75,52,52,52,52,52],"card_choices":[{"not_picked":["Battle Trance","Iron Wave"],"picked":"Rampage","floor":1},{"not_picked":["Havoc","Thunderclap"],"picked":"Anger","floor":2},{"not_picked":["Evolve","Pummel"],"picked":"Iron Wave","floor":3},{"not_picked":["Uppercut","Warcry"],"picked":"True Grit","floor":4},{"not_picked":["Spot Weakness","Headbutt"],"picked":"Feel No Pain","floor":7},{"not_picked":["Power Through","Body Slam"],"picked":"Armaments","floor":11},{"not_picked":["Iron Wave","Clothesline"],"picked":"Bludgeon","floor":13},{"not_picked":["Thunderclap","Clash"],"picked":"Clothesline","floor":14},{"not_picked":["Dark Embrace","Berserk"],"picked":"Demon Form","floor":16},{"not_picked":["Wild Strike","Flex"],"picked":"Thunderclap","floor":18}],"player_experience":1799026,"relics_obtained":[{"floor":7,"key":"Old Coin"},{"floor":9,"key":"Dodecahedron"}],"event_choices":[{"damage_healed":0,"gold_gain":100,"player_choice":"Gold","damage_taken":0,"max_hp_gain":0,"max_hp_loss":0,"event_name":"Wheel of Change","floor":8,"gold_loss":0},{"damage_healed":0,"gold_gain":0,"player_choice":"Became a vampire","damage_taken":0,"max_hp_gain":0,"max_hp_loss":23,"event_name":"Vampires","floor":19,"gold_loss":0,"cards_obtained":["Bite","Bite","Bite","Bite","Bite"]},{"damage_healed":0,"gold_gain":0,"player_choice":"2 cards matched","damage_taken":0,"max_hp_gain":0,"max_hp_loss":0,"event_name":"Match and Keep!","floor":20,"gold_loss":0,"cards_obtained":["Normality","Double Tap"]},{"damage_healed":0,"gold_gain":0,"player_choice":"Joined the Cult","damage_taken":6,"max_hp_gain":0,"max_hp_loss":0,"event_name":"Nest","floor":21,"gold_loss":0,"cards_obtained":["RitualDagger"]},{"cards_removed":["Normality"],"damage_healed":0,"gold_gain":0,"player_choice":"Elegance","damage_taken":0,"max_hp_gain":0,"max_hp_loss":0,"event_name":"Back to Basics","floor":22,"gold_loss":0}],"is_beta":false,"boss_relics":[{"not_picked":["Black Star","White Beast Statue"],"picked":"Mark of Pain"}],"items_purged_floors":[10],"is_endless":false,"potions_floor_spawned":[2,3,4,13,16,18],"killed_by":"Gremlin Leader","ascension_level":18}