{"gold_per_floor":[109,121,131,131,149,149,163,163,235,249,282,282,282,100,100,178,178,189,139,157,177,177,177],"floor_reached":23,"playtime":1214,"items_purged":["Strike_R"],"score":453,"play_id":"33e6e3c9-f6f4-47c7-af0b-fcf071e6ae62","local_time":"20190705034711","is_ascension_mode":true,"campfire_choices":[{"data":"Armaments","floor":6,"key":"SMITH"},{"data":"Metallicize","floor":8,"key":"SMITH"},{"data":"Flex","floor":12,"key":"SMITH"},{"data":"Heavy Blade","floor":15,"key":"SMITH"}],"neow_cost":"NONE","seed_source_timestamp":1481145947972200,"circlet_count":0,"master_deck":["AscendersBane","Strike_R","Strike_R","Strike_R","Defend_R","Defend_R","Defend_R","Defend_R","Bash+1","Metallicize+1","Thunderclap","Armaments+1","Entrench","Heavy Blade+1","Flex+1","Shrug It Off","Headbutt","Demon Form","Shockwave+1","Pommel Strike","Whirlwind","Feel No Pain","Iron Wave","Body Slam","Spot Weakness"],"relics":["Burning Blood","Self Forming Clay","Prayer Wheel","Lizard Tail","SsserpentHead"],"potions_floor_usage":[5,10,16,16,18,19,21],"damage_taken":[{"damage":12,"enemies":"Cultist","floor":1,"turns":4},{"damage":1,"enemies":"2 Louse","floor":2,"turns":2},{"damage":0,"enemies":"Jaw Worm","floor":3,"turns":5},{"damage":0,"enemies":"Exordium Wildlife","floor":5,"turns":4},{"damage":19,"enemies":"2 Fungi Beasts","floor":7,"turns":6},{"damage":4,"enemies":"3 Louse","floor":10,"turns":2},{"damage":34,"enemies":"Gremlin Nob","floor":11,"turns":5},{"damage":0,"enemies":"Hexaghost","floor":16,"turns":15},{"damage":25,"enemies":"Chosen","floor":18,"turns":6},{"damage":25,"enemies":"2 Thieves","floor":19,"turns":5},{"damage":23,"enemies":"Centurion and Healer","floor":20,"turns":9},{"damage":50,"enemies":"Cultist and Chosen","floor":21,"turns":10},{"damage":25,"enemies":"Snecko","floor":23,"turns":5}],"seed_played":"7501315983075759102","potions_obtained":[{"floor":1,"key":"AttackPotion"},{"floor":2,"key":"Ancient Potion"},{"floor":7,"key":"Explosive Potion"},{"floor":11,"key":"SkillPotion"},{"floor":13,"key":"SpeedPotion"},{"floor":16,"key":"Weak Potion"},{"floor":18,"key":"FearPotion"},{"floor":19,"key":"PowerPotion"}],"is_trial":false,"path_per_floor":["M","M","M","?","M","R","M","R","T","M","E","R","?","$","R","B",null,"M","M","M","M","?","M"],"character_chosen":"IRONCLAD","items_purchased":["Headbutt","PowerPotion"],"campfire_rested":0,"item_purchase_floors":[14,14],"current_hp_per_floor":[62,67,73,66,72,72,59,59,59,61,33,33,33,33,33,39,66,47,28,11,20,20,0],"gold":177,"neow_bonus":"UPGRADE_CARD","is_prod":false,"is_daily":false,"chose_seed":false,"campfire_upgraded":4,"win_rate":0,"timestamp":1562291231,"path_taken":["M","M","?","?","M","R","M","R","T","M","E","R","?","$","R","BOSS","M","M","?","M","?","M"],"build_version":"2019-07-01","purchased_purges":1,"victory":false,"max_hp_per_floor":[75,75,75,75,75,75,75,75,75,75,75,75,75,75,75,75,75,75,75,75,75,75,75],"card_choices":[{"not_picked":["Body Slam","Sever Soul"],"picked":"Metallicize","floor":1},{"not_picked":["Burning Pact","Perfected Strike"],"picked":"Thunderclap","floor":2},{"not_picked":["Thunderclap","Seeing Red"],"picked":"Armaments","floor":3},{"not_picked":["Cleave","Twin Strike"],"picked":"Entrench","floor":5},{"not_picked":["Cleave","Clash"],"picked":"Heavy Blade","floor":7},{"not_picked":["Heavy Blade","Sentinel"],"picked":"Flex","floor":10},{"not_picked":["Perfected Strike","Uppercut"],"picked":"Shrug It Off","floor":11},{"not_picked":["Limit Break","Brutality"],"picked":"Demon Form","floor":16},{"not_picked":["Clothesline","Rampage"],"picked":"Shockwave+1","floor":18},{"not_picked":["Sword Boomerang","Clash","Armaments"],"picked":"SKIP","floor":18},{"not_picked":["Shrug It Off","Pummel"],"picked":"Pommel Strike","floor":19},{"not_picked":["Combust","Fiend Fire"],"picked":"Whirlwind","floor":19},{"not_picked":["Corruption","Reckless Charge"],"picked":"Feel No Pain","floor":20},{"not_picked":["Intimidate","Searing Blow"],"picked":"Iron Wave","floor":20},{"not_picked":["Searing Blow","True Grit"],"picked":"Body Slam","floor":21},{"not_picked":["Combust","Cleave"],"picked":"Spot Weakness","floor":21}],"player_experience":1604813,"relics_obtained":[{"floor":9,"key":"Self Forming Clay"},{"floor":11,"key":"Prayer Wheel"}],"event_choices":[{"cards_removed":["Strike_R"],"damage_healed":0,"gold_gain":0,"player_choice":"Card Removal","damage_taken":7,"max_hp_gain":0,"max_hp_loss":0,"event_name":"Golden Wing","floor":4,"gold_loss":0},{"damage_healed":0,"gold_gain":0,"player_choice":"Got Potions","damage_taken":0,"max_hp_gain":0,"max_hp_loss":0,"event_name":"Lab","floor":13,"gold_loss":0},{"damage_healed":0,"gold_gain":0,"player_choice":"Trade","damage_taken":0,"relics_obtained":["SsserpentHead"],"max_hp_gain":0,"max_hp_loss":0,"event_name":"FaceTrader","floor":22,"gold_loss":0}],"is_beta":false,"boss_relics":[{"not_picked":["Philosopher\u0027s Stone","Eternal Feather"],"picked":"Lizard Tail"}],"items_purged_floors":[14],"is_endless":false,"potions_floor_spawned":[1,2,7,11,16,18,19],"killed_by":"Snecko","ascension_level":17}