{"gold_per_floor":[109,109,122,136,136,136,170,185,185,185,185,200,215,1,1,1],"floor_reached":16,"playtime":493,"items_purged":["Injury"],"score":189,"play_id":"0643c850-5c38-4d60-bb10-94ae688560dd","local_time":"20190718223936","is_ascension_mode":true,"campfire_choices":[{"data":"Bash","floor":6,"key":"SMITH"},{"data":"Exhume","floor":11,"key":"SMITH"},{"data":"Flex","floor":15,"key":"SMITH"}],"neow_cost":"NONE","seed_source_timestamp":525516621753899,"circlet_count":0,"master_deck":["AscendersBane","Strike_R+1","Strike_R","Strike_R","Strike_R","Defend_R","Defend_R","Defend_R+1","Defend_R","Bash+1","Headbutt","Uppercut","Pommel Strike","Heavy Blade","Exhume+1","Uppercut","Flex+1","Sword Boomerang","Anger","Metallicize"],"relics":["Burning Blood","Golden Idol","Letter Opener","Unceasing Top"],"potions_floor_usage":[7,16,16],"damage_taken":[{"damage":7,"enemies":"Cultist","floor":1,"turns":4},{"damage":15,"enemies":"Small Slimes","floor":3,"turns":3},{"damage":2,"enemies":"Jaw Worm","floor":4,"turns":3},{"damage":22,"enemies":"3 Sentries","floor":7,"turns":8},{"damage":0,"enemies":"Exordium Wildlife","floor":8,"turns":4},{"damage":11,"enemies":"3 Louse","floor":12,"turns":3},{"damage":3,"enemies":"2 Fungi Beasts","floor":13,"turns":3},{"damage":48,"enemies":"Hexaghost","floor":16,"turns":9}],"seed_played":"113109862208851096","potions_obtained":[{"floor":1,"key":"AttackPotion"},{"floor":12,"key":"Regen Potion"},{"floor":13,"key":"Poison Potion"}],"is_trial":false,"path_per_floor":["M","?","M","M","?","R","E","M","T","?","R","M","M","$","R","B"],"character_chosen":"IRONCLAD","items_purchased":["Anger","Metallicize"],"campfire_rested":0,"item_purchase_floors":[14,14],"current_hp_per_floor":[74,74,65,69,44,44,28,34,34,34,34,29,32,32,32,0],"gold":1,"neow_bonus":"TEN_PERCENT_HP_BONUS","is_prod":false,"is_daily":false,"chose_seed":false,"campfire_upgraded":3,"win_rate":0,"timestamp":1563482376,"path_taken":["M","?","M","M","?","R","E","?","T","?","R","M","M","$","R","BOSS"],"build_version":"2019-07-17","purchased_purges":1,"victory":false,"max_hp_per_floor":[82,82,82,82,82,82,82,82,82,82,82,82,82,82,82,82],"card_choices":[{"not_picked":["Dual Wield","Perfected Strike"],"picked":"Headbutt","floor":1},{"not_picked":["Clothesline","Twin Strike"],"picked":"Uppercut","floor":3},{"not_picked":["Sentinel","Dual Wield"],"picked":"Pommel Strike","floor":4},{"not_picked":["Headbutt","Pommel Strike"],"picked":"Heavy Blade","floor":7},{"not_picked":["Reckless Charge","Pommel Strike"],"picked":"Exhume","floor":8},{"not_picked":["Clash","Sword Boomerang"],"picked":"Flex","floor":12},{"not_picked":["Bloodletting","Carnage"],"picked":"Sword Boomerang","floor":13}],"player_experience":1680246,"relics_obtained":[{"floor":7,"key":"Letter Opener"},{"floor":9,"key":"Unceasing Top"}],"event_choices":[{"damage_healed":0,"gold_gain":0,"player_choice":"Take Wound","damage_taken":0,"relics_obtained":["Golden Idol"],"max_hp_gain":0,"max_hp_loss":0,"event_name":"Golden Idol","floor":2,"gold_loss":0,"cards_obtained":["Injury"]},{"damage_healed":0,"gold_gain":0,"player_choice":"Entered Light","damage_taken":25,"max_hp_gain":0,"max_hp_loss":0,"event_name":"Shining Light","floor":5,"gold_loss":0,"cards_upgraded":["Defend_R","Strike_R"]},{"damage_healed":0,"gold_gain":0,"cards_transformed":["Strike_R"],"player_choice":"Change","damage_taken":0,"max_hp_gain":0,"max_hp_loss":0,"event_name":"Living Wall","floor":10,"gold_loss":0,"cards_obtained":["Uppercut"]}],"is_beta":false,"boss_relics":[],"items_purged_floors":[14],"is_endless":false,"potions_floor_spawned":[1,12,13],"killed_by":"Hexaghost","ascension_level":17}