{"gold_per_floor":[115,115,5,280,291,291,308,308,359,377,390,418,418,434,434,538,538,558,578,43,59,75,75,75,75,75,75,75,75,87,119,119,220,220,230,230,230,230,250,276,276,33,33,33,52,7,23,40,40,40],"floor_reached":51,"playtime":2178,"items_purged":["Strike_B","Regret"],"score":772,"play_id":"40876088-7eee-42b5-90b1-5f306996a1ea","local_time":"20190828011055","is_ascension_mode":false,"campfire_choices":[{"data":"Zap","floor":6.0,"key":"SMITH"},{"data":"Fusion","floor":8.0,"key":"SMITH"},{"data":"Dualcast","floor":13.0,"key":"SMITH"},{"data":"Beam Cell","floor":15.0,"key":"SMITH"},{"data":"Creative AI","floor":23.0,"key":"SMITH"},{"data":"Loop","floor":25.0,"key":"SMITH"},{"floor":27.0,"key":"DIG"},{"floor":32.0,"key":"REST"},{"floor":41.0,"key":"DIG"},{"floor":49,"key":"DIG"}],"neow_cost":"TEN_PERCENT_HP_LOSS","seed_source_timestamp":0,"circlet_count":0,"master_deck":["Strike_B","Strike_B","Strike_B","Defend_B","Defend_B","Defend_B","Zap+1","Dualcast+1","Conserve Battery","Fusion+1","Cold Snap","Beam Cell+1","Compile Driver","Cold Snap","FTL","Creative AI+1","Skim+1","Rebound","Self Repair","Loop+1","Chill+1","Creative AI+1","Self Repair+1","Glacier","Compile Driver","Electrodynamics","Fusion","Double Energy+1","Self Repair+1","White Noise","Rip and Tear+1","Panache","Mayhem","Flash of Steel","Rebound+1","Storm","Loop","Storm+1","Panacea","White Noise"],"special_seed":0,"relics":["Cracked Core","FossilizedHelix","Lantern","Bronze Scales","Dream Catcher","Nuclear Battery","Mummified Hand","Juzu Bracelet","Shovel","Dodecahedron","Sundial","Orrery","Centennial Puzzle","Question Card","Membership Card","Darkstone Periapt","Cables"],"potions_floor_usage":[45,50,50],"damage_taken":[{"damage":0.0,"enemies":"Jaw Worm","floor":1.0,"turns":4.0},{"damage":2.0,"enemies":"Small Slimes","floor":5.0,"turns":4.0},{"damage":0.0,"enemies":"Cultist","floor":7.0,"turns":4.0},{"damage":0.0,"enemies":"Looter","floor":10.0,"turns":3.0},{"damage":12.0,"enemies":"Red Slaver","floor":11.0,"turns":4.0},{"damage":27.0,"enemies":"Gremlin Nob","floor":12.0,"turns":5.0},{"damage":0.0,"enemies":"Lots of Slimes","floor":14.0,"turns":4.0},{"damage":3.0,"enemies":"Hexaghost","floor":16.0,"turns":7.0},{"damage":0.0,"enemies":"3 Byrds","floor":18.0,"turns":4.0},{"damage":5.0,"enemies":"Spheric Guardian","floor":19.0,"turns":4.0},{"damage":0.0,"enemies":"3 Cultists","floor":21.0,"turns":4.0},{"damage":6.0,"enemies":"Shelled Parasite and Fungi","floor":22.0,"turns":4.0},{"damage":0.0,"enemies":"Snake Plant","floor":30.0,"turns":4.0},{"damage":42.0,"enemies":"Slavers","floor":31.0,"turns":5.0},{"damage":52.0,"enemies":"Automaton","floor":33.0,"turns":15.0},{"damage":0.0,"enemies":"3 Shapes","floor":35.0,"turns":2.0},{"damage":8.0,"enemies":"Orb Walker","floor":39.0,"turns":3.0},{"damage":39.0,"enemies":"Reptomancer","floor":40.0,"turns":6.0},{"damage":36,"enemies":"Spire Growth","floor":45,"turns":4},{"damage":12,"enemies":"Jaw Worm Horde","floor":47,"turns":4},{"damage":0,"enemies":"Transient","floor":48,"turns":5},{"damage":87,"enemies":"Time Eater","floor":50,"turns":10}],"seed_played":"7879910626076705964","potions_obtained":[{"floor":7.0,"key":"EssenceOfSteel"},{"floor":11.0,"key":"Strength Potion"},{"floor":12.0,"key":"SpeedPotion"},{"floor":14.0,"key":"Swift Potion"},{"floor":18.0,"key":"SkillPotion"},{"floor":22.0,"key":"FearPotion"},{"floor":29.0,"key":"EssenceOfSteel"},{"floor":33.0,"key":"Swift Potion"},{"floor":40.0,"key":"Fruit Juice"},{"floor":45,"key":"Regen Potion"}],"is_trial":false,"path_per_floor":["M","?","$","?","M","R","M","R","T","M","M","E","R","M","R","B",null,"M","M","$","M","M","R","?","R","T","R","?","?","M","E","R","B",null,"M","?","?","?","M","E","R","$","T","$","M","$","M","M","R","B",null],"character_chosen":"DEFECT","items_purchased":["Fusion","Mummified Hand","Juzu Bracelet","Self Repair","Membership Card","Loop","Panacea"],"campfire_rested":1,"item_purchase_floors":[3,20,20,20,42,42,46],"current_hp_per_floor":[68,61,61,61,59,59,59,59,59,59,47,20,20,20,20,17,68,68,63,63,68,68,68,68,68,68,68,56,56,63,38,59,24,73,73,73,63,63,73,66,66,66,66,66,47,47,52,78,78,32],"gold":40,"neow_bonus":"ONE_RARE_RELIC","is_prod":false,"is_daily":false,"chose_seed":false,"campfire_upgraded":6,"win_rate":0,"timestamp":1566976255,"path_taken":["M","?","$","?","M","R","M","R","T","M","?","E","R","M","R","BOSS","M","M","$","M","M","R","?","R","T","R","?","?","M","E","R","BOSS","M","?","?","?","M","E","R","$","T","$","M","$","M","M","R","BOSS"],"build_version":"2019-07-17","purchased_purges":2,"victory":true,"max_hp_per_floor":[68,68,68,68,68,68,68,68,68,68,68,68,68,68,68,68,68,68,68,68,68,68,68,68,68,68,68,73,73,73,73,73,73,73,73,73,73,73,73,78,78,78,78,78,78,78,78,78,78,78],"card_choices":[{"not_picked":["Genetic Algorithm","Blizzard"],"picked":"Conserve Battery","floor":1.0},{"not_picked":["Barrage","Turbo","Melter"],"picked":"SKIP","floor":5.0},{"not_picked":["Beam Cell","Chill"],"picked":"Cold Snap","floor":7.0},{"not_picked":["Stack","Genetic Algorithm"],"picked":"Beam Cell","floor":10.0},{"not_picked":["Redo","Sweeping Beam"],"picked":"Compile Driver","floor":11.0},{"not_picked":["Stack","Scrape"],"picked":"Cold Snap","floor":12.0},{"not_picked":["Hello World","Redo"],"picked":"FTL","floor":14.0},{"not_picked":["Buffer","Meteor Strike"],"picked":"Creative AI","floor":16.0},{"not_picked":["Chill+1","Conserve Battery"],"picked":"Skim+1","floor":18.0},{"not_picked":["Heatsinks","Beam Cell"],"picked":"Rebound","floor":19.0},{"not_picked":["Gash","Rebound"],"picked":"Loop","floor":21.0},{"not_picked":["Genetic Algorithm","Reprogram+1"],"picked":"Chill+1","floor":22.0},{"not_picked":["Go for the Eyes+1","Rebound"],"picked":"Self Repair+1","floor":30.0},{"not_picked":["Auto Shields","Cold Snap"],"picked":"Glacier","floor":31.0},{"not_picked":["Ball Lightning","Turbo"],"picked":"Compile Driver","floor":32.0},{"not_picked":["Rainbow","Machine Learning"],"picked":"Electrodynamics","floor":33.0},{"not_picked":["Streamline","Go for the Eyes"],"picked":"Fusion","floor":34.0},{"not_picked":["Stack","Turbo+1"],"picked":"Double Energy+1","floor":34.0},{"not_picked":["Genetic Algorithm+1","Fusion+1"],"picked":"Self Repair+1","floor":34.0},{"not_picked":["Redo","Hologram"],"picked":"White Noise","floor":34.0},{"not_picked":["Barrage+1","Blizzard"],"picked":"Rip and Tear+1","floor":35.0},{"not_picked":["Flash of Steel","Mayhem"],"picked":"Panache","floor":37.0},{"not_picked":["Blind","Dramatic Entrance"],"picked":"Mayhem","floor":37.0},{"not_picked":["The Bomb","Thinking Ahead"],"picked":"Flash of Steel","floor":37.0},{"not_picked":["Beam Cell+1","Leap"],"picked":"Rebound+1","floor":39.0},{"not_picked":["Beam Cell+1","Coolheaded+1"],"picked":"Storm","floor":40.0},{"not_picked":["Ball Lightning","Darkness","Chaos+1"],"picked":"Storm+1","floor":45},{"not_picked":["Beam Cell+1","Consume","Gash","Conserve Battery"],"picked":"SKIP","floor":47},{"not_picked":["Steam","Force Field","Hyperbeam"],"picked":"White Noise","floor":48}],"player_experience":1691006,"relics_obtained":[{"floor":9.0,"key":"Bronze Scales"},{"floor":12.0,"key":"Dream Catcher"},{"floor":26.0,"key":"Shovel"},{"floor":27.0,"key":"Dodecahedron"},{"floor":31.0,"key":"Sundial"},{"floor":40.0,"key":"Centennial Puzzle"},{"floor":41.0,"key":"Question Card"},{"floor":43.0,"key":"Darkstone Periapt"},{"floor":49,"key":"Cables"}],"event_choices":[{"damage_healed":0.0,"max_hp_gain":0.0,"max_hp_loss":0.0,"gold_gain":0.0,"event_name":"Scrap Ooze","player_choice":"Success","floor":2.0,"gold_loss":0.0,"damage_taken":7.0,"relics_obtained":["Lantern"]},{"damage_healed":0.0,"max_hp_gain":0.0,"max_hp_loss":0.0,"gold_gain":275.0,"event_name":"Golden Shrine","player_choice":"Desecrate","floor":4.0,"gold_loss":0.0,"damage_taken":0.0,"cards_obtained":["Regret"]},{"damage_healed":0.0,"max_hp_gain":0.0,"max_hp_loss":0.0,"gold_gain":0.0,"event_name":"Duplicator","player_choice":"Copied","floor":24.0,"gold_loss":0.0,"damage_taken":0.0,"cards_obtained":["Creative AI"]},{"damage_healed":0.0,"max_hp_gain":5.0,"max_hp_loss":0.0,"gold_gain":0.0,"event_name":"Forgotten Altar","player_choice":"Shed Blood","floor":28.0,"gold_loss":0.0,"damage_taken":17.0},{"damage_healed":0.0,"max_hp_gain":0.0,"max_hp_loss":0.0,"gold_gain":0.0,"event_name":"Lab","player_choice":"Got Potions","floor":29.0,"gold_loss":0.0,"damage_taken":0.0},{"cards_removed":["Defend_B"],"damage_healed":0.0,"max_hp_gain":0.0,"max_hp_loss":0.0,"gold_gain":0.0,"event_name":"Falling","player_choice":"Removed Skill","floor":36.0,"gold_loss":0.0,"damage_taken":0.0},{"damage_healed":0.0,"max_hp_gain":0.0,"max_hp_loss":0.0,"gold_gain":0.0,"event_name":"SensoryStone","player_choice":"Memory 3","floor":37.0,"gold_loss":0.0,"damage_taken":10.0},{"damage_healed":0.0,"max_hp_gain":0.0,"max_hp_loss":0.0,"gold_gain":0.0,"event_name":"Mysterious Sphere","player_choice":"Ignored","floor":38.0,"gold_loss":0.0,"damage_taken":0.0}],"is_beta":false,"boss_relics":[{"not_picked":["Eternal Feather","Runic Dome"],"picked":"Nuclear Battery"},{"not_picked":["Velvet Choker","Runic Pyramid"],"picked":"Orrery"}],"items_purged_floors":[3,20],"is_endless":false,"potions_floor_spawned":[7,11,12,14,18,22,33,40,45],"ascension_level":0}