{"gold_per_floor":[115,130,149,162,179,179,204,204,204,216,235,262,262,262,262,360,360,360,360,360,152,152,152],"floor_reached":23,"playtime":823,"items_purged":["Strike_B"],"score":406,"play_id":"2b4edb07-2ff8-428d-9a72-d96e90993f93","local_time":"20190629010501","is_ascension_mode":true,"campfire_choices":[{"floor":6.0,"key":"REST"},{"floor":8.0,"key":"REST"},{"floor":13.0,"key":"REST"},{"floor":15.0,"key":"REST"}],"neow_cost":"NONE","seed_source_timestamp":1318438637563931,"circlet_count":0,"master_deck":["AscendersBane","Strike_B","Strike_B","Strike_B","Defend_B","Defend_B","Defend_B","Defend_B","Zap","Dualcast","Tempest","Tempest","Go for the Eyes","Gash","Gash","Steam","Electrodynamics","Leap","Machine Learning","Heatsinks","Core Surge","Glacier","Redo+1","Storm","Steam","Echo Form","Coolheaded","Zap","Tempest"],"special_seed":0,"relics":["Cracked Core","Letter Opener","Bird Faced Urn","FossilizedHelix","Golden Idol","Ectoplasm"],"potions_floor_usage":[],"damage_taken":[{"damage":0.0,"enemies":"Cultist","floor":1.0,"turns":3.0},{"damage":7.0,"enemies":"2 Louse","floor":2.0,"turns":2.0},{"damage":2.0,"enemies":"Jaw Worm","floor":3.0,"turns":3.0},{"damage":14.0,"enemies":"Looter","floor":4.0,"turns":3.0},{"damage":18.0,"enemies":"Exordium Thugs","floor":5.0,"turns":4.0},{"damage":29.0,"enemies":"Lagavulin","floor":7.0,"turns":6.0},{"damage":12.0,"enemies":"Blue Slaver","floor":10.0,"turns":3.0},{"damage":3.0,"enemies":"Red Slaver","floor":11.0,"turns":3.0},{"damage":20.0,"enemies":"Gremlin Nob","floor":12.0,"turns":4.0},{"damage":8.0,"enemies":"Slime Boss","floor":16.0,"turns":8.0},{"damage":9.0,"enemies":"Chosen","floor":18.0,"turns":4.0},{"damage":7.0,"enemies":"3 Byrds","floor":20.0,"turns":4.0},{"damage":57,"enemies":"Slavers","floor":23,"turns":3}],"seed_played":"-2553630832910996088","potions_obtained":[{"floor":3.0,"key":"Ancient Potion"},{"floor":11.0,"key":"SpeedPotion"},{"floor":12.0,"key":"Block Potion"},{"floor":20.0,"key":"Fruit Juice"}],"is_trial":false,"path_per_floor":["M","M","M","M","M","R","E","R","T","M","M","E","R","?","R","B",null,"M","?","M","$","?","E"],"character_chosen":"DEFECT","items_purchased":["Storm","Steam"],"campfire_rested":4,"item_purchase_floors":[21,21],"current_hp_per_floor":[64,57,55,41,23,44,15,36,36,24,23,7,28,28,47,45,59,56,56,53,53,53,0],"gold":152,"neow_bonus":"THREE_CARDS","is_prod":false,"is_daily":false,"chose_seed":false,"campfire_upgraded":0,"win_rate":0,"timestamp":1561763101,"path_taken":["M","M","M","M","M","R","E","R","T","?","M","E","R","?","R","BOSS","M","?","M","$","?","E"],"build_version":"2019-01-23","purchased_purges":1,"victory":false,"max_hp_per_floor":[71,71,71,71,71,71,71,71,71,71,71,71,71,64,64,64,64,64,64,64,64,64,64],"card_choices":[{"not_picked":["Coolheaded","White Noise"],"picked":"Tempest","floor":0.0},{"not_picked":["Streamline","Scrape"],"picked":"Tempest","floor":1.0},{"not_picked":["Redo","Leap"],"picked":"Go for the Eyes","floor":2.0},{"not_picked":["Self Repair","Sweeping Beam"],"picked":"Gash","floor":3.0},{"not_picked":["Compile Driver","Rebound"],"picked":"Gash","floor":4.0},{"not_picked":["Consume","Genetic Algorithm"],"picked":"Steam","floor":5.0},{"not_picked":["Leap","Streamline"],"picked":"Electrodynamics","floor":7.0},{"not_picked":["Compile Driver","Skim"],"picked":"Leap","floor":10.0},{"not_picked":["Undo","Reinforced Body"],"picked":"Machine Learning","floor":11.0},{"not_picked":["Leap","Hyperbeam"],"picked":"Heatsinks","floor":12.0},{"not_picked":["Hyperbeam","Amplify"],"picked":"Core Surge","floor":16.0},{"not_picked":["Melter","Lockon"],"picked":"Glacier","floor":18.0},{"not_picked":["Cold Snap","Auto Shields"],"picked":"Redo+1","floor":20.0}],"player_experience":855704,"relics_obtained":[{"floor":7.0,"key":"Letter Opener"},{"floor":9.0,"key":"Bird Faced Urn"},{"floor":12.0,"key":"FossilizedHelix"}],"event_choices":[{"damage_healed":0.0,"max_hp_gain":0.0,"max_hp_loss":7.0,"gold_gain":0.0,"event_name":"Golden Idol","player_choice":"Lose Max HP","floor":14.0,"gold_loss":0.0,"damage_taken":0.0,"relics_obtained":["Golden Idol"]},{"damage_healed":0.0,"max_hp_gain":0.0,"max_hp_loss":0.0,"gold_gain":0.0,"event_name":"Cursed Tome","player_choice":"Ignored","floor":19.0,"gold_loss":0.0,"damage_taken":0.0},{"damage_healed":0.0,"max_hp_gain":0.0,"max_hp_loss":0.0,"gold_gain":0.0,"event_name":"Match and Keep!","player_choice":"4 cards matched","floor":22.0,"gold_loss":0.0,"damage_taken":0.0,"cards_obtained":["Echo Form","Coolheaded","Zap","Tempest"]}],"is_beta":false,"boss_relics":[{"not_picked":["FrozenCore","Snecko Eye"],"picked":"Ectoplasm"}],"items_purged_floors":[21],"is_endless":false,"potions_floor_spawned":[3,11,12,16,20],"killed_by":"Slavers","ascension_level":20}