{"gold_per_floor":[116,133,58,8,25,58,58,83,83,101,113,125,153,114,114,114],"floor_reached":16,"playtime":834,"items_purged":["Strike_R"],"score":112,"play_id":"e2b1bd11-fffa-4988-af41-f4f1c21b1a50","local_time":"20190608171833","is_ascension_mode":false,"campfire_choices":[{"data":"Shrug It Off","floor":7,"key":"SMITH"},{"floor":15,"key":"REST"}],"neow_cost":"NONE","seed_source_timestamp":1296065873869277,"circlet_count":0,"master_deck":["Strike_R+1","Strike_R+1","Strike_R","Defend_R","Defend_R","Defend_R","Defend_R","Bash","Shrug It Off+1","Shrug It Off","Pommel Strike","Flame Barrier","Shrug It Off"],"relics":["Burning Blood","Whetstone","Gremlin Horn","Odd Mushroom","Vajra","Centennial Puzzle"],"potions_floor_usage":[6,6,12,16],"damage_taken":[{"damage":2,"enemies":"2 Louse","floor":1,"turns":3},{"damage":2,"enemies":"Jaw Worm","floor":2,"turns":4},{"damage":3,"enemies":"Small Slimes","floor":5,"turns":4},{"damage":15,"enemies":"Gremlin Nob","floor":6,"turns":5},{"damage":21,"enemies":"The Mushroom Lair","floor":8,"turns":5},{"damage":0,"enemies":"Exordium Wildlife","floor":10,"turns":3},{"damage":17,"enemies":"Exordium Thugs","floor":11,"turns":5},{"damage":0,"enemies":"Gremlin Gang","floor":12,"turns":4},{"damage":23,"enemies":"3 Sentries","floor":13,"turns":14},{"damage":69,"enemies":"Hexaghost","floor":16,"turns":14}],"seed_played":"-875286743299702830","potions_obtained":[{"floor":1,"key":"PowerPotion"},{"floor":2,"key":"Block Potion"},{"floor":6,"key":"LiquidBronze"},{"floor":11,"key":"Poison Potion"}],"is_trial":false,"path_per_floor":["M","M","$","?","M","E","R","?","T","M","M","M","E","?","R","B"],"character_chosen":"IRONCLAD","items_purchased":[],"campfire_rested":1,"item_purchase_floors":[],"current_hp_per_floor":[80,80,80,80,80,71,71,56,56,62,51,57,40,40,64,0],"gold":114,"neow_bonus":"RANDOM_COMMON_RELIC","is_prod":false,"is_daily":false,"chose_seed":false,"campfire_upgraded":1,"win_rate":0,"timestamp":1560028713,"path_taken":["M","M","$","?","M","E","R","?","T","M","?","M","E","?","R","BOSS"],"build_version":"2019-01-23","purchased_purges":1,"victory":false,"max_hp_per_floor":[80,80,80,80,80,80,80,80,80,80,80,80,80,80,80,80],"card_choices":[{"not_picked":["Searing Blow","Rage"],"picked":"Shrug It Off","floor":1},{"not_picked":["Twin Strike","Anger"],"picked":"Shrug It Off","floor":2},{"not_picked":["Clothesline","Fire Breathing","Armaments"],"picked":"SKIP","floor":5},{"not_picked":["Blood for Blood","Barricade","Twin Strike"],"picked":"SKIP","floor":6},{"not_picked":["Twin Strike","Perfected Strike"],"picked":"Pommel Strike","floor":8},{"not_picked":["Hemokinesis","True Grit"],"picked":"Flame Barrier","floor":10},{"not_picked":["Second Wind","Twin Strike","True Grit"],"picked":"SKIP","floor":11},{"not_picked":["Headbutt","Sword Boomerang","Dark Embrace"],"picked":"SKIP","floor":12},{"not_picked":["Rupture","Clothesline"],"picked":"Shrug It Off","floor":13}],"player_experience":155998,"relics_obtained":[{"floor":6,"key":"Gremlin Horn"},{"floor":8,"key":"Odd Mushroom"},{"floor":9,"key":"Vajra"},{"floor":13,"key":"Centennial Puzzle"}],"event_choices":[{"cards_removed":["Strike_R"],"damage_healed":0,"gold_gain":0,"player_choice":"Card Removal","damage_taken":0,"max_hp_gain":0,"max_hp_loss":0,"event_name":"The Cleric","floor":4,"gold_loss":50},{"damage_healed":0,"gold_gain":0,"player_choice":"Fought Mushrooms","damage_taken":0,"max_hp_gain":0,"max_hp_loss":0,"event_name":"Mushrooms","floor":8,"gold_loss":0},{"damage_healed":0,"gold_gain":0,"player_choice":"Left Gold","damage_taken":0,"max_hp_gain":0,"max_hp_loss":0,"event_name":"World of Goop","floor":14,"gold_loss":39}],"is_beta":false,"boss_relics":[],"items_purged_floors":[3],"is_endless":false,"potions_floor_spawned":[1,2,6,11],"killed_by":"Hexaghost","ascension_level":0}