{"path_per_floor":["M","M","M","$","M","E","R","E","T","R","?","R","$","?","R","B",null,"M","?","?","$","$","R","E","R","T","M","M","M","E","M","R","B",null,"M","M","M","$","?","R","?","M","T","R","E","?","R","M","R","B"],"character_chosen":"THE_SILENT","items_purchased":["Orichalcum","Kunai","Ninja Scroll"],"gold_per_floor":[119,132,150,2,20,48,48,74,150,150,150,150,150,150,150,248,248,260,260,260,18,18,18,49,49,49,61,73,91,124,137,137,232,232,250,267,287,44,0,0,0,17,44,44,76,76,76,86,86,86],"floor_reached":51,"campfire_rested":6,"playtime":5276,"current_hp_per_floor":[70,70,70,70,70,50,70,54,54,54,54,54,54,54,70,54,70,68,68,52,52,52,70,60,68,68,64,57,48,20,7,36,12,88,70,47,27,27,27,65,93,72,72,84,69,69,81,67,94,20],"items_purged":[],"gold":86,"play_id":"0aaae4fd-c0fc-4f7b-a29c-fd52c55239d8","is_prod":false,"is_daily":false,"campfire_rituals":0,"campfire_upgraded":3,"is_hardmode":false,"path_taken":["M","M","M","$","?","E","R","E","T","R","?","R","$","?","R","BOSS","M","?","?","?","$","R","E","R","T","?","M","M","E","M","R","BOSS","M","M","M","$","?","R","?","M","T","R","E","?","R","M","R","BOSS"],"build_version":"2018-01-11-PROD2","purchased_purges":1,"victory":true,"master_deck":["Defend_G","Defend_G","Defend_G","Defend_G","Defend_G","Strike_G","Strike_G","Strike_G","Strike_G","Strike_G","Survivor","Neutralize","Poisoned Stab","Malaise","Deadly Poison","Calculated Gamble","Calculated Gamble","Deadly Poison","After Image","Prepared","Poisoned Stab","Skewer","Deadly Poison","Backflip","Adrenaline","Decay","Pain","Decay","Dodge and Roll","PiercingWail","Writhe","Bouncing Flask","Backflip"],"max_hp_per_floor":[70,70,70,70,70,70,70,70,70,70,70,70,70,70,70,70,70,70,70,70,70,70,70,70,70,70,70,70,70,70,70,70,70,88,88,88,88,88,88,88,94,94,94,94,94,94,94,94,94,94],"relics":["Ring of the Snake","NeowsBlessing","Orichalcum","Tough Bandages","Happy Flower","Bag of Marbles","Eternal Feather","Enchiridion","Kunai","Shovel","Toxic Egg","Darkstone Periapt","Whetstone","Calling Bell","Mercury Hourglass","Blood Vial","Letter Opener","Ninja Scroll","Red Mask","Juzu Bracelet","Vajra","Mummified Hand"],"campfire_meditates":0,"card_choices":[{"not_picked":["Acrobatics","Masterful Stab"],"picked":"Poisoned Stab"},{"not_picked":["Footwork","Die Die Die"],"picked":"Malaise"},{"not_picked":["Outmaneuver","Backflip"],"picked":"Deadly Poison"},{"not_picked":["Footwork","Escape Plan"],"picked":"Calculated Gamble"},{"not_picked":["Flechettes","Dagger Spray"],"picked":"Calculated Gamble"},{"not_picked":["Doppelganger","Dagger Spray"],"picked":"Deadly Poison"},{"not_picked":["Wraith Form","Glass Knife"],"picked":"After Image"},{"not_picked":["PiercingWail","Footwork"],"picked":"Prepared"},{"not_picked":["Slice","Prepared"],"picked":"Poisoned Stab"},{"not_picked":["Well Laid Plans","Blade Dance"],"picked":"Skewer"},{"not_picked":["Backstab","Dodge and Roll"],"picked":"Deadly Poison"},{"not_picked":["Prepared","Bane"],"picked":"Backflip"},{"not_picked":["Tools of the Trade","Glass Knife"],"picked":"Adrenaline"},{"not_picked":["Finisher","Outmaneuver"],"picked":"Dodge and Roll"},{"not_picked":["Slice","Dodge and Roll"],"picked":"PiercingWail"},{"not_picked":["Deflect","Quick Slash"],"picked":"Bouncing Flask"},{"not_picked":["Dagger Throw","Well Laid Plans"],"picked":"Backflip"}],"player_experience":27250,"potions_floor_usage":[6,6,16,28,31,31,31,33,50,50,50],"damage_taken":[{"damage":0,"enemies":"Blue Slaver","floor":1,"turns":1},{"damage":0,"enemies":"Small Slimes","floor":2,"turns":1},{"damage":0,"enemies":"Cultist","floor":3,"turns":1},{"damage":0,"enemies":"Looter","floor":5,"turns":4},{"damage":20,"enemies":"3 Sentries","floor":6,"turns":6},{"damage":16,"enemies":"Gremlin Nob","floor":8,"turns":5},{"damage":16,"enemies":"The Guardian","floor":16,"turns":9},{"damage":2,"enemies":"Spheric Guardian","floor":18,"turns":5},{"damage":10,"enemies":"Book of Stabbing","floor":24,"turns":8},{"damage":4,"enemies":"3 Byrds","floor":27,"turns":6},{"damage":7,"enemies":"Sentry and Sphere","floor":28,"turns":5},{"damage":9,"enemies":"Snecko","floor":29,"turns":5},{"damage":28,"enemies":"Slavers","floor":30,"turns":10},{"damage":13,"enemies":"Slaver and Parasite","floor":31,"turns":6},{"damage":39,"enemies":"Champ","floor":33,"turns":18},{"damage":18,"enemies":"3 Shapes","floor":35,"turns":5},{"damage":25,"enemies":"3 Darklings","floor":36,"turns":6},{"damage":22,"enemies":"4 Shapes","floor":37,"turns":6},{"damage":22,"enemies":"Maw","floor":42,"turns":8},{"damage":17,"enemies":"Nemesis","floor":45,"turns":7},{"damage":16,"enemies":"3 Darklings","floor":48,"turns":4},{"damage":89,"enemies":"Time Eater","floor":50,"turns":14}],"event_choices":[{"event_name":"Golden Wing","player_choice":"Ignored","floor":11,"damage_taken":0},{"event_name":"Wheel of Change","player_choice":"Relic","floor":14,"damage_taken":0},{"event_name":"Drug Dealer","player_choice":"Ignored","floor":19,"damage_taken":0},{"event_name":"Cursed Tome","player_choice":"Obtained Book","floor":20,"damage_taken":0},{"event_name":"Tomb of Lord Red Mask","player_choice":"Paid","floor":39,"damage_taken":0},{"event_name":"Winding Halls","player_choice":"Writhe","floor":41,"damage_taken":0},{"event_name":"The Lab","player_choice":"Got Potions","floor":46,"damage_taken":0}],"boss_relics":[{"not_picked":["Astrolabe","Cursed Key"],"picked":"Eternal Feather"},{"not_picked":["White Beast Statue","Sozu"],"picked":"Calling Bell"}],"potions_floor_spawned":[2,3,5,8,24,28,29,31,35,42,45],"seed_played":"6805270520204256914","is_trial":false}