{"gold_per_floor":[115,40,40,40,56,56,91,91,147,175,75,75,75,103,103,181,181,196,196,215,90,101,101,101,133,133,167,167,167,181,193,193,270,270,280,80,95,109,159,190,190,207,207,13,13,41,56,56,56,56],"floor_reached":51,"playtime":3366,"items_purged":["Strike_G","Strike_G","Strike_G"],"score":1528,"play_id":"d11510ec-357a-4c06-a770-56ae94c90fba","local_time":"20190816221807","is_ascension_mode":true,"campfire_choices":[{"data":"Neutralize","floor":6,"key":"SMITH"},{"data":"Leg Sweep","floor":13,"key":"SMITH"},{"data":"Poisoned Stab","floor":15,"key":"SMITH"},{"data":"Predator","floor":23,"key":"SMITH"},{"floor":29,"key":"REST"},{"floor":32,"key":"REST"},{"floor":41,"key":"REST"},{"data":"Catalyst","floor":45,"key":"SMITH"},{"floor":49,"key":"REST"}],"neow_cost":"NONE","seed_source_timestamp":241910135806930,"circlet_count":0,"master_deck":["AscendersBane","Strike_G+1","Defend_G","Defend_G+1","Defend_G","Defend_G","Defend_G","Survivor+1","Neutralize+1","Noxious Fumes+1","Bane+1","Leg Sweep+1","Flying Knee","Poisoned Stab+1","Malaise","Predator+1","Expertise+1","Backflip","Eviscerate","Backflip+1","Catalyst+1","Catalyst"],"relics":["Ring of the Snake","NeowsBlessing","Snake Skull","StoneCalendar","Tiny Chest","Whetstone","Letter Opener","Snecko Eye","Nilry\u0027s Codex","Gremlin Horn","Unceasing Top","Pen Nib","Happy Flower","Sozu","Chemical X","Bronze Scales","War Paint","Lee\u0027s Waffle","Sundial"],"potions_floor_usage":[14,22,47,50],"damage_taken":[{"damage":0,"enemies":"Small Slimes","floor":1,"turns":1},{"damage":0,"enemies":"Cultist","floor":5,"turns":1},{"damage":0,"enemies":"Gremlin Nob","floor":7,"turns":1},{"damage":1,"enemies":"3 Sentries","floor":10,"turns":6},{"damage":0,"enemies":"Gremlin Nob","floor":14,"turns":4},{"damage":0,"enemies":"The Guardian","floor":16,"turns":8},{"damage":0,"enemies":"Spheric Guardian","floor":18,"turns":3},{"damage":0,"enemies":"Chosen","floor":20,"turns":5},{"damage":6,"enemies":"Shelled Parasite and Fungi","floor":22,"turns":5},{"damage":16,"enemies":"Book of Stabbing","floor":25,"turns":7},{"damage":7,"enemies":"Gremlin Leader","floor":27,"turns":7},{"damage":6,"enemies":"Snake Plant","floor":30,"turns":4},{"damage":5,"enemies":"Cultist and Chosen","floor":31,"turns":5},{"damage":0,"enemies":"Collector","floor":33,"turns":6},{"damage":14,"enemies":"Orb Walker","floor":35,"turns":4},{"damage":0,"enemies":"3 Darklings","floor":37,"turns":5},{"damage":0,"enemies":"Maw","floor":38,"turns":6},{"damage":20,"enemies":"Nemesis","floor":40,"turns":7},{"damage":13,"enemies":"Sphere and 2 Shapes","floor":42,"turns":4},{"damage":36,"enemies":"Giant Head","floor":46,"turns":9},{"damage":0,"enemies":"Spire Growth","floor":47,"turns":4},{"damage":56,"enemies":"Awakened One","floor":50,"turns":13}],"seed_played":"1245901760258908230","potions_obtained":[{"floor":1,"key":"SkillPotion"},{"floor":7,"key":"Weak Potion"},{"floor":10,"key":"Block Potion"},{"floor":18,"key":"GamblersBrew"},{"floor":20,"key":"SteroidPotion"},{"floor":22,"key":"Ancient Potion"},{"floor":30,"key":"Fire Potion"}],"is_trial":false,"path_per_floor":["M","$","?","$","M","R","E","?","T","E","$","?","R","E","R","B",null,"M","?","M","$","M","R","?","E","T","E","T","R","M","M","R","B",null,"M","$","M","M","?","E","R","M","T","$","R","E","M","?","R","B",null],"character_chosen":"THE_SILENT","items_purchased":["Chemical X","Lee\u0027s Waffle"],"campfire_rested":4,"item_purchase_floors":[36,44],"current_hp_per_floor":[59,59,59,59,59,59,59,59,59,58,58,58,58,58,58,58,64,64,64,64,64,58,58,37,21,21,14,14,33,27,22,41,41,60,46,46,46,46,46,26,45,32,32,73,73,37,37,37,58,2],"gold":56,"neow_bonus":"THREE_ENEMY_KILL","is_prod":false,"is_daily":false,"chose_seed":false,"campfire_upgraded":5,"win_rate":0,"timestamp":1565990287,"path_taken":["M","$","?","$","?","R","E","?","T","E","?","?","R","E","R","BOSS","M","?","M","$","?","R","?","E","T","E","?","R","M","M","R","BOSS","M","$","?","M","?","E","R","M","T","?","R","E","?","?","R","BOSS"],"build_version":"2019-07-17","purchased_purges":3,"victory":true,"max_hp_per_floor":[66,66,66,66,66,66,66,66,66,66,66,66,66,66,66,66,66,66,66,66,66,66,66,66,66,66,66,66,66,66,66,66,66,66,66,66,66,66,66,66,66,66,66,73,73,73,73,73,73,73],"card_choices":[{"not_picked":["Heel Hook","Backstab"],"picked":"Noxious Fumes","floor":1},{"not_picked":["Sucker Punch","Flechettes"],"picked":"Bane","floor":5},{"not_picked":["Dagger Spray","Blade Dance"],"picked":"Leg Sweep","floor":7},{"not_picked":["Setup","Blade Dance"],"picked":"Flying Knee","floor":10},{"not_picked":["PiercingWail","Unload"],"picked":"Poisoned Stab","floor":14},{"not_picked":["Tools of the Trade","Venomology"],"picked":"Malaise","floor":16},{"not_picked":["Calculated Gamble","Caltrops"],"picked":"Riddle With Holes","floor":18},{"not_picked":["Deflect","Leg Sweep"],"picked":"Predator","floor":20},{"not_picked":["Deadly Poison","Concentrate","Accuracy"],"picked":"SKIP","floor":22},{"not_picked":["Dodge and Roll","Distraction+1","A Thousand Cuts"],"picked":"SKIP","floor":25},{"not_picked":["Malaise","Slice"],"picked":"Expertise+1","floor":27},{"not_picked":["Heel Hook","Quick Slash"],"picked":"Backflip","floor":30},{"not_picked":["Blade Dance","Quick Slash"],"picked":"Eviscerate","floor":31},{"not_picked":["Bane+1","Backstab","Slice"],"picked":"SKIP","floor":35},{"not_picked":["Dagger Spray+1","Setup","Outmaneuver"],"picked":"SKIP","floor":37},{"not_picked":["Backflip","Sucker Punch","After Image"],"picked":"SKIP","floor":38},{"not_picked":["Sucker Punch","Backstab"],"picked":"Backflip+1","floor":40},{"not_picked":["Underhanded Strike","Quick Slash"],"picked":"Catalyst","floor":42},{"not_picked":["Dagger Spray","Leg Sweep+1"],"picked":"Catalyst","floor":46},{"not_picked":["Outmaneuver","PiercingWail+1","Backflip"],"picked":"SKIP","floor":47}],"player_experience":1193968,"relics_obtained":[{"floor":7,"key":"StoneCalendar"},{"floor":9,"key":"Tiny Chest"},{"floor":10,"key":"Whetstone"},{"floor":14,"key":"Letter Opener"},{"floor":24,"key":"Nilry\u0027s Codex"},{"floor":25,"key":"Gremlin Horn"},{"floor":26,"key":"Unceasing Top"},{"floor":27,"key":"Pen Nib"},{"floor":28,"key":"Happy Flower"},{"floor":40,"key":"Bronze Scales"},{"floor":43,"key":"War Paint"},{"floor":46,"key":"Sundial"}],"event_choices":[{"damage_healed":0,"gold_gain":0,"player_choice":"Gave Potion","damage_taken":0,"relics_obtained":["Snake Skull"],"max_hp_gain":0,"max_hp_loss":0,"event_name":"WeMeetAgain","floor":3,"gold_loss":0},{"damage_healed":0,"gold_gain":0,"player_choice":"Forge","damage_taken":0,"max_hp_gain":0,"max_hp_loss":0,"event_name":"Accursed Blacksmith","floor":8,"gold_loss":0,"cards_upgraded":["Noxious Fumes"]},{"damage_healed":0,"gold_gain":0,"player_choice":"Ignored","damage_taken":0,"max_hp_gain":0,"max_hp_loss":0,"event_name":"Golden Idol","floor":12,"gold_loss":0},{"cards_removed":["Strike_G"],"damage_healed":0,"gold_gain":0,"player_choice":"Purged","damage_taken":0,"max_hp_gain":0,"max_hp_loss":0,"event_name":"Purifier","floor":19,"gold_loss":0},{"damage_healed":0,"gold_gain":0,"player_choice":"Obtained Book","damage_taken":21,"max_hp_gain":0,"max_hp_loss":0,"event_name":"Cursed Tome","floor":24,"gold_loss":0},{"damage_healed":0,"gold_gain":50,"player_choice":"Pray","damage_taken":0,"max_hp_gain":0,"max_hp_loss":0,"event_name":"Golden Shrine","floor":39,"gold_loss":0},{"cards_removed":["Riddle With Holes"],"damage_healed":0,"gold_gain":0,"player_choice":"Removed Attack","damage_taken":0,"max_hp_gain":0,"max_hp_loss":0,"event_name":"Falling","floor":48,"gold_loss":0}],"is_beta":false,"boss_relics":[{"not_picked":["Eternal Feather","WristBlade"],"picked":"Snecko Eye"},{"not_picked":["Coffee Dripper","Cursed Key"],"picked":"Sozu"}],"items_purged_floors":[2,11,21],"is_endless":false,"potions_floor_spawned":[1,7,10,18,20,22,30,37,40,42,47],"ascension_level":15}