{"path_per_floor":["M","M","?","?","M","E","R","?","T","E","R","M","R","M","R","B",null,"M","$","M","?","M","R","T","R","T","R","?","M","M","E","R"],"character_chosen":"THE_SILENT","items_purchased":["Torii"],"gold_per_floor":[118,129,129,129,146,175,175,250,250,281,281,295,295,306,306,408,408,426,39,56,56,74,74,74,74,74,74,74,88,106,135,135],"floor_reached":33,"campfire_rested":2,"playtime":2685,"current_hp_per_floor":[70,70,70,45,45,6,27,16,16,12,12,12,33,33,33,16,70,70,70,70,70,70,70,70,70,70,70,70,70,58,53,53],"items_purged":["Defend_G"],"gold":135,"play_id":"04e5c610-0bec-4977-8af3-d383285f8ea2","is_prod":false,"is_daily":false,"is_ascension_mode":true,"campfire_upgraded":6,"path_taken":["M","M","?","?","?","E","R","?","T","E","R","M","R","M","R","BOSS","M","$","M","?","M","R","?","R","T","R","?","M","M","E","R","BOSS"],"build_version":"2018-01-25-PROD3","purchased_purges":1,"victory":false,"master_deck":["Defend_G+1","Defend_G+1","Defend_G+1","Defend_G+1","Strike_G+1","Strike_G+1","Strike_G+1","Strike_G+1","Strike_G+1","Survivor+1","Neutralize+1","Backstab+1","Choke+1","Heel Hook","Backflip","Dagger Throw","Outmaneuver","Backstab+1","A Thousand Cuts+1","Backflip+1","Heel Hook","Leg Sweep+1"],"max_hp_per_floor":[70,70,70,70,70,70,70,70,70,70,70,70,70,70,70,70,70,70,70,70,70,70,70,70,70,70,70,70,70,70,70,70],"relics":["Ring of the Snake","NeowsBlessing","Dodecahedron","Anchor","Ice Cream","Vajra","Lizard Tail","Torii","Frozen Eye","Omamori","Toxic Egg"],"card_choices":[{"not_picked":["Underhanded Strike","Predator"],"picked":"Backstab"},{"not_picked":["Sucker Punch","Footwork"],"picked":"Choke"},{"not_picked":["Quick Slash","Prepared"],"picked":"Backflip"},{"not_picked":["Crippling Poison","Deflect"],"picked":"Dagger Throw"},{"not_picked":["Masterful Stab","Slice"],"picked":"Outmaneuver"},{"not_picked":["Poisoned Stab","Footwork"],"picked":"Backstab"},{"not_picked":["Die Die Die","Burst"],"picked":"A Thousand Cuts"},{"not_picked":["Deflect","Slice"],"picked":"Backflip"},{"not_picked":["Poisoned Stab","Dagger Spray"],"picked":"Heel Hook"},{"not_picked":["Heel Hook","Sucker Punch"],"picked":"Leg Sweep"}],"player_experience":135280,"potions_floor_usage":[18,22,30,33,33],"damage_taken":[{"damage":0.0,"enemies":"Jaw Worm","floor":1.0,"turns":1.0},{"damage":0.0,"enemies":"Blue Slaver","floor":2.0,"turns":1.0},{"damage":0.0,"enemies":"Small Slimes","floor":5.0,"turns":1.0},{"damage":39.0,"enemies":"3 Sentries","floor":6.0,"turns":11.0},{"damage":4.0,"enemies":"Gremlin Nob","floor":10.0,"turns":3.0},{"damage":0.0,"enemies":"2 Fungi Beasts","floor":12.0,"turns":3.0},{"damage":0.0,"enemies":"Looter","floor":14.0,"turns":2.0},{"damage":17.0,"enemies":"The Guardian","floor":16.0,"turns":10.0},{"damage":0,"enemies":"2 Thieves","floor":18,"turns":3},{"damage":0,"enemies":"3 Byrds","floor":20,"turns":4},{"damage":0,"enemies":"Centurion and Healer","floor":22,"turns":5},{"damage":0,"enemies":"Slaver and Parasite","floor":29,"turns":5},{"damage":12,"enemies":"Sentry and Sphere","floor":30,"turns":5},{"damage":5,"enemies":"Book of Stabbing","floor":31,"turns":7},{"damage":102,"enemies":"Champ","floor":33,"turns":16}],"event_choices":[{"event_name":"Match and Keep!","player_choice":"1 cards matched","floor":3.0,"damage_taken":0.0},{"event_name":"Scrap Ooze","player_choice":"success","floor":4.0,"damage_taken":25.0},{"event_name":"World of Goop","player_choice":"Gather Gold","floor":8.0,"damage_taken":0.0},{"event_name":"Drug Dealer","player_choice":"Ignored","floor":21,"damage_taken":0},{"event_name":"Back to Basics","player_choice":"Simplicity","floor":28,"damage_taken":0}],"boss_relics":[{"not_picked":["Question Card","Ectoplasm"],"picked":"Lizard Tail"}],"potions_floor_spawned":[5,6,10,12,16,18,20,30],"seed_played":"7571443603293551049","killed_by":"Champ","ascension_level":1,"is_trial":false}