{"gold_per_floor":[112,112,112,112,37,37,76,29,29,29,54,95,108,122,122,122],"floor_reached":16,"playtime":338,"items_purged":["Strike_B"],"score":229,"play_id":"1e816756-cdd1-4a63-914a-6ec56b75f28d","local_time":"20190519233456","is_ascension_mode":true,"campfire_choices":[{"data":"Zap","floor":6,"key":"SMITH"},{"data":"Creative AI","floor":10,"key":"SMITH"},{"data":"Sunder","floor":15,"key":"SMITH"}],"neow_cost":"NONE","seed_source_timestamp":519975216245300,"circlet_count":0,"master_deck":["AscendersBane","Strike_B","Strike_B","Defend_B","Defend_B","Defend_B","Defend_B","Zap+1","Dualcast","Go for the Eyes","Creative AI+1","Sweeping Beam","Conserve Battery","Self Repair","Sunder+1","Hologram","Gash"],"relics":["Cracked Core","NeowsBlessing","Golden Idol","DataDisk","Du-Vu Doll","Odd Mushroom","Emotion Chip"],"potions_floor_usage":[16],"damage_taken":[{"damage":0,"enemies":"Cultist","floor":1,"turns":1},{"damage":0,"enemies":"Gremlin Nob","floor":7,"turns":1},{"damage":0,"enemies":"The Mushroom Lair","floor":11,"turns":1},{"damage":18,"enemies":"Lagavulin","floor":12,"turns":6},{"damage":1,"enemies":"2 Louse","floor":13,"turns":2},{"damage":9,"enemies":"Small Slimes","floor":14,"turns":2},{"damage":40,"enemies":"Slime Boss","floor":16,"turns":8}],"seed_played":"7203502781678480261","potions_obtained":[{"floor":11,"key":"SpeedPotion"},{"floor":13,"key":"Ancient Potion"}],"is_trial":false,"path_per_floor":["M","?","?","?","$","R","E","$","T","R","?","E","M","M","R","B"],"character_chosen":"DEFECT","items_purchased":["Conserve Battery"],"campfire_rested":0,"item_purchase_floors":[8],"current_hp_per_floor":[64,64,69,43,43,43,43,43,43,43,43,32,31,29,29,0],"gold":122,"neow_bonus":"THREE_ENEMY_KILL","is_prod":false,"is_daily":false,"chose_seed":false,"campfire_upgraded":3,"win_rate":0,"timestamp":1558301696,"path_taken":["M","?","?","?","$","R","E","$","T","R","?","E","M","M","R","BOSS"],"build_version":"2019-01-23","purchased_purges":1,"victory":false,"max_hp_per_floor":[71,71,76,76,76,76,76,76,76,76,76,76,76,76,76,76],"card_choices":[{"not_picked":["Beam Cell","Darkness"],"picked":"Go for the Eyes","floor":1},{"not_picked":["Stack","Hello World"],"picked":"Sweeping Beam","floor":7},{"not_picked":["Conserve Battery","Heatsinks"],"picked":"Self Repair","floor":11},{"not_picked":["Recycle","Rebound"],"picked":"Sunder","floor":12},{"not_picked":["Blizzard","FTL"],"picked":"Hologram","floor":13},{"not_picked":["Stack","Streamline"],"picked":"Gash","floor":14}],"player_experience":1155867,"relics_obtained":[{"floor":7,"key":"DataDisk"},{"floor":9,"key":"Du-Vu Doll"},{"floor":11,"key":"Odd Mushroom"},{"floor":12,"key":"Emotion Chip"}],"event_choices":[{"damage_healed":0,"gold_gain":0,"cards_transformed":["Strike_B"],"player_choice":"Change","damage_taken":0,"max_hp_gain":0,"max_hp_loss":0,"event_name":"Living Wall","floor":2,"gold_loss":0,"cards_obtained":["Creative AI"]},{"damage_healed":0,"gold_gain":0,"player_choice":"Donut","damage_taken":0,"max_hp_gain":5,"max_hp_loss":0,"event_name":"Big Fish","floor":3,"gold_loss":0},{"damage_healed":0,"gold_gain":0,"player_choice":"Take Damage","damage_taken":26,"relics_obtained":["Golden Idol"],"max_hp_gain":0,"max_hp_loss":0,"event_name":"Golden Idol","floor":4,"gold_loss":0},{"damage_healed":0,"gold_gain":0,"player_choice":"Fought Mushrooms","damage_taken":0,"max_hp_gain":0,"max_hp_loss":0,"event_name":"Mushrooms","floor":11,"gold_loss":0}],"is_beta":false,"boss_relics":[],"items_purged_floors":[5],"is_endless":false,"potions_floor_spawned":[11,13],"killed_by":"Slime Boss","ascension_level":15}