{"gold_per_floor":[110,125,50,65,65,65,90,90,90,90,90,117,132,144,144,216,216,226,15,32,32],"floor_reached":21,"playtime":607,"items_purged":[],"score":350,"play_id":"0d53dc95-6b7a-4a45-80ee-015324528650","local_time":"20190719000012","is_ascension_mode":true,"campfire_choices":[{"data":"Anger","floor":6,"key":"SMITH"},{"data":"Double Tap","floor":8,"key":"SMITH"},{"data":"Dramatic Entrance","floor":10,"key":"SMITH"},{"data":"True Grit","floor":15,"key":"SMITH"}],"neow_cost":"NONE","seed_source_timestamp":530237613772299,"circlet_count":0,"master_deck":["AscendersBane","Bash+1","Dramatic Entrance+1","Anger+1","Iron Wave","Headbutt","Double Tap+1","Spot Weakness","Shrug It Off","True Grit+1","Limit Break","Bludgeon","Demon Form","Flame Barrier","Pummel","Sever Soul","Burning Pact","Anger","Carnage","Clothesline+1","Apotheosis","True Grit","Flex"],"relics":["Burning Blood","Paper Frog","Oddly Smooth Stone","Sundial","Pandora\u0027s Box"],"potions_floor_usage":[7,16,21,21],"damage_taken":[{"damage":0,"enemies":"2 Louse","floor":1,"turns":2},{"damage":2,"enemies":"Cultist","floor":2,"turns":4},{"damage":2,"enemies":"Jaw Worm","floor":4,"turns":2},{"damage":23,"enemies":"Gremlin Nob","floor":7,"turns":4},{"damage":14,"enemies":"Lagavulin","floor":12,"turns":4},{"damage":0,"enemies":"Blue Slaver","floor":13,"turns":1},{"damage":0,"enemies":"3 Louse","floor":14,"turns":2},{"damage":22,"enemies":"Slime Boss","floor":16,"turns":8},{"damage":40,"enemies":"Shell Parasite","floor":18,"turns":4},{"damage":9,"enemies":"Chosen","floor":20,"turns":3},{"damage":35,"enemies":"Snake Plant","floor":21,"turns":4}],"seed_played":"-7714482195252906367","potions_obtained":[{"floor":1,"key":"EssenceOfSteel"},{"floor":12,"key":"Weak Potion"},{"floor":16,"key":"SteroidPotion"},{"floor":18,"key":"SkillPotion"},{"floor":20,"key":"Swift Potion"}],"is_trial":false,"path_per_floor":["M","M","?","M","?","R","E","R","T","R","$","E","M","M","R","B",null,"M","$","M","M"],"character_chosen":"IRONCLAD","items_purchased":["Apotheosis","True Grit"],"campfire_rested":0,"item_purchase_floors":[19,19],"current_hp_per_floor":[74,75,75,75,75,75,58,58,58,58,58,50,56,62,62,46,68,34,34,31,0],"gold":32,"neow_bonus":"RANDOM_COLORLESS","is_prod":false,"is_daily":false,"chose_seed":false,"campfire_upgraded":4,"win_rate":0,"timestamp":1563487212,"path_taken":["M","M","?","M","?","R","E","R","T","R","$","E","?","M","R","BOSS","M","?","M","M"],"build_version":"2019-07-17","purchased_purges":0,"victory":false,"max_hp_per_floor":[75,75,75,75,75,75,75,75,75,75,75,75,75,75,75,75,75,75,75,75,75],"card_choices":[{"not_picked":["Warcry","Shrug It Off"],"picked":"Anger","floor":1},{"not_picked":["Sword Boomerang","Dropkick"],"picked":"Iron Wave","floor":2},{"not_picked":["Disarm","Thunderclap"],"picked":"Headbutt","floor":4},{"not_picked":["Infernal Blade","Sword Boomerang"],"picked":"Double Tap","floor":7},{"not_picked":["Pommel Strike","Flex"],"picked":"Spot Weakness","floor":12},{"not_picked":["Perfected Strike","Wild Strike"],"picked":"Shrug It Off","floor":13},{"not_picked":["Iron Wave","Body Slam"],"picked":"True Grit","floor":14},{"not_picked":["Impervious","Double Tap"],"picked":"Limit Break","floor":16},{"not_picked":["Warcry","Cleave+1"],"picked":"Clothesline+1","floor":18},{"not_picked":["Thunderclap+1","Sword Boomerang"],"picked":"Flex","floor":20}],"player_experience":1684128,"relics_obtained":[{"floor":7,"key":"Paper Frog"},{"floor":9,"key":"Oddly Smooth Stone"},{"floor":12,"key":"Sundial"}],"event_choices":[{"cards_removed":["Strike_R"],"damage_healed":0,"gold_gain":0,"player_choice":"Card Removal","damage_taken":0,"max_hp_gain":0,"max_hp_loss":0,"event_name":"The Cleric","floor":3,"gold_loss":75},{"damage_healed":0,"gold_gain":0,"player_choice":"Upgraded","damage_taken":0,"max_hp_gain":0,"max_hp_loss":0,"event_name":"Upgrade Shrine","floor":5,"gold_loss":0,"cards_upgraded":["Bash"]}],"is_beta":false,"boss_relics":[{"not_picked":["Black Star","Black Blood"],"picked":"Pandora\u0027s Box"}],"items_purged_floors":[],"is_endless":false,"potions_floor_spawned":[1,12,16,18,20],"killed_by":"Snake Plant","ascension_level":17}