{"gold_per_floor":[114,114,128,128,128,128,156,176,258,258,258,276,60,95,95,95],"floor_reached":16,"playtime":250,"items_purged":["Strike_B"],"score":253,"play_id":"05a7a579-8207-489a-b5b8-6980dc0f6cc0","local_time":"20190825235534","is_ascension_mode":true,"campfire_choices":[{"data":"Echo Form","floor":6,"key":"SMITH"},{"data":"Sunder","floor":10,"key":"SMITH"},{"data":"Rainbow","floor":15,"key":"SMITH"}],"neow_cost":"NONE","seed_source_timestamp":1018706523159500,"circlet_count":0,"master_deck":["AscendersBane","Strike_B","Strike_B","Defend_B","Defend_B","Defend_B","Defend_B","Zap","Dualcast","Sunder+1","Echo Form+1","Cold Snap","Stack","Storm","Defragment","Ball Lightning","Rainbow+1"],"relics":["Cracked Core","NeowsBlessing","Strawberry","Cables","StoneCalendar"],"potions_floor_usage":[14],"damage_taken":[{"damage":0,"enemies":"Small Slimes","floor":1,"turns":1},{"damage":0,"enemies":"Cultist","floor":3,"turns":1},{"damage":0,"enemies":"Gremlin Nob","floor":7,"turns":1},{"damage":0,"enemies":"2 Louse","floor":8,"turns":2},{"damage":14,"enemies":"Red Slaver","floor":12,"turns":2},{"damage":22,"enemies":"3 Sentries","floor":14,"turns":3},{"damage":50,"enemies":"Slime Boss","floor":16,"turns":4}],"seed_played":"-288494711867909182","potions_obtained":[{"floor":1,"key":"PowerPotion"}],"is_trial":false,"path_per_floor":["M","$","M","?","$","R","E","M","T","R","?","M","$","E","R","B"],"character_chosen":"DEFECT","items_purchased":["Defragment","Ball Lightning"],"campfire_rested":0,"item_purchase_floors":[13,13],"current_hp_per_floor":[64,64,64,64,64,64,71,71,71,71,78,64,64,42,42,0],"gold":95,"neow_bonus":"THREE_ENEMY_KILL","is_prod":false,"is_daily":false,"chose_seed":false,"campfire_upgraded":3,"win_rate":0,"timestamp":1566770134,"path_taken":["M","$","M","?","?","R","E","M","T","R","?","M","$","E","R","BOSS"],"build_version":"2019-07-17","purchased_purges":1,"victory":false,"max_hp_per_floor":[71,71,71,71,71,71,78,78,78,78,78,78,78,78,78,78],"card_choices":[{"not_picked":["Leap","Turbo"],"picked":"Sunder","floor":1},{"not_picked":["Beam Cell","Recycle"],"picked":"Echo Form","floor":3},{"not_picked":["Redo","Darkness"],"picked":"Cold Snap","floor":7},{"not_picked":["FTL","Barrage"],"picked":"Stack","floor":8},{"not_picked":["Rebound","Stack"],"picked":"Storm","floor":12},{"not_picked":["Recycle","Cold Snap"],"picked":"Rainbow","floor":14}],"player_experience":1971845,"relics_obtained":[{"floor":7,"key":"Strawberry"},{"floor":9,"key":"Cables"},{"floor":14,"key":"StoneCalendar"}],"event_choices":[{"cards_removed":["Strike_B"],"damage_healed":0,"gold_gain":0,"player_choice":"Purged","damage_taken":0,"max_hp_gain":0,"max_hp_loss":0,"event_name":"Purifier","floor":4,"gold_loss":0},{"damage_healed":7,"gold_gain":0,"player_choice":"Full Heal","damage_taken":0,"max_hp_gain":0,"max_hp_loss":0,"event_name":"Wheel of Change","floor":11,"gold_loss":0}],"is_beta":false,"boss_relics":[],"items_purged_floors":[13],"is_endless":false,"potions_floor_spawned":[1],"killed_by":"Slime Boss","ascension_level":18}