{"gold_per_floor":[113,126,141,21,32,32,47,47,47,47,64,64,80,43,43,146,146,163,163,63,82,102,102,112,112,135,135,147,62,78,90,90,190,190,204,216,216,235,61,61,76,76,76,110,110,110,110,110,110,110],"floor_reached":51,"playtime":2068,"items_purged":["Strike_R","Heavy Blade","Bash+1"],"score":771,"play_id":"ad4ff37c-9f2c-47e7-8ec0-1c9057801b38","local_time":"20191008113240","is_ascension_mode":false,"campfire_choices":[{"data":"True Grit","floor":6.0,"key":"SMITH"},{"data":"True Grit","floor":10.0,"key":"SMITH"},{"data":"Battle Trance","floor":12.0,"key":"SMITH"},{"data":"Whirlwind","floor":15.0,"key":"SMITH"},{"data":"Barricade","floor":23,"key":"SMITH"},{"data":"Power Through","floor":27,"key":"SMITH"},{"data":"Body Slam","floor":32,"key":"SMITH"},{"data":"Shrug It Off","floor":40,"key":"SMITH"},{"data":"Barricade","floor":42,"key":"SMITH"},{"floor":45,"key":"REST"},{"floor":49,"key":"RECALL"}],"neow_cost":"NONE","seed_source_timestamp":224687313024716,"circlet_count":0,"master_deck":["True Grit+1","Battle Trance+1","True Grit+1","Whirlwind+1","Barricade+1","Power Through+1","Body Slam+1","Barricade+1","Shrug It Off+1"],"special_seed":0,"relics":["Black Blood","Singing Bowl","Pandora\u0027s Box","Red Skull","Kunai","Darkstone Periapt","Question Card","Mark of the Bloom"],"potions_floor_usage":[50,50],"damage_taken":[{"damage":6.0,"enemies":"Cultist","floor":1.0,"turns":3.0},{"damage":0.0,"enemies":"Small Slimes","floor":2.0,"turns":3.0},{"damage":5.0,"enemies":"2 Louse","floor":3.0,"turns":3.0},{"damage":6.0,"enemies":"Large Slime","floor":5.0,"turns":4.0},{"damage":6.0,"enemies":"Exordium Thugs","floor":7.0,"turns":4.0},{"damage":10.0,"enemies":"Exordium Wildlife","floor":11.0,"turns":7.0},{"damage":7.0,"enemies":"Large Slime","floor":13.0,"turns":9.0},{"damage":57.0,"enemies":"Slime Boss","floor":16.0,"turns":13.0},{"damage":30.0,"enemies":"2 Thieves","floor":18.0,"turns":3.0},{"damage":10.0,"enemies":"Spheric Guardian","floor":21.0,"turns":3.0},{"damage":33.0,"enemies":"Snake Plant","floor":22.0,"turns":4.0},{"damage":4,"enemies":"Shelled Parasite and Fungi","floor":24,"turns":14},{"damage":0,"enemies":"Cultist and Chosen","floor":28,"turns":6},{"damage":0,"enemies":"3 Cultists","floor":30,"turns":2},{"damage":0,"enemies":"Centurion and Healer","floor":31,"turns":8},{"damage":0,"enemies":"Champ","floor":33,"turns":7},{"damage":0,"enemies":"3 Shapes","floor":35,"turns":5},{"damage":50,"enemies":"3 Darklings","floor":36,"turns":4},{"damage":0,"enemies":"Sphere and 2 Shapes","floor":38,"turns":5},{"damage":21,"enemies":"Writhing Mass","floor":41,"turns":7},{"damage":9,"enemies":"Nemesis","floor":44,"turns":7},{"damage":7,"enemies":"Donu and Deca","floor":50,"turns":9}],"seed_played":"-9189262714592894216","potions_obtained":[{"floor":2.0,"key":"LiquidBronze"},{"floor":3.0,"key":"BloodPotion"},{"floor":5.0,"key":"Fire Potion"},{"floor":13.0,"key":"Ancient Potion"},{"floor":24,"key":"Ancient Potion"},{"floor":35,"key":"Dexterity Potion"},{"floor":37,"key":"EssenceOfSteel"},{"floor":37,"key":"FairyPotion"}],"is_trial":false,"path_per_floor":["M","M","M","$","M","R","M","?","T","R","M","R","M","$","R","B",null,"M","?","$","M","M","R","M","$","T","R","M","?","M","M","R","B",null,"M","M","?","M","$","R","M","R","T","E","R","$","T","?","R","B",null],"character_chosen":"IRONCLAD","items_purchased":["Cleave","Whirlwind","Shrug It Off"],"campfire_rested":1,"item_purchase_floors":[4,14,39],"current_hp_per_floor":[80,80,80,80,80,80,80,80,80,80,78,78,79,79,79,28,84,62,62,62,60,33,33,37,37,37,37,43,43,51,59,59,65,94,96,58,58,70,70,70,61,61,61,64,95,95,95,95,95,88],"gold":110,"neow_bonus":"UPGRADE_CARD","is_prod":false,"is_daily":false,"chose_seed":false,"campfire_upgraded":9,"win_rate":0,"timestamp":1570559560,"path_taken":["M","M","M","$","M","R","?","?","T","R","M","R","M","$","R","BOSS","M","?","?","M","M","R","M","$","T","R","M","?","M","M","R","BOSS","M","M","?","M","$","R","M","R","T","E","R","?","?","?","R","BOSS"],"build_version":"2019-07-17","purchased_purges":3,"victory":true,"max_hp_per_floor":[80,80,80,80,80,80,80,80,80,80,82,82,84,84,84,84,84,86,86,86,88,88,88,90,90,90,90,90,90,92,94,94,94,94,96,98,98,100,100,100,102,102,102,104,104,104,104,104,104,104],"card_choices":[{"not_picked":["Perfected Strike","Sentinel"],"picked":"True Grit","floor":1.0},{"not_picked":["Sentinel","Iron Wave"],"picked":"Battle Trance","floor":2.0},{"not_picked":["Second Wind","True Grit"],"picked":"Heavy Blade","floor":3.0},{"not_picked":["Armaments","Pummel","Cleave"],"picked":"SKIP","floor":5.0},{"not_picked":["Wild Strike","Pommel Strike"],"picked":"True Grit","floor":7.0},{"not_picked":["Cleave","Body Slam","Blood for Blood"],"picked":"Singing Bowl","floor":11.0},{"not_picked":["Warcry","Headbutt","Heavy Blade"],"picked":"Singing Bowl","floor":13.0},{"not_picked":["Demon Form","Impervious"],"picked":"Barricade","floor":16.0},{"not_picked":["Corruption","Power Through","Headbutt"],"picked":"Singing Bowl","floor":18.0},{"not_picked":["Reckless Charge","Combust","Flex"],"picked":"Singing Bowl","floor":21.0},{"not_picked":["Pommel Strike","Clash+1"],"picked":"Power Through","floor":22},{"not_picked":["Anger","Sever Soul","Searing Blow"],"picked":"Singing Bowl","floor":24},{"not_picked":["Clash","Inflame"],"picked":"Body Slam","floor":28},{"not_picked":["Body Slam","Headbutt","Perfected Strike"],"picked":"Singing Bowl","floor":30},{"not_picked":["Warcry","Clash","Cleave"],"picked":"Singing Bowl","floor":31},{"not_picked":["Demon Form","Impervious"],"picked":"Barricade","floor":33},{"not_picked":["Blood for Blood","Spot Weakness+1","Heavy Blade"],"picked":"Singing Bowl","floor":35},{"not_picked":["Armaments+1","Clothesline","Infernal Blade+1"],"picked":"Singing Bowl","floor":36},{"not_picked":["Metallicize","Wild Strike","Iron Wave"],"picked":"Singing Bowl","floor":38},{"not_picked":["Power Through","Searing Blow+1","Clothesline+1"],"picked":"Singing Bowl","floor":41},{"not_picked":["Warcry+1","Disarm","Burning Pact"],"picked":"Singing Bowl","floor":44}],"player_experience":363520,"relics_obtained":[{"floor":9.0,"key":"Singing Bowl"},{"floor":26,"key":"Red Skull"},{"floor":44,"key":"Darkstone Periapt"},{"floor":47,"key":"Question Card"}],"event_choices":[{"damage_healed":0.0,"max_hp_gain":0.0,"max_hp_loss":0.0,"gold_gain":0.0,"event_name":"NoteForYourself","player_choice":"Ignored","floor":8.0,"gold_loss":0.0,"damage_taken":0.0},{"cards_removed":["Cleave"],"damage_healed":0.0,"max_hp_gain":0.0,"max_hp_loss":0.0,"gold_gain":0.0,"event_name":"Purifier","player_choice":"Purged","floor":19.0,"gold_loss":0.0,"damage_taken":0.0},{"damage_healed":0,"gold_gain":0,"player_choice":"Obtained Relic","damage_taken":0,"relics_obtained":["Kunai"],"max_hp_gain":0,"max_hp_loss":0,"event_name":"Addict","floor":29,"gold_loss":85},{"damage_healed":0,"gold_gain":0,"player_choice":"Got Potions","damage_taken":0,"max_hp_gain":0,"max_hp_loss":0,"event_name":"Lab","floor":37,"gold_loss":0},{"damage_healed":0,"gold_gain":0,"player_choice":"Upgrade","damage_taken":0,"relics_obtained":["Mark of the Bloom"],"max_hp_gain":0,"max_hp_loss":0,"event_name":"MindBloom","floor":48,"gold_loss":0,"cards_upgraded":[]}],"is_beta":false,"boss_relics":[{"not_picked":["Tiny House","Runic Dome"],"picked":"Pandora\u0027s Box"},{"not_picked":["Runic Cube","Velvet Choker"],"picked":"Black Blood"}],"items_purged_floors":[4,20,39],"is_endless":false,"potions_floor_spawned":[2,3,5,13,24,30,33,35],"ascension_level":0}