{"gold_per_floor":[116,12,12,87,87,121,139,169,169,169,42,1,26,46,46,46],"floor_reached":16,"playtime":271,"items_purged":["Strike_B"],"score":282,"play_id":"63efffeb-3f58-4b17-96bc-00f9a1265493","local_time":"20190626013210","is_ascension_mode":true,"campfire_choices":[{"floor":10,"key":"REST"},{"data":"Coolheaded","floor":15,"key":"SMITH"}],"neow_cost":"NONE","seed_source_timestamp":1061529746239157,"circlet_count":0,"master_deck":["AscendersBane","Strike_B","Strike_B","Defend_B","Defend_B","Defend_B","Defend_B","Zap","Dualcast","Ball Lightning","Ball Lightning","Coolheaded+1","Leap","Tempest","Steam","Barrage","Undo","Barrage","Barrage"],"relics":["Cracked Core","NeowsBlessing","Shuriken","PreservedInsect","Lantern","Pantograph"],"potions_floor_usage":[8],"damage_taken":[{"damage":0,"enemies":"Jaw Worm","floor":1,"turns":1},{"damage":0,"enemies":"3 Sentries","floor":6,"turns":1},{"damage":0,"enemies":"2 Louse","floor":7,"turns":1},{"damage":28,"enemies":"Gremlin Nob","floor":8,"turns":4},{"damage":11,"enemies":"Lagavulin","floor":13,"turns":4},{"damage":0,"enemies":"Cultist","floor":14,"turns":2},{"damage":71,"enemies":"Hexaghost","floor":16,"turns":9}],"seed_played":"5011261936309428675","potions_obtained":[{"floor":1,"key":"SpeedPotion"},{"floor":5,"key":"GamblersBrew"},{"floor":5,"key":"FairyPotion"},{"floor":14,"key":"EssenceOfSteel"}],"is_trial":false,"path_per_floor":["M","$","?","?","?","E","M","E","T","R","$","$","E","M","R","B"],"character_chosen":"DEFECT","items_purchased":["Ball Lightning","Coolheaded","Barrage","Undo"],"campfire_rested":1,"item_purchase_floors":[2,2,11,12],"current_hp_per_floor":[64,64,57,46,46,46,46,18,18,39,39,39,28,28,28,0],"gold":46,"neow_bonus":"THREE_ENEMY_KILL","is_prod":false,"is_daily":false,"chose_seed":false,"campfire_upgraded":1,"win_rate":0,"timestamp":1561505530,"path_taken":["M","$","?","?","?","E","?","E","T","R","?","$","E","M","R","BOSS"],"build_version":"2019-01-23","purchased_purges":1,"victory":false,"max_hp_per_floor":[71,71,71,71,71,71,71,71,71,71,71,71,71,71,71,71],"card_choices":[{"not_picked":["Hello World","Sunder"],"picked":"Ball Lightning","floor":1},{"not_picked":["Auto Shields","Compile Driver"],"picked":"Leap","floor":6},{"not_picked":["Turbo","Redo"],"picked":"Tempest","floor":7},{"not_picked":["Auto Shields","Barrage"],"picked":"Steam","floor":8},{"not_picked":["Heatsinks","Conserve Battery"],"picked":"Barrage","floor":13},{"not_picked":["Sweeping Beam","Coolheaded"],"picked":"Barrage","floor":14}],"player_experience":854575,"relics_obtained":[{"floor":6,"key":"Shuriken"},{"floor":8,"key":"PreservedInsect"},{"floor":9,"key":"Lantern"},{"floor":13,"key":"Pantograph"}],"event_choices":[{"cards_removed":["Strike_B"],"damage_healed":0,"gold_gain":0,"player_choice":"Card Removal","damage_taken":7,"max_hp_gain":0,"max_hp_loss":0,"event_name":"Golden Wing","floor":3,"gold_loss":0},{"damage_healed":0,"gold_gain":75,"player_choice":"Gather Gold","damage_taken":11,"max_hp_gain":0,"max_hp_loss":0,"event_name":"World of Goop","floor":4,"gold_loss":0},{"damage_healed":0,"gold_gain":0,"player_choice":"Got Potions","damage_taken":0,"max_hp_gain":0,"max_hp_loss":0,"event_name":"Lab","floor":5,"gold_loss":0}],"is_beta":false,"boss_relics":[],"items_purged_floors":[11],"is_endless":false,"potions_floor_spawned":[1,6,14],"killed_by":"Hexaghost","ascension_level":20}