{"gold_per_floor":[16,30,30,47,47,47,64,95,95,95,95],"floor_reached":11,"playtime":342,"items_purged":[],"score":131,"play_id":"e4e8151c-84b4-4e5e-a58f-2bf9aefb00a5","local_time":"20190627115714","is_ascension_mode":true,"campfire_choices":[{"data":"Neutralize","floor":6,"key":"SMITH"},{"floor":10,"key":"REST"}],"neow_cost":"NO_GOLD","seed_source_timestamp":820203863568400,"circlet_count":0,"master_deck":["AscendersBane","Defend_G","Defend_G","Defend_G","Defend_G","Defend_G","Strike_G","Strike_G","Strike_G","Strike_G","Strike_G","Survivor","Neutralize+1","Blur","Blur","Quick Slash","Endless Agony","Finisher"],"relics":["Ring of the Snake","Calipers","Mummified Hand","Paper Crane"],"potions_floor_usage":[7],"damage_taken":[{"damage":0,"enemies":"Cultist","floor":1,"turns":5},{"damage":0,"enemies":"Small Slimes","floor":2,"turns":7},{"damage":0,"enemies":"2 Louse","floor":4,"turns":3},{"damage":0,"enemies":"Blue Slaver","floor":7,"turns":4},{"damage":61,"enemies":"Gremlin Nob","floor":8,"turns":9}],"seed_played":"-7008740796020932565","potions_obtained":[{"floor":2,"key":"FearPotion"},{"floor":8,"key":"GamblersBrew"}],"is_trial":false,"path_per_floor":["M","M","?","M","?","R","M","E","T","R","?"],"character_chosen":"THE_SILENT","items_purchased":[],"campfire_rested":1,"item_purchase_floors":[],"current_hp_per_floor":[59,59,59,59,64,64,64,3,3,24,0],"gold":95,"neow_bonus":"ONE_RARE_RELIC","is_prod":false,"is_daily":false,"chose_seed":false,"campfire_upgraded":1,"win_rate":0,"timestamp":1561629434,"path_taken":["M","?","?","M","?","R","M","E","T","R","?"],"build_version":"2019-01-23","purchased_purges":0,"victory":false,"max_hp_per_floor":[66,66,66,66,71,71,71,71,71,71,71],"card_choices":[{"not_picked":["Sucker Punch","Terror"],"picked":"Blur","floor":1},{"not_picked":["Bane","Prepared"],"picked":"Blur","floor":2},{"not_picked":["Slice","Eviscerate"],"picked":"Quick Slash","floor":4},{"not_picked":["Slice","All Out Attack"],"picked":"Endless Agony","floor":7},{"not_picked":["Blur","Outmaneuver"],"picked":"Finisher","floor":8}],"player_experience":1500895,"relics_obtained":[{"floor":8,"key":"Mummified Hand"},{"floor":9,"key":"Paper Crane"}],"event_choices":[{"damage_healed":0,"gold_gain":0,"player_choice":"Leave","damage_taken":0,"max_hp_gain":0,"max_hp_loss":0,"event_name":"The Cleric","floor":3,"gold_loss":0},{"damage_healed":0,"gold_gain":0,"player_choice":"Donut","damage_taken":0,"max_hp_gain":5,"max_hp_loss":0,"event_name":"Big Fish","floor":5,"gold_loss":0}],"is_beta":false,"boss_relics":[],"items_purged_floors":[],"is_endless":false,"potions_floor_spawned":[2,8],"ascension_level":16}