{"gold_per_floor":[119,119,44,44,44,58,58,78,78,28,28,28,46,59,59,180,180,205,224,70,70,84,84,84,84,132,132,132,168,168,188,188,308,308,323,5,30,48,61,61,61,81,81,99,124,137,162,176,176,176],"floor_reached":51,"playtime":1318,"items_purged":["Strike_R","Writhe"],"score":863,"play_id":"5ecdfbf8-61f2-4b95-89f7-037c3450b2f7","local_time":"20190921015101","is_ascension_mode":false,"campfire_choices":[{"data":"Bash","floor":7.0,"key":"SMITH"},{"data":"Flex","floor":12.0,"key":"SMITH"},{"data":"Twin Strike","floor":15.0,"key":"SMITH"},{"data":"Heavy Blade","floor":23.0,"key":"SMITH"},{"data":"Immolate","floor":25.0,"key":"SMITH"},{"data":"Headbutt","floor":27.0,"key":"SMITH"},{"data":"Reaper","floor":30.0,"key":"SMITH"},{"data":"Feed","floor":32.0,"key":"SMITH"},{"data":"Limit Break","floor":40.0,"key":"SMITH"},{"data":"Inflame","floor":49,"key":"SMITH"}],"neow_cost":"NONE","seed_source_timestamp":24707031950861,"circlet_count":0,"master_deck":["Strike_R+1","Strike_R+1","Strike_R+1","Defend_R+1","Defend_R+1","Defend_R+1","Bash+1","Twin Strike+1","Headbutt+1","Flex+1","Heavy Blade+1","Immolate+1","Reaper+1","Feed+1","Limit Break+1","Clothesline+1","Inflame+1","Bludgeon","Disarm+1","Corruption"],"special_seed":0,"relics":["Burning Blood","Red Skull","Golden Idol","Singing Bowl","Mummified Hand","Snecko Eye","Vajra","Dream Catcher","Lizard Tail","Omamori","Velvet Choker","Orrery","InkBottle"],"potions_floor_usage":[50],"damage_taken":[{"damage":7.0,"enemies":"Small Slimes","floor":1.0,"turns":3.0},{"damage":6.0,"enemies":"Jaw Worm","floor":6.0,"turns":3.0},{"damage":0.0,"enemies":"Cultist","floor":8.0,"turns":3.0},{"damage":8.0,"enemies":"Blue Slaver","floor":13.0,"turns":3.0},{"damage":2.0,"enemies":"Looter","floor":14.0,"turns":3.0},{"damage":0.0,"enemies":"Slime Boss","floor":16.0,"turns":4.0},{"damage":35.0,"enemies":"3 Byrds","floor":18.0,"turns":4.0},{"damage":5.0,"enemies":"Spheric Guardian","floor":19.0,"turns":3.0},{"damage":12.0,"enemies":"Snake Plant","floor":22.0,"turns":2.0},{"damage":35.0,"enemies":"Book of Stabbing","floor":29.0,"turns":4.0},{"damage":5.0,"enemies":"Chosen and Byrds","floor":31.0,"turns":5.0},{"damage":32.0,"enemies":"Automaton","floor":33.0,"turns":10.0},{"damage":22.0,"enemies":"Orb Walker","floor":35.0,"turns":3.0},{"damage":2.0,"enemies":"3 Shapes","floor":37.0,"turns":2.0},{"damage":0.0,"enemies":"Maw","floor":38.0,"turns":5.0},{"damage":0.0,"enemies":"Spire Growth","floor":39.0,"turns":4.0},{"damage":20.0,"enemies":"4 Shapes","floor":42.0,"turns":3.0},{"damage":0.0,"enemies":"Transient","floor":44.0,"turns":5.0},{"damage":12.0,"enemies":"3 Darklings","floor":45.0,"turns":4.0},{"damage":13.0,"enemies":"Writhing Mass","floor":46.0,"turns":4.0},{"damage":0.0,"enemies":"Sphere and 2 Shapes","floor":47.0,"turns":3.0},{"damage":20.0,"enemies":"Jaw Worm Horde","floor":48.0,"turns":4.0},{"damage":92,"enemies":"Time Eater","floor":50,"turns":8}],"seed_played":"-1171594127732719562","potions_obtained":[{"floor":1.0,"key":"EssenceOfSteel"},{"floor":6.0,"key":"Swift Potion"},{"floor":13.0,"key":"FearPotion"},{"floor":19.0,"key":"EntropicBrew"},{"floor":29.0,"key":"PowerPotion"},{"floor":31.0,"key":"EssenceOfSteel"},{"floor":38.0,"key":"SteroidPotion"},{"floor":42.0,"key":"Energy Potion"},{"floor":46.0,"key":"PowerPotion"},{"floor":48.0,"key":"SneckoOil"}],"is_trial":false,"path_per_floor":["M","?","$","?","$","M","R","M","T","?","?","R","M","M","R","B",null,"M","M","$","?","M","R","?","R","T","R","?","E","R","M","R","B",null,"M","$","M","M","M","R","?","M","T","M","M","M","M","M","R","B",null],"character_chosen":"IRONCLAD","items_purchased":["Vajra","Orrery","Corruption"],"campfire_rested":0,"item_purchase_floors":[20,36,36],"current_hp_per_floor":[79,74,74,59,59,59,59,65,65,65,62,62,60,64,64,72,76,49,50,50,50,49,49,49,49,49,49,49,31,31,54,54,34,82,70,74,92,98,104,104,104,103,103,112,118,124,130,129,129,123],"gold":176,"neow_bonus":"RANDOM_COMMON_RELIC","is_prod":false,"is_daily":false,"chose_seed":false,"campfire_upgraded":10,"win_rate":0,"timestamp":1569052261,"path_taken":["M","?","$","?","?","M","R","?","T","?","?","R","M","M","R","BOSS","M","M","$","?","M","R","?","R","T","R","?","E","R","M","R","BOSS","M","$","M","M","M","R","?","M","T","M","M","M","M","M","R","BOSS"],"build_version":"2019-09-20","purchased_purges":2,"victory":true,"max_hp_per_floor":[80,74,74,74,74,74,74,74,74,74,74,74,74,74,74,76,76,78,78,78,78,80,80,80,80,80,80,80,82,82,82,82,82,82,86,90,92,98,104,104,104,110,110,112,118,124,130,136,136,140],"card_choices":[{"not_picked":["Dual Wield","Perfected Strike"],"picked":"Twin Strike","floor":1.0},{"not_picked":["Evolve","Cleave"],"picked":"Headbutt","floor":6.0},{"not_picked":["Iron Wave","Perfected Strike"],"picked":"Flex","floor":8.0},{"not_picked":["Cleave","Sword Boomerang"],"picked":"Heavy Blade","floor":13.0},{"not_picked":["Heavy Blade","Headbutt"],"picked":"Immolate","floor":14.0},{"not_picked":["Feed","Fiend Fire","Impervious"],"picked":"Singing Bowl","floor":16.0},{"not_picked":["Headbutt","Wild Strike","Thunderclap"],"picked":"Singing Bowl","floor":18.0},{"not_picked":["Clothesline","Cleave+1"],"picked":"Reaper","floor":19.0},{"not_picked":["Power Through+1","Intimidate","Clothesline"],"picked":"Singing Bowl","floor":22.0},{"not_picked":["Burning Pact","Headbutt","True Grit"],"picked":"Singing Bowl","floor":29.0},{"not_picked":["Body Slam","Rage"],"picked":"Feed","floor":31.0},{"not_picked":["Brutality","Feed"],"picked":"Limit Break","floor":33.0},{"not_picked":["Headbutt+1","Pommel Strike"],"picked":"Clothesline+1","floor":35.0},{"not_picked":["Disarm+1","Iron Wave+1","Body Slam+1"],"picked":"Singing Bowl","floor":36.0},{"not_picked":["Evolve","Body Slam"],"picked":"Inflame","floor":36.0},{"not_picked":["Anger+1","Body Slam"],"picked":"Bludgeon","floor":36.0},{"not_picked":["Clash+1","Pommel Strike","Rupture+1"],"picked":"Singing Bowl","floor":36.0},{"not_picked":["Cleave+1","Havoc"],"picked":"Disarm+1","floor":36.0},{"not_picked":["Fire Breathing+1","Burning Pact+1","Shrug It Off+1"],"picked":"Singing Bowl","floor":37.0},{"not_picked":["Twin Strike","Sever Soul+1","Cleave+1"],"picked":"Singing Bowl","floor":38.0},{"not_picked":["Sentinel","Dropkick","Heavy Blade"],"picked":"Singing Bowl","floor":39.0},{"not_picked":["Headbutt+1","Berserk","True Grit"],"picked":"Singing Bowl","floor":42.0},{"not_picked":["Second Wind+1","Wild Strike+1","Heavy Blade"],"picked":"Singing Bowl","floor":44.0},{"not_picked":["Combust+1","Cleave+1","Reckless Charge"],"picked":"Singing Bowl","floor":45.0},{"not_picked":["Sword Boomerang+1","True Grit+1","Shrug It Off+1"],"picked":"Singing Bowl","floor":46.0},{"not_picked":["Shrug It Off","Metallicize","Iron Wave"],"picked":"Singing Bowl","floor":47.0},{"not_picked":["Havoc","Rage+1","Pommel Strike+1"],"picked":"Singing Bowl","floor":48.0}],"player_experience":1560040,"relics_obtained":[{"floor":9.0,"key":"Singing Bowl"},{"floor":26.0,"key":"Dream Catcher"},{"floor":29.0,"key":"Omamori"},{"floor":43.0,"key":"InkBottle"}],"event_choices":[{"damage_healed":0.0,"max_hp_gain":0.0,"max_hp_loss":6.0,"gold_gain":0.0,"event_name":"Golden Idol","player_choice":"Lose Max HP","floor":2.0,"gold_loss":0.0,"damage_taken":0.0,"relics_obtained":["Golden Idol"]},{"damage_healed":0.0,"max_hp_gain":0.0,"max_hp_loss":0.0,"gold_gain":0.0,"event_name":"Shining Light","player_choice":"Entered Light","floor":4.0,"gold_loss":0.0,"damage_taken":15.0,"cards_upgraded":["Defend_R","Defend_R"]},{"cards_removed":["Strike_R"],"damage_healed":0.0,"max_hp_gain":0.0,"max_hp_loss":0.0,"gold_gain":0.0,"event_name":"The Cleric","player_choice":"Card Removal","floor":10.0,"gold_loss":50.0,"damage_taken":0.0},{"damage_healed":0.0,"max_hp_gain":0.0,"max_hp_loss":0.0,"gold_gain":0.0,"event_name":"Scrap Ooze","player_choice":"Success","floor":11.0,"gold_loss":0.0,"damage_taken":3.0,"relics_obtained":["Mummified Hand"]},{"damage_healed":0.0,"max_hp_gain":0.0,"max_hp_loss":0.0,"gold_gain":0.0,"event_name":"Ghosts","player_choice":"Ignored","floor":21.0,"gold_loss":0.0,"damage_taken":0.0},{"damage_healed":0.0,"max_hp_gain":0.0,"max_hp_loss":0.0,"gold_gain":0.0,"event_name":"Back to Basics","player_choice":"Simplicity","floor":24.0,"gold_loss":0.0,"damage_taken":0.0,"cards_upgraded":["Strike_R","Strike_R","Strike_R","Defend_R","Defend_R"]},{"damage_healed":0.0,"max_hp_gain":0.0,"max_hp_loss":0.0,"gold_gain":0.0,"event_name":"The Mausoleum","player_choice":"Opened","floor":28.0,"gold_loss":0.0,"damage_taken":0.0,"relics_obtained":["Lizard Tail"],"cards_obtained":["Writhe"]},{"cards_removed":["Defend_R"],"damage_healed":0.0,"max_hp_gain":0.0,"max_hp_loss":0.0,"gold_gain":0.0,"event_name":"Falling","player_choice":"Removed Skill","floor":41.0,"gold_loss":0.0,"damage_taken":0.0}],"is_beta":true,"boss_relics":[{"not_picked":["Runic Dome","Pandora\u0027s Box"],"picked":"Snecko Eye"},{"not_picked":["Black Blood","Tiny House"],"picked":"Velvet Choker"}],"items_purged_floors":[3,36],"is_endless":false,"potions_floor_spawned":[1,6,13,19,29,31,38,42,46,48],"ascension_level":0}