{"gold_per_floor":[109,109,124,8,22,22,53,53,53,53,86,99,99,115,115,189,189,189],"floor_reached":18,"playtime":871,"items_purged":["Strike_G"],"score":340,"play_id":"446d4f78-9f32-4c65-bfd1-ac5e65def462","local_time":"20190104214447","is_ascension_mode":true,"campfire_choices":[{"floor":10.0,"key":"REST"},{"floor":13,"key":"REST"},{"floor":15,"key":"REST"}],"neow_cost":"NONE","seed_source_timestamp":186710094034170,"circlet_count":0,"master_deck":["AscendersBane","Defend_G","Defend_G","Defend_G","Defend_G","Defend_G","Strike_G","Strike_G","Strike_G","Survivor","Neutralize","Impatience","Cloak And Dagger","Predator","Noxious Fumes","Bouncing Flask","Leg Sweep","Malaise","Acrobatics","Deadly Poison","Glass Knife","Regret","Writhe","Pain"],"special_seed":0,"relics":["Ring of the Snake","Sundial","Tough Bandages","Kunai","Girya","Calling Bell","Oddly Smooth Stone","Pear","Thread and Needle"],"potions_floor_usage":[16],"damage_taken":[{"damage":0.0,"enemies":"2 Louse","floor":1.0,"turns":3.0},{"damage":9.0,"enemies":"Cultist","floor":3.0,"turns":4.0},{"damage":0.0,"enemies":"Small Slimes","floor":5.0,"turns":4.0},{"damage":31.0,"enemies":"3 Sentries","floor":7.0,"turns":6.0},{"damage":37,"enemies":"Lagavulin","floor":11,"turns":8},{"damage":0,"enemies":"Blue Slaver","floor":12,"turns":6},{"damage":0,"enemies":"2 Fungi Beasts","floor":14,"turns":4},{"damage":38,"enemies":"Hexaghost","floor":16,"turns":10},{"damage":2,"enemies":"Spheric Guardian","floor":18,"turns":3}],"seed_played":"5076213076031001774","potions_obtained":[{"floor":1.0,"key":"PowerPotion"},{"floor":11,"key":"SpeedPotion"},{"floor":16,"key":"Fire Potion"}],"is_trial":false,"path_per_floor":["M","?","M","$","M","?","E","?","T","R","E","M","R","M","R","B",null,"M"],"character_chosen":"THE_SILENT","items_purchased":["Noxious Fumes"],"campfire_rested":3,"item_purchase_floors":[4],"current_hp_per_floor":[59,59,50,50,50,50,19,19,19,38,1,1,20,20,39,1,60,58],"gold":189,"neow_bonus":"RANDOM_COLORLESS","is_prod":false,"is_daily":false,"chose_seed":false,"campfire_upgraded":0,"win_rate":0,"timestamp":1546634687,"path_taken":["M","?","M","$","?","?","E","?","T","R","E","M","R","M","R","BOSS","M"],"build_version":"2019-01-03v3","purchased_purges":1,"victory":false,"max_hp_per_floor":[66,66,66,66,66,66,66,66,66,66,66,66,66,66,66,66,76,76],"card_choices":[{"not_picked":["Deflect","Prepared"],"picked":"Cloak And Dagger","floor":1.0},{"not_picked":["Distraction","Slice"],"picked":"Predator","floor":3.0},{"not_picked":["Underhanded Strike","Calculated Gamble"],"picked":"Bouncing Flask","floor":5.0},{"not_picked":["Deadly Poison","Flying Knee"],"picked":"Leg Sweep","floor":7.0},{"not_picked":["Terror","PiercingWail"],"picked":"Malaise","floor":11},{"not_picked":["Prepared","Underhanded Strike"],"picked":"Acrobatics","floor":12},{"not_picked":["Sucker Punch","Flechettes"],"picked":"Deadly Poison","floor":14},{"not_picked":["Phantasmal Killer","Storm of Steel"],"picked":"Glass Knife","floor":16}],"player_experience":576008,"relics_obtained":[{"floor":7.0,"key":"Sundial"},{"floor":9.0,"key":"Kunai"},{"floor":11,"key":"Girya"},{"floor":17,"key":"Oddly Smooth Stone"},{"floor":17,"key":"Pear"},{"floor":17,"key":"Thread and Needle"}],"event_choices":[{"cards_removed":["Strike_G"],"damage_healed":0.0,"max_hp_gain":0.0,"max_hp_loss":0.0,"gold_gain":0.0,"event_name":"Purifier","player_choice":"Purged","floor":2.0,"gold_loss":0.0,"damage_taken":0.0},{"damage_healed":0.0,"max_hp_gain":0.0,"max_hp_loss":0.0,"gold_gain":0.0,"event_name":"Liars Game","player_choice":"Ignored","floor":6.0,"gold_loss":0.0,"damage_taken":0.0},{"damage_healed":0.0,"max_hp_gain":0.0,"max_hp_loss":0.0,"gold_gain":0.0,"event_name":"Dead Adventurer","player_choice":"Searched \u00271\u0027 times","floor":8.0,"gold_loss":0.0,"damage_taken":0.0,"relics_obtained":["Tough Bandages"]}],"is_beta":false,"boss_relics":[{"not_picked":["Sozu","Black Star"],"picked":"Calling Bell"}],"items_purged_floors":[4],"is_endless":false,"potions_floor_spawned":[1,11,16],"killed_by":"Spheric Guardian","ascension_level":20}