{"gold_per_floor":[113,127,127,23,39,39,67,67,67,93,109,109,135,148,148,148],"floor_reached":16,"playtime":458,"items_purged":["Decay"],"score":222,"play_id":"617d2364-8e87-4311-9161-dcaad9c69ebc","local_time":"20190705030724","is_ascension_mode":true,"campfire_choices":[{"data":"Zap","floor":6,"key":"SMITH"},{"data":"Redo","floor":8,"key":"SMITH"},{"data":"Capacitor","floor":12,"key":"SMITH"},{"data":"Loop","floor":15,"key":"SMITH"}],"neow_cost":"NONE","seed_source_timestamp":1479516477519700,"circlet_count":0,"master_deck":["AscendersBane","Strike_B","Strike_B","Strike_B","Strike_B","Defend_B","Defend_B","Defend_B","Defend_B","Zap+1","Dualcast","Cold Snap","Coolheaded","Zap","Redo+1","Stack","FTL","Capacitor+1","Beam Cell","Loop+1","Leap"],"relics":["Cracked Core","NeowsBlessing","Shuriken","Bottled Lightning","Bronze Scales","Gremlin Horn"],"potions_floor_usage":[7,7,10,13],"damage_taken":[{"damage":0,"enemies":"Small Slimes","floor":1,"turns":1},{"damage":0,"enemies":"Cultist","floor":2,"turns":1},{"damage":0,"enemies":"Jaw Worm","floor":5,"turns":1},{"damage":15,"enemies":"3 Sentries","floor":7,"turns":8},{"damage":6,"enemies":"Lagavulin","floor":10,"turns":8},{"damage":0,"enemies":"Exordium Wildlife","floor":11,"turns":2},{"damage":30,"enemies":"Gremlin Nob","floor":13,"turns":4},{"damage":3,"enemies":"Blue Slaver","floor":14,"turns":3},{"damage":36,"enemies":"Slime Boss","floor":16,"turns":3}],"seed_played":"9189103255544327694","potions_obtained":[{"floor":2,"key":"EntropicBrew"},{"floor":7,"key":"Dexterity Potion"},{"floor":11,"key":"FocusPotion"}],"is_trial":false,"path_per_floor":["M","M","?","$","M","R","E","R","T","E","M","R","E","M","R","B"],"character_chosen":"DEFECT","items_purchased":["Redo"],"campfire_rested":0,"item_purchase_floors":[4],"current_hp_per_floor":[64,64,64,64,64,64,49,49,49,43,43,43,13,10,10,0],"gold":148,"neow_bonus":"THREE_ENEMY_KILL","is_prod":false,"is_daily":false,"chose_seed":false,"campfire_upgraded":4,"win_rate":0,"timestamp":1562288844,"path_taken":["M","M","?","$","M","R","E","R","T","E","M","R","E","M","R","BOSS"],"build_version":"2019-07-01","purchased_purges":1,"victory":false,"max_hp_per_floor":[71,71,71,71,71,71,71,71,71,71,71,71,71,71,71,71],"card_choices":[{"not_picked":["Beam Cell","Coolheaded"],"picked":"Cold Snap","floor":1},{"not_picked":["Barrage","Steam Power"],"picked":"Coolheaded","floor":2},{"not_picked":["Blizzard","Streamline"],"picked":"Stack","floor":5},{"not_picked":["Ball Lightning","Blizzard"],"picked":"FTL","floor":7},{"not_picked":["Conserve Battery","Hologram"],"picked":"Capacitor","floor":10},{"not_picked":["Heatsinks","Rebound"],"picked":"Beam Cell","floor":11},{"not_picked":["Ball Lightning","Hologram"],"picked":"Loop","floor":13},{"not_picked":["Reinforced Body","Chill"],"picked":"Leap","floor":14}],"player_experience":1603233,"relics_obtained":[{"floor":7,"key":"Shuriken"},{"floor":9,"key":"Bottled Lightning"},{"floor":10,"key":"Bronze Scales"},{"floor":13,"key":"Gremlin Horn"}],"event_choices":[{"damage_healed":0,"gold_gain":0,"player_choice":"2 cards matched","damage_taken":0,"max_hp_gain":0,"max_hp_loss":0,"event_name":"Match and Keep!","floor":3,"gold_loss":0,"cards_obtained":["Decay","Zap"]}],"is_beta":false,"boss_relics":[],"items_purged_floors":[4],"is_endless":false,"potions_floor_spawned":[2,7,11],"killed_by":"Slime Boss","ascension_level":17}