{"gold_per_floor":[110,125,140,159,42,42,69,69,94,129,140,215,215,34,34,34],"floor_reached":16,"playtime":688,"items_purged":["Strike_R","Strike_R"],"score":270,"play_id":"1a27e0b0-b63c-4987-b417-6fd8bfd35ce9","local_time":"20190707205737","is_ascension_mode":true,"campfire_choices":[{"data":"Fiend Fire","floor":6,"key":"SMITH"},{"data":"Uppercut","floor":8,"key":"SMITH"},{"data":"Dark Embrace","floor":13,"key":"SMITH"},{"data":"Rampage","floor":15,"key":"SMITH"}],"neow_cost":"NONE","seed_source_timestamp":871454352900075,"circlet_count":0,"master_deck":["AscendersBane","Strike_R","Strike_R","Strike_R","Defend_R","Defend_R","Defend_R","Defend_R","Bash","Fiend Fire+1","Pommel Strike","Headbutt","Uppercut+1","Shrug It Off","Feel No Pain","Intimidate","Dark Embrace+1","Rampage+1","Flame Barrier"],"relics":["Burning Blood","PreservedInsect","Bronze Scales","Juzu Bracelet"],"potions_floor_usage":[16],"damage_taken":[{"damage":7,"enemies":"Jaw Worm","floor":1,"turns":3},{"damage":12,"enemies":"2 Louse","floor":2,"turns":3},{"damage":0,"enemies":"Cultist","floor":3,"turns":2},{"damage":11,"enemies":"2 Fungi Beasts","floor":4,"turns":3},{"damage":16,"enemies":"3 Sentries","floor":7,"turns":8},{"damage":0,"enemies":"Lagavulin","floor":10,"turns":4},{"damage":0,"enemies":"Large Slime","floor":11,"turns":4},{"damage":57,"enemies":"The Guardian","floor":16,"turns":12}],"seed_played":"6766959691497868351","potions_obtained":[{"floor":7,"key":"EssenceOfSteel"},{"floor":10,"key":"Dexterity Potion"}],"is_trial":false,"path_per_floor":["M","M","M","M","$","R","E","R","T","E","M","?","R","$","R","B"],"character_chosen":"IRONCLAD","items_purchased":["Feel No Pain","Flame Barrier"],"campfire_rested":0,"item_purchase_floors":[5,14],"current_hp_per_floor":[67,61,67,62,62,62,52,52,52,58,64,53,53,53,53,0],"gold":34,"neow_bonus":"ONE_RANDOM_RARE_CARD","is_prod":false,"is_daily":false,"chose_seed":false,"campfire_upgraded":4,"win_rate":0,"timestamp":1562529457,"path_taken":["M","M","M","M","$","R","E","R","T","E","M","?","R","$","R","BOSS"],"build_version":"2019-07-05","purchased_purges":2,"victory":false,"max_hp_per_floor":[75,75,75,75,75,75,75,75,75,75,75,75,75,75,75,75],"card_choices":[{"not_picked":["Perfected Strike","Body Slam"],"picked":"Pommel Strike","floor":1},{"not_picked":["Dropkick","Searing Blow"],"picked":"Headbutt","floor":2},{"not_picked":["Thunderclap","Sword Boomerang"],"picked":"Uppercut","floor":3},{"not_picked":["Twin Strike","Thunderclap"],"picked":"Shrug It Off","floor":4},{"not_picked":["Pommel Strike","Shrug It Off"],"picked":"Intimidate","floor":7},{"not_picked":["Rupture","Twin Strike"],"picked":"Dark Embrace","floor":10},{"not_picked":["Iron Wave","Corruption"],"picked":"Rampage","floor":11}],"player_experience":1140517,"relics_obtained":[{"floor":7,"key":"PreservedInsect"},{"floor":9,"key":"Bronze Scales"},{"floor":10,"key":"Juzu Bracelet"}],"event_choices":[{"damage_healed":0,"gold_gain":75,"player_choice":"Gather Gold","damage_taken":11,"max_hp_gain":0,"max_hp_loss":0,"event_name":"World of Goop","floor":12,"gold_loss":0}],"is_beta":false,"boss_relics":[],"items_purged_floors":[5,14],"is_endless":false,"potions_floor_spawned":[7,10],"killed_by":"The Guardian","ascension_level":20}