{"gold_per_floor":[116,127,139,155,155,155,155,199,251,251,251,269,7,20,20,20],"floor_reached":16,"playtime":552,"items_purged":["Strike_B"],"score":184,"play_id":"bf18637b-41c8-4561-bbaf-cdac2ffb8c7c","local_time":"20190625211139","is_ascension_mode":true,"campfire_choices":[{"data":"Zap","floor":6,"key":"SMITH"},{"data":"Leap","floor":10,"key":"SMITH"},{"data":"Coolheaded","floor":15,"key":"SMITH"}],"neow_cost":"NONE","seed_source_timestamp":680454048650300,"circlet_count":0,"master_deck":["AscendersBane","Strike_B","Strike_B","Strike_B","Defend_B","Defend_B","Defend_B","Defend_B","Zap+1","Dualcast","Cold Snap","Hologram","Coolheaded+1","Leap+1","Melter","Redo+1","Self Repair","Bandage Up+1","Stack+1","Aggregate+1"],"relics":["Cracked Core","Golden Idol","Toxic Egg 2","Pen Nib"],"potions_floor_usage":[8,8],"damage_taken":[{"damage":1,"enemies":"Small Slimes","floor":1,"turns":4},{"damage":7,"enemies":"Jaw Worm","floor":2,"turns":3},{"damage":0,"enemies":"2 Louse","floor":3,"turns":3},{"damage":0,"enemies":"2 Fungi Beasts","floor":4,"turns":4},{"damage":13,"enemies":"3 Sentries","floor":8,"turns":11},{"damage":23,"enemies":"Lots of Slimes","floor":12,"turns":4},{"damage":13,"enemies":"Exordium Thugs","floor":14,"turns":4},{"damage":43,"enemies":"Slime Boss","floor":16,"turns":7}],"seed_played":"9099527578188835092","potions_obtained":[{"floor":1,"key":"Dexterity Potion"},{"floor":2,"key":"SkillPotion"},{"floor":3,"key":"Energy Potion"}],"is_trial":false,"path_per_floor":["M","M","M","M","?","R","?","E","T","R","?","M","$","M","R","B"],"character_chosen":"DEFECT","items_purchased":["Self Repair","Bandage Up+1","Stack+1"],"campfire_rested":0,"item_purchase_floors":[13,13,13],"current_hp_per_floor":[70,63,63,63,63,63,68,55,55,55,55,32,32,32,32,0],"gold":20,"neow_bonus":"TEN_PERCENT_HP_BONUS","is_prod":false,"is_daily":false,"chose_seed":false,"campfire_upgraded":3,"win_rate":0,"timestamp":1561489899,"path_taken":["M","M","M","M","?","R","?","E","T","R","?","M","$","M","R","BOSS"],"build_version":"2019-01-23","purchased_purges":1,"victory":false,"max_hp_per_floor":[78,78,78,78,78,78,83,83,83,83,83,83,83,83,83,83],"card_choices":[{"not_picked":["Chaos","Static Discharge"],"picked":"Cold Snap","floor":1},{"not_picked":["FTL","Glacier"],"picked":"Hologram","floor":2},{"not_picked":["Hologram","Chill"],"picked":"Coolheaded","floor":3},{"not_picked":["Ball Lightning","Streamline"],"picked":"Leap","floor":4},{"not_picked":["Darkness","Hologram"],"picked":"Melter","floor":8},{"not_picked":["Hyperbeam","Glacier+1"],"picked":"Redo+1","floor":12},{"not_picked":["Go for the Eyes","Stack+1"],"picked":"Aggregate+1","floor":14}],"player_experience":1478349,"relics_obtained":[{"floor":8,"key":"Toxic Egg 2"},{"floor":9,"key":"Pen Nib"}],"event_choices":[{"damage_healed":0,"gold_gain":0,"player_choice":"Take Wound","damage_taken":0,"relics_obtained":["Golden Idol"],"max_hp_gain":0,"max_hp_loss":0,"event_name":"Golden Idol","floor":5,"gold_loss":0,"cards_obtained":["Injury"]},{"damage_healed":0,"gold_gain":0,"player_choice":"Donut","damage_taken":0,"max_hp_gain":5,"max_hp_loss":0,"event_name":"Big Fish","floor":7,"gold_loss":0},{"cards_removed":["Injury"],"damage_healed":0,"gold_gain":0,"player_choice":"Forget","damage_taken":0,"max_hp_gain":0,"max_hp_loss":0,"event_name":"Living Wall","floor":11,"gold_loss":0}],"is_beta":false,"boss_relics":[],"items_purged_floors":[13],"is_endless":false,"potions_floor_spawned":[1,2,3],"killed_by":"Slime Boss","ascension_level":16}