{"gold_per_floor":[115,190,121,145,157,169,195,382,420,445,457,485,497,509,521,632,644,679,691,720,732,744,756,802,849,861,873,899,911,923],"floor_reached":30,"playtime":550,"items_purged":[],"score":236,"play_id":"09203a6f-4c7c-44a2-9d59-da1fe86a2522","local_time":"20181231182831","is_ascension_mode":false,"campfire_choices":[{"data":"Iron Wave","floor":6.0,"key":"SMITH"},{"data":"Iron Wave","floor":11.0,"key":"SMITH"},{"data":"Pummel","floor":13.0,"key":"SMITH"},{"data":"Bash","floor":15.0,"key":"SMITH"},{"data":"Limit Break","floor":23,"key":"SMITH"},{"data":"Thunderclap","floor":27,"key":"SMITH"},{"floor":29,"key":"RECALL"}],"neow_cost":"NONE","seed_source_timestamp":0,"circlet_count":0,"master_deck":["Strike_R+1","Strike_R+1","Strike_R+1","Strike_R+1","Strike_R+1","Defend_R+1","Defend_R+1","Defend_R+1","Defend_R+1","Bash+1","Thunderclap+1","Iron Wave+1","Heavy Blade","Doubt","Iron Wave+1","Pummel+1","Limit Break+1","Pummel","Sword Boomerang","Rampage+1","Shrug It Off+1","Iron Wave+1"],"special_seed":0,"relics":["Coffee Dripper","MawBank","Oddly Smooth Stone","Snecko Eye","MutagenicStrength","Red Mask","Toxic Egg 2","Frozen Egg 2"],"potions_floor_usage":[],"damage_taken":[{"damage":0.0,"enemies":"Small Slimes","floor":1.0,"turns":2.0},{"damage":0.0,"enemies":"Cultist","floor":4.0,"turns":3.0},{"damage":4.0,"enemies":"Jaw Worm","floor":7.0,"turns":2.0},{"damage":10.0,"enemies":"Looter","floor":10.0,"turns":3.0},{"damage":0.0,"enemies":"Large Slime","floor":12.0,"turns":4.0},{"damage":32.0,"enemies":"The Guardian","floor":16.0,"turns":15.0},{"damage":4.0,"enemies":"Chosen","floor":18.0,"turns":4.0},{"damage":4.0,"enemies":"2 Thieves","floor":20.0,"turns":3.0},{"damage":30,"enemies":"Masked Bandits","floor":24,"turns":5},{"damage":22,"enemies":"Book of Stabbing","floor":25,"turns":4},{"damage":0,"enemies":"3 Cultists","floor":28,"turns":4},{"damage":21,"enemies":"Shelled Parasite and Fungi","floor":30,"turns":2}],"seed_played":"578135188637177675","potions_obtained":[{"floor":7.0,"key":"FearPotion"},{"floor":12.0,"key":"SteroidPotion"},{"floor":28,"key":"Fire Potion"}],"is_trial":false,"path_per_floor":["M","?","?","M","$","R","M","?","T","M","R","M","R","$","R","B",null,"M","M","?","M","?","?","R","?","E","T","R","M","R","M"],"character_chosen":"IRONCLAD","items_purchased":[],"campfire_rested":0,"item_purchase_floors":[],"current_hp_per_floor":[80,69,69,69,69,69,65,65,65,55,55,55,55,55,55,23,80,76,61,57,57,57,57,27,5,5,5,5,5,0],"gold":923,"neow_bonus":"BOSS_RELIC","is_prod":false,"is_daily":false,"chose_seed":false,"campfire_upgraded":6,"win_rate":0,"timestamp":1546277311,"path_taken":["M","?","?","M","$","R","?","?","T","M","R","M","R","$","R","BOSS","M","?","M","?","?","R","?","E","T","R","M","R","M"],"build_version":"2018-12-20","purchased_purges":0,"victory":false,"max_hp_per_floor":[80,80,80,80,80,80,80,80,80,80,80,80,80,80,80,80,80,80,85,85,85,85,85,85,85,85,85,85,85,85],"card_choices":[{"not_picked":["Body Slam","Corruption"],"picked":"Thunderclap","floor":1.0},{"not_picked":["Havoc","Wild Strike"],"picked":"Iron Wave","floor":4.0},{"not_picked":["Wild Strike","Headbutt"],"picked":"Heavy Blade","floor":7.0},{"not_picked":["Anger","Shrug It Off"],"picked":"Iron Wave","floor":10.0},{"not_picked":["Corruption","Hemokinesis"],"picked":"Pummel","floor":12.0},{"not_picked":["Exhume","Impervious"],"picked":"Limit Break","floor":16.0},{"not_picked":["Sentinel","Headbutt"],"picked":"Pummel","floor":18.0},{"not_picked":["Clash","Anger"],"picked":"Sword Boomerang","floor":20.0},{"not_picked":["Searing Blow","Clash"],"picked":"Rampage+1","floor":24},{"not_picked":["Intimidate+1","Warcry+1"],"picked":"Shrug It Off","floor":25},{"not_picked":["Flex+1","Uppercut"],"picked":"Iron Wave+1","floor":28}],"player_experience":559841,"relics_obtained":[{"floor":9.0,"key":"Oddly Smooth Stone"},{"floor":24,"key":"Red Mask"},{"floor":25,"key":"Toxic Egg 2"},{"floor":26,"key":"Frozen Egg 2"}],"event_choices":[{"damage_healed":0.0,"max_hp_gain":0.0,"max_hp_loss":0.0,"gold_gain":75.0,"event_name":"World of Goop","player_choice":"Gather Gold","floor":2.0,"gold_loss":0.0,"damage_taken":11.0},{"damage_healed":0.0,"max_hp_gain":0.0,"max_hp_loss":0.0,"gold_gain":0.0,"event_name":"WeMeetAgain","player_choice":"Paid Gold","floor":3.0,"gold_loss":69.0,"damage_taken":0.0,"relics_obtained":["MawBank"]},{"damage_healed":0.0,"max_hp_gain":0.0,"max_hp_loss":0.0,"gold_gain":175.0,"event_name":"Liars Game","player_choice":"AGREE","floor":8.0,"gold_loss":0.0,"damage_taken":0.0,"cards_obtained":["Doubt"]},{"damage_healed":0.0,"max_hp_gain":5.0,"max_hp_loss":0.0,"gold_gain":0.0,"event_name":"Forgotten Altar","player_choice":"Shed Blood","floor":19.0,"gold_loss":0.0,"damage_taken":20.0},{"damage_healed":0.0,"max_hp_gain":0.0,"max_hp_loss":0.0,"gold_gain":0.0,"event_name":"Drug Dealer","player_choice":"Inject Mutagens","floor":21.0,"gold_loss":0.0,"damage_taken":0.0,"relics_obtained":["MutagenicStrength"]},{"damage_healed":0.0,"max_hp_gain":0.0,"max_hp_loss":0.0,"gold_gain":0.0,"event_name":"Back to Basics","player_choice":"Simplicity","floor":22.0,"gold_loss":0.0,"damage_taken":0.0,"cards_upgraded":["Strike_R","Strike_R","Strike_R","Strike_R","Strike_R","Defend_R","Defend_R","Defend_R","Defend_R"]},{"damage_healed":0,"gold_gain":0,"player_choice":"Fought Bandits","damage_taken":0,"max_hp_gain":0,"max_hp_loss":0,"event_name":"Masked Bandits","floor":24,"gold_loss":0}],"is_beta":false,"boss_relics":[{"not_picked":["Runic Pyramid","White Beast Statue"],"picked":"Snecko Eye"}],"items_purged_floors":[],"is_endless":false,"potions_floor_spawned":[7,12,28],"killed_by":"Shelled Parasite and Fungi","ascension_level":0}