{"gold_per_floor":[115,115,127,52,62,73,88,88,115,143,161,261,275,245,245,245],"floor_reached":16,"playtime":330,"items_purged":["Strike_R"],"score":208,"play_id":"12855175-df79-4a09-b42e-371e56a211c1","local_time":"20190518102156","is_ascension_mode":true,"campfire_choices":[{"data":"Searing Blow+1","floor":8.0,"key":"SMITH"},{"data":"Searing Blow+2","floor":15.0,"key":"SMITH"}],"neow_cost":"NONE","seed_source_timestamp":53706609725159,"circlet_count":0,"master_deck":["AscendersBane","Strike_R","Strike_R","Strike_R","Strike_R","Defend_R","Defend_R","Defend_R","Defend_R","Bash","Searing Blow+3"],"special_seed":0,"relics":["Burning Blood","NeowsBlessing","Smiling Mask","Happy Flower"],"potions_floor_usage":[16],"damage_taken":[{"damage":0.0,"enemies":"Small Slimes","floor":1.0,"turns":1.0},{"damage":0.0,"enemies":"Cultist","floor":3.0,"turns":1.0},{"damage":0.0,"enemies":"2 Louse","floor":5.0,"turns":1.0},{"damage":1.0,"enemies":"Lots of Slimes","floor":6.0,"turns":3.0},{"damage":11.0,"enemies":"Looter","floor":7.0,"turns":2.0},{"damage":15.0,"enemies":"3 Sentries","floor":10.0,"turns":7.0},{"damage":32.0,"enemies":"Exordium Thugs","floor":11.0,"turns":4.0},{"damage":5.0,"enemies":"3 Louse","floor":13.0,"turns":3.0},{"damage":45,"enemies":"Hexaghost","floor":16,"turns":7}],"seed_played":"297367844336327187","potions_obtained":[{"floor":1.0,"key":"Explosive Potion"},{"floor":3.0,"key":"Explosive Potion"},{"floor":7.0,"key":"SkillPotion"},{"floor":10.0,"key":"EssenceOfSteel"},{"floor":14.0,"key":"Fruit Juice"},{"floor":14.0,"key":"Poison Potion"}],"is_trial":false,"path_per_floor":["M","?","M","$","M","M","M","R","T","E","M","?","M","?","R","B"],"character_chosen":"IRONCLAD","items_purchased":[],"campfire_rested":0,"item_purchase_floors":[],"current_hp_per_floor":[74,74,75,75,75,75,70,70,70,61,35,35,36,41,41,0],"gold":245,"neow_bonus":"THREE_ENEMY_KILL","is_prod":false,"is_daily":false,"chose_seed":false,"campfire_upgraded":2,"win_rate":0,"timestamp":1558167716,"path_taken":["M","?","?","$","M","M","M","R","T","E","?","?","?","?","R","BOSS"],"build_version":"2019-01-23","purchased_purges":1,"victory":false,"max_hp_per_floor":[75,75,75,75,75,75,75,75,75,75,75,75,75,80,80,80],"card_choices":[{"not_picked":["Perfected Strike","Bloodletting"],"picked":"Searing Blow","floor":1.0},{"not_picked":["Cleave","Heavy Blade","True Grit"],"picked":"SKIP","floor":3.0},{"not_picked":["Clash","Twin Strike","Anger"],"picked":"SKIP","floor":5.0},{"not_picked":["Havoc","Anger","Flex"],"picked":"SKIP","floor":6.0},{"not_picked":["Juggernaut","Seeing Red","Twin Strike"],"picked":"SKIP","floor":7.0},{"not_picked":["Havoc","Anger","Reckless Charge"],"picked":"SKIP","floor":10.0},{"not_picked":["Pommel Strike","Cleave","Flex"],"picked":"SKIP","floor":11.0},{"not_picked":["Carnage","Fiend Fire","True Grit"],"picked":"SKIP","floor":13.0}],"player_experience":790843,"relics_obtained":[{"floor":9.0,"key":"Smiling Mask"},{"floor":10.0,"key":"Happy Flower"}],"event_choices":[{"damage_healed":0.0,"max_hp_gain":0.0,"max_hp_loss":0.0,"gold_gain":0.0,"event_name":"Upgrade Shrine","player_choice":"Upgraded","floor":2.0,"gold_loss":0.0,"damage_taken":0.0,"cards_upgraded":["Searing Blow"]},{"damage_healed":0.0,"max_hp_gain":0.0,"max_hp_loss":0.0,"gold_gain":100.0,"event_name":"Wheel of Change","player_choice":"Gold","floor":12.0,"gold_loss":0.0,"damage_taken":0.0},{"damage_healed":0.0,"max_hp_gain":0.0,"max_hp_loss":0.0,"gold_gain":0.0,"event_name":"The Woman in Blue","player_choice":"Bought 2 Potions","floor":14.0,"gold_loss":0.0,"damage_taken":0.0}],"is_beta":false,"boss_relics":[],"items_purged_floors":[4],"is_endless":false,"potions_floor_spawned":[1,3,7,10],"killed_by":"Hexaghost","ascension_level":20}