{"gold_per_floor":[116,191,209,219,219,219,237,249,275,275,294,294,311,37,37,112,112,127,142,153,168,12,12,12,23,93,112,112],"floor_reached":28,"playtime":1595,"items_purged":["Strike_R","Strike_R"],"score":400,"play_id":"b3ded9b9-dfc3-4351-8c4c-e0df553f1e65","local_time":"20190703204552","is_ascension_mode":true,"campfire_choices":[{"data":"Bash","floor":6.0,"key":"SMITH"},{"data":"Immolate","floor":10,"key":"SMITH"},{"floor":15,"key":"REST"},{"floor":23,"key":"REST"}],"neow_cost":"NONE","seed_source_timestamp":0,"circlet_count":0,"master_deck":["AscendersBane","Strike_R","Strike_R","Strike_R","Defend_R","Defend_R+1","Defend_R+1","Defend_R","Bash+1","Shrug It Off","Pommel Strike","Immolate+1","Ghostly Armor+1","Anger","Limit Break","Apotheosis","Juggernaut","Metallicize","Shrug It Off","Heavy Blade","Iron Wave+1","Flame Barrier","Bludgeon"],"special_seed":0,"relics":["Burning Blood","Red Skull","Bag of Preparation","Lizard Tail","Mummified Hand"],"potions_floor_usage":[13,20,21,25],"damage_taken":[{"damage":13.0,"enemies":"Small Slimes","floor":1.0,"turns":4.0},{"damage":5.0,"enemies":"2 Louse","floor":3.0,"turns":4.0},{"damage":1.0,"enemies":"Cultist","floor":4.0,"turns":3.0},{"damage":14.0,"enemies":"Exordium Wildlife","floor":7.0,"turns":5.0},{"damage":7,"enemies":"Gremlin Gang","floor":8,"turns":3},{"damage":3,"enemies":"Looter","floor":11,"turns":2},{"damage":0,"enemies":"Large Slime","floor":13,"turns":3},{"damage":43,"enemies":"The Guardian","floor":16,"turns":10},{"damage":47,"enemies":"2 Thieves","floor":18,"turns":5},{"damage":7,"enemies":"Chosen","floor":19,"turns":5},{"damage":34,"enemies":"Snake Plant","floor":20,"turns":5},{"damage":19,"enemies":"3 Cultists","floor":21,"turns":4},{"damage":33,"enemies":"Chosen and Byrds","floor":25,"turns":7},{"damage":0,"enemies":"Sentry and Sphere","floor":27,"turns":6},{"damage":21,"enemies":"Snake Plant","floor":28,"turns":2}],"seed_played":"-3469101569277710021","potions_obtained":[{"floor":1.0,"key":"Ancient Potion"},{"floor":3.0,"key":"SneckoOil"},{"floor":8,"key":"Poison Potion"},{"floor":11,"key":"SteroidPotion"},{"floor":19,"key":"SneckoOil"},{"floor":25,"key":"Poison Potion"},{"floor":27,"key":"SteroidPotion"}],"is_trial":false,"path_per_floor":["M","?","M","M","?","R","M","M","T","R","M","?","M","$","R","B",null,"M","M","M","M","$","R","$","M","T","M","M"],"character_chosen":"IRONCLAD","items_purchased":["Apotheosis","Energy Potion"],"campfire_rested":2,"item_purchase_floors":[14,22],"current_hp_per_floor":[61,50,51,56,33,33,25,24,24,24,27,27,33,33,55,18,61,20,19,30,17,17,39,39,12,12,18,0],"gold":112,"neow_bonus":"RANDOM_COMMON_RELIC","is_prod":false,"is_daily":false,"chose_seed":false,"campfire_upgraded":2,"win_rate":0,"timestamp":1562179552,"path_taken":["M","?","M","M","?","R","M","M","T","R","M","?","M","$","R","BOSS","M","M","?","M","$","R","$","M","T","M","M"],"build_version":"2019-07-01","purchased_purges":2,"victory":false,"max_hp_per_floor":[75,75,75,75,75,75,75,75,75,75,75,75,75,75,75,75,75,75,75,75,75,75,75,75,75,75,75,75],"card_choices":[{"not_picked":["Dropkick","Flex"],"picked":"Shrug It Off","floor":1.0},{"not_picked":["Wild Strike","Body Slam"],"picked":"Pommel Strike","floor":3.0},{"not_picked":["Havoc","Dual Wield"],"picked":"Immolate","floor":4.0},{"not_picked":["Sword Boomerang","Wild Strike","Evolve"],"picked":"SKIP","floor":7},{"not_picked":["Shrug It Off","Pommel Strike"],"picked":"Ghostly Armor","floor":8},{"not_picked":["Carnage","Body Slam"],"picked":"Anger","floor":11},{"not_picked":["Flex","Clash"],"picked":"Limit Break","floor":13},{"not_picked":["Fiend Fire","Immolate"],"picked":"Juggernaut","floor":16},{"not_picked":["Rampage","Pommel Strike"],"picked":"Metallicize","floor":18},{"not_picked":["Havoc","Rupture"],"picked":"Shrug It Off","floor":19},{"not_picked":["Thunderclap","Clash"],"picked":"Heavy Blade","floor":20},{"not_picked":["Fire Breathing","Heavy Blade"],"picked":"Iron Wave+1","floor":21},{"not_picked":["Disarm","Clash"],"picked":"Flame Barrier","floor":25},{"not_picked":["Fire Breathing","Sword Boomerang"],"picked":"Bludgeon","floor":27}],"player_experience":1567550,"relics_obtained":[{"floor":9,"key":"Bag of Preparation"},{"floor":26,"key":"Mummified Hand"}],"event_choices":[{"damage_healed":0.0,"max_hp_gain":0.0,"max_hp_loss":0.0,"gold_gain":75.0,"event_name":"World of Goop","player_choice":"Gather Gold","floor":2.0,"gold_loss":0.0,"damage_taken":11.0},{"damage_healed":0.0,"max_hp_gain":0.0,"max_hp_loss":0.0,"gold_gain":0.0,"event_name":"Shining Light","player_choice":"Entered Light","floor":5.0,"gold_loss":0.0,"damage_taken":23.0,"cards_upgraded":["Defend_R","Defend_R"]},{"damage_healed":0,"gold_gain":0,"player_choice":"Forge","damage_taken":0,"max_hp_gain":0,"max_hp_loss":0,"event_name":"Accursed Blacksmith","floor":12,"gold_loss":0,"cards_upgraded":["Ghostly Armor"]}],"is_beta":false,"boss_relics":[{"not_picked":["Ectoplasm","Calling Bell"],"picked":"Lizard Tail"}],"items_purged_floors":[14,22],"is_endless":false,"potions_floor_spawned":[1,3,8,11,19,25,27],"killed_by":"Snake Plant","ascension_level":17}