{"gold_per_floor":[115,115,265,277,74,74,108,108,108,121,155,155,167,167],"floor_reached":14,"playtime":438,"items_purged":["Doubt"],"score":186,"play_id":"85bd19fa-662f-429b-bc9d-6efb083ecc48","local_time":"20190814203538","is_ascension_mode":true,"campfire_choices":[{"floor":6,"key":"REST"},{"floor":8,"key":"REST"},{"floor":12,"key":"REST"}],"neow_cost":"PERCENT_DAMAGE","seed_source_timestamp":56098753816700,"circlet_count":0,"master_deck":["AscendersBane","Strike_R","Strike_R","Strike_R","Strike_R","Strike_R","Defend_R","Defend_R","Defend_R","Defend_R","Bash","Juggernaut","Anger","Shrug It Off","Shockwave","Flex","Warcry","Thunderclap","Pommel Strike","Reaper"],"relics":["Burning Blood","Anchor","Shovel","Juzu Bracelet","Dodecahedron"],"potions_floor_usage":[7,11],"damage_taken":[{"damage":12,"enemies":"2 Louse","floor":1,"turns":4},{"damage":2,"enemies":"Jaw Worm","floor":4,"turns":4},{"damage":51,"enemies":"Lagavulin","floor":7,"turns":9},{"damage":7,"enemies":"Cultist","floor":10,"turns":4},{"damage":27,"enemies":"3 Sentries","floor":11,"turns":8},{"damage":8,"enemies":"Blue Slaver","floor":13,"turns":3},{"damage":52,"enemies":"Gremlin Nob","floor":14,"turns":4}],"seed_played":"7994947868233882995","potions_obtained":[{"floor":4,"key":"Regen Potion"},{"floor":7,"key":"Poison Potion"}],"is_trial":false,"path_per_floor":["M","?","?","M","$","R","E","R","T","M","E","R","M","E"],"character_chosen":"IRONCLAD","items_purchased":["Shockwave","Flex"],"campfire_rested":3,"item_purchase_floors":[5,5],"current_hp_per_floor":[44,26,26,30,30,52,22,44,44,43,22,44,42,0],"gold":167,"neow_bonus":"THREE_RARE_CARDS","is_prod":false,"is_daily":false,"chose_seed":false,"campfire_upgraded":0,"win_rate":0,"timestamp":1565807738,"path_taken":["M","?","?","M","$","R","E","R","T","M","E","R","M","E"],"build_version":"2019-07-17","purchased_purges":1,"victory":false,"max_hp_per_floor":[75,75,75,75,75,75,75,75,75,75,75,75,75,75],"card_choices":[{"not_picked":["Limit Break","Brutality"],"picked":"Juggernaut","floor":0},{"not_picked":["True Grit","Heavy Blade"],"picked":"Anger","floor":1},{"not_picked":["Corruption","Seeing Red"],"picked":"Shrug It Off","floor":4},{"not_picked":["Entrench","Wild Strike"],"picked":"Warcry","floor":7},{"not_picked":["Twin Strike","Cleave"],"picked":"Thunderclap","floor":10},{"not_picked":["Perfected Strike","Entrench"],"picked":"Pommel Strike","floor":11},{"not_picked":["Cleave","Wild Strike"],"picked":"Reaper","floor":13}],"player_experience":1895612,"relics_obtained":[{"floor":7,"key":"Shovel"},{"floor":9,"key":"Juzu Bracelet"},{"floor":11,"key":"Dodecahedron"}],"event_choices":[{"damage_healed":0,"gold_gain":0,"player_choice":"Success","damage_taken":18,"relics_obtained":["Anchor"],"max_hp_gain":0,"max_hp_loss":0,"event_name":"Scrap Ooze","floor":2,"gold_loss":0},{"damage_healed":0,"gold_gain":150,"player_choice":"AGREE","damage_taken":0,"max_hp_gain":0,"max_hp_loss":0,"event_name":"Liars Game","floor":3,"gold_loss":0,"cards_obtained":["Doubt"]}],"is_beta":false,"boss_relics":[],"items_purged_floors":[5],"is_endless":false,"potions_floor_spawned":[4,7],"killed_by":"Gremlin Nob","ascension_level":18}