{"gold_per_floor":[111,66,78,58,7,35,35,35,59,69,69,80,90,108,108,213,213,233,233,15,15,15,15,29,29,29,54,66,66,66,86,86,190,190,204,84,100,117,67,67,67,67,149,163,215,215,116,116,116,116],"floor_reached":51,"playtime":3026,"items_purged":["Strike_B","Writhe","Strike_B","Strike_B"],"score":669,"play_id":"81e7c20e-1fea-4652-9d5d-f478ec37d945","local_time":"20191014200316","is_ascension_mode":true,"campfire_choices":[{"floor":7,"key":"REST"},{"data":"Zap","floor":11,"key":"SMITH"},{"data":"Recycle","floor":15,"key":"SMITH"},{"data":"Hologram","floor":23,"key":"SMITH"},{"data":"Echo Form","floor":29,"key":"SMITH"},{"data":"Echo Form","floor":32,"key":"SMITH"},{"data":"Reboot","floor":40,"key":"SMITH"},{"data":"Loop","floor":42,"key":"SMITH"},{"data":"Zap","floor":49,"key":"SMITH"}],"neow_cost":"PERCENT_DAMAGE","seed_source_timestamp":32747404287600,"circlet_count":0,"master_deck":["Strike_B","Defend_B","Defend_B","Defend_B","Defend_B","Zap+1","Dualcast","Echo Form+1","Steam Power","Coolheaded","Recycle+1","Ball Lightning","Turbo","Undo","BootSequence","Reboot+1","Hologram+1","Electrodynamics","RitualDagger","Echo Form+1","Amplify","Self Repair","Self Repair","Loop+1","Madness","Madness","Undo","Conserve Battery","Zap+1"],"relics":["FrozenCore","Anchor","Lantern","DataDisk","Mummified Hand","Smiling Mask","Bronze Scales","Strawberry","SacredBark","Symbiotic Virus","Calipers"],"potions_floor_usage":[4,16,16,16,33,50,50,50],"damage_taken":[{"damage":0,"enemies":"2 Louse","floor":1,"turns":2},{"damage":3,"enemies":"Cultist","floor":3,"turns":4},{"damage":44,"enemies":"Lagavulin","floor":6,"turns":9},{"damage":0,"enemies":"Small Slimes","floor":10,"turns":2},{"damage":0,"enemies":"Exordium Wildlife","floor":12,"turns":4},{"damage":0,"enemies":"Blue Slaver","floor":13,"turns":3},{"damage":2,"enemies":"Red Slaver","floor":14,"turns":4},{"damage":18,"enemies":"The Guardian","floor":16,"turns":12},{"damage":13,"enemies":"Shell Parasite","floor":18,"turns":12},{"damage":0,"enemies":"Chosen","floor":24,"turns":5},{"damage":5,"enemies":"Gremlin Leader","floor":27,"turns":7},{"damage":8,"enemies":"3 Cultists","floor":28,"turns":4},{"damage":4,"enemies":"Centurion and Healer","floor":31,"turns":7},{"damage":48,"enemies":"Automaton","floor":33,"turns":14},{"damage":28,"enemies":"3 Darklings","floor":35,"turns":5},{"damage":7,"enemies":"3 Shapes","floor":37,"turns":3},{"damage":4,"enemies":"3 Darklings","floor":38,"turns":5},{"damage":2,"enemies":"4 Shapes","floor":44,"turns":4},{"damage":17,"enemies":"2 Orb Walkers","floor":45,"turns":5},{"damage":63,"enemies":"Donu and Deca","floor":50,"turns":10}],"seed_played":"-8107261211306466591","potions_obtained":[{"floor":1,"key":"LiquidBronze"},{"floor":3,"key":"Explosive Potion"},{"floor":4,"key":"Fruit Juice"},{"floor":10,"key":"EssenceOfSteel"},{"floor":14,"key":"LiquidBronze"},{"floor":27,"key":"FocusPotion"},{"floor":33,"key":"SkillPotion"},{"floor":37,"key":"Swift Potion"},{"floor":38,"key":"FearPotion"}],"is_trial":false,"path_per_floor":["M","$","M","?","$","E","R","$","T","M","R","M","M","M","R","B",null,"M","?","$","?","$","R","M","T","T","E","M","R","?","M","R","B",null,"M","$","M","M","$","R","?","R","T","M","?","?","$","?","R","B",null],"character_chosen":"DEFECT","items_purchased":["Coolheaded","Ball Lightning","DataDisk","Self Repair","Conserve Battery"],"campfire_rested":1,"item_purchase_floors":[2,5,20,36,47],"current_hp_per_floor":[54,54,51,56,56,12,36,36,36,36,36,36,36,34,34,16,80,67,61,61,61,61,61,61,61,61,63,55,55,55,51,51,3,87,59,59,73,87,87,87,76,76,76,87,84,84,84,84,84,35],"gold":116,"neow_bonus":"THREE_RARE_CARDS","is_prod":false,"is_daily":false,"chose_seed":false,"campfire_upgraded":8,"win_rate":0,"timestamp":1571050996,"path_taken":["M","$","M","?","?","E","R","$","T","?","R","M","M","M","R","BOSS","M","?","$","?","?","R","M","?","T","E","?","R","?","M","R","BOSS","M","$","M","M","$","R","?","R","T","M","?","?","$","?","R","BOSS"],"build_version":"2019-10-11","purchased_purges":4,"victory":true,"max_hp_per_floor":[75,75,75,80,80,80,80,80,80,80,80,80,80,80,80,80,80,80,80,80,80,80,80,80,80,80,87,87,87,87,87,87,87,87,87,87,87,87,87,87,87,87,87,87,87,87,87,87,87,87],"card_choices":[{"not_picked":["All For One","Biased Cognition"],"picked":"Echo Form","floor":0},{"not_picked":["Aggregate","Force Field"],"picked":"Steam Power","floor":1},{"not_picked":["Steam","Conserve Battery"],"picked":"Recycle","floor":3},{"not_picked":["Go for the Eyes","Doom and Gloom"],"picked":"Turbo","floor":6},{"not_picked":["Conserve Battery","Ball Lightning"],"picked":"Undo","floor":10},{"not_picked":["Redo","Steam Power"],"picked":"BootSequence","floor":12},{"not_picked":["Gash","Double Energy"],"picked":"Reboot","floor":13},{"not_picked":["Scrape","Auto Shields"],"picked":"Hologram","floor":14},{"not_picked":["Hyperbeam","Multi-Cast"],"picked":"Electrodynamics","floor":16},{"not_picked":["Go for the Eyes","Double Energy","Gash"],"picked":"SKIP","floor":18},{"not_picked":["Stack","Consume","Turbo"],"picked":"SKIP","floor":24},{"not_picked":["Compile Driver+1","Steam Power","Storm+1"],"picked":"SKIP","floor":27},{"not_picked":["Hologram","Rip and Tear"],"picked":"Echo Form","floor":28},{"not_picked":["Hologram","Coolheaded","Compile Driver+1"],"picked":"SKIP","floor":31},{"not_picked":["Echo Form","Multi-Cast"],"picked":"Amplify","floor":33},{"not_picked":["Auto Shields+1","Barrage+1"],"picked":"Self Repair","floor":35},{"not_picked":["Scrape+1","Sunder","Hello World+1"],"picked":"SKIP","floor":37},{"not_picked":["Aggregate+1","Leap"],"picked":"Loop","floor":38},{"not_picked":["Hologram+1","Auto Shields","Go for the Eyes+1"],"picked":"SKIP","floor":44},{"not_picked":["Steam","Gash"],"picked":"Undo","floor":45}],"player_experience":146998,"relics_obtained":[{"floor":6,"key":"Anchor"},{"floor":9,"key":"Lantern"},{"floor":25,"key":"Smiling Mask"},{"floor":26,"key":"Bronze Scales"},{"floor":27,"key":"Strawberry"},{"floor":43,"key":"Symbiotic Virus"},{"floor":45,"key":"Calipers"}],"event_choices":[{"damage_healed":0,"gold_gain":0,"player_choice":"Bought 1 Potion","damage_taken":0,"max_hp_gain":0,"max_hp_loss":0,"event_name":"The Woman in Blue","floor":4,"gold_loss":0},{"damage_healed":0,"gold_gain":0,"player_choice":"Joined the Cult","damage_taken":6,"max_hp_gain":0,"max_hp_loss":0,"event_name":"Nest","floor":19,"gold_loss":0,"cards_obtained":["RitualDagger"]},{"damage_healed":0,"gold_gain":0,"player_choice":"Opened","damage_taken":0,"relics_obtained":["Mummified Hand"],"max_hp_gain":0,"max_hp_loss":0,"event_name":"The Mausoleum","floor":21,"gold_loss":0,"cards_obtained":["Writhe"]},{"damage_healed":0,"gold_gain":0,"player_choice":"Ignored","damage_taken":0,"max_hp_gain":0,"max_hp_loss":0,"event_name":"Ghosts","floor":30,"gold_loss":0},{"damage_healed":0,"gold_gain":0,"player_choice":"Embrace Madness","damage_taken":11,"max_hp_gain":0,"max_hp_loss":0,"event_name":"Winding Halls","floor":41,"gold_loss":0,"cards_obtained":["Madness","Madness"]},{"damage_healed":0,"gold_gain":0,"player_choice":"Fight","damage_taken":0,"max_hp_gain":0,"max_hp_loss":0,"event_name":"Mysterious Sphere","floor":45,"gold_loss":0},{"damage_healed":0,"gold_gain":0,"player_choice":"Memory 1","damage_taken":0,"max_hp_gain":0,"max_hp_loss":0,"event_name":"SensoryStone","floor":46,"gold_loss":0},{"damage_healed":0,"gold_gain":0,"player_choice":"1 cards matched","damage_taken":0,"max_hp_gain":0,"max_hp_loss":0,"event_name":"Match and Keep!","floor":48,"gold_loss":0,"cards_obtained":["Zap"]}],"is_beta":true,"boss_relics":[{"not_picked":["Philosopher\u0027s Stone","Empty Cage"],"picked":"FrozenCore"},{"not_picked":["Black Star","Coffee Dripper"],"picked":"SacredBark"}],"items_purged_floors":[20,36,39,47],"is_endless":false,"potions_floor_spawned":[1,3,10,14,27,33,37,38],"ascension_level":1}