{"gold_per_floor":[110,260,260,13,13,52,72,107,107,144,2,22,22,61,61,61],"floor_reached":16,"playtime":456,"items_purged":["Doubt","Injury"],"score":254,"play_id":"d3f3b8dc-d46f-4385-b153-0d98a610ab0b","local_time":"20190616080609","is_ascension_mode":true,"campfire_choices":[{"floor":13,"key":"REST"},{"data":"Neutralize","floor":15,"key":"SMITH"}],"neow_cost":"NONE","seed_source_timestamp":373739119613600,"circlet_count":0,"master_deck":["AscendersBane","Defend_G","Defend_G","Defend_G","Defend_G","Defend_G","Strike_G","Strike_G","Strike_G","Strike_G","Survivor","Neutralize+1","All Out Attack","Flechettes","Backstab","Leg Sweep","Backflip+1","Backflip+1","Escape Plan+1","Slice","Dodge and Roll+1","Catalyst+1"],"relics":["Ring of the Snake","NeowsBlessing","Golden Idol","Toxic Egg 2","Calipers","MawBank","Odd Mushroom","Bag of Preparation"],"potions_floor_usage":[16],"damage_taken":[{"damage":0,"enemies":"2 Louse","floor":1,"turns":1},{"damage":0,"enemies":"Lagavulin","floor":6,"turns":1},{"damage":0,"enemies":"Small Slimes","floor":7,"turns":1},{"damage":32,"enemies":"Gremlin Nob","floor":8,"turns":4},{"damage":11,"enemies":"The Mushroom Lair","floor":10,"turns":5},{"damage":0,"enemies":"Jaw Worm","floor":12,"turns":2},{"damage":2,"enemies":"3 Sentries","floor":14,"turns":8},{"damage":48,"enemies":"Slime Boss","floor":16,"turns":11}],"seed_played":"6376191294213979433","potions_obtained":[{"floor":6,"key":"Ancient Potion"},{"floor":12,"key":"Swift Potion"}],"is_trial":false,"path_per_floor":["M","?","?","$","?","E","M","E","T","?","$","M","R","E","R","B"],"character_chosen":"THE_SILENT","items_purchased":["Flechettes","Backstab","Energy Potion"],"campfire_rested":1,"item_purchase_floors":[4,4,11],"current_hp_per_floor":[59,59,59,59,59,59,59,27,27,16,16,16,35,33,33,0],"gold":61,"neow_bonus":"THREE_ENEMY_KILL","is_prod":false,"is_daily":false,"chose_seed":false,"campfire_upgraded":1,"win_rate":0,"timestamp":1560665169,"path_taken":["M","?","?","?","?","E","?","E","T","?","?","M","R","E","R","BOSS"],"build_version":"2019-01-23","purchased_purges":2,"victory":false,"max_hp_per_floor":[66,66,66,66,66,66,66,66,66,66,66,66,66,66,66,66],"card_choices":[{"not_picked":["Blade Dance","Underhanded Strike"],"picked":"All Out Attack","floor":1},{"not_picked":["Dagger Spray","Endless Agony"],"picked":"Backflip","floor":6},{"not_picked":["Cloak And Dagger+1","Prepared+1"],"picked":"Backflip+1","floor":7},{"not_picked":["Infinite Blades","Dagger Throw"],"picked":"Escape Plan+1","floor":8},{"not_picked":["Bane","All Out Attack"],"picked":"Slice","floor":10},{"not_picked":["Leg Sweep+1","Outmaneuver+1"],"picked":"Dodge and Roll+1","floor":12},{"not_picked":["Leg Sweep+1","Bane"],"picked":"Catalyst+1","floor":14}],"player_experience":1371774,"relics_obtained":[{"floor":6,"key":"Toxic Egg 2"},{"floor":8,"key":"Calipers"},{"floor":9,"key":"MawBank"},{"floor":10,"key":"Odd Mushroom"},{"floor":14,"key":"Bag of Preparation"}],"event_choices":[{"damage_healed":0,"gold_gain":150,"player_choice":"AGREE","damage_taken":0,"max_hp_gain":0,"max_hp_loss":0,"event_name":"Liars Game","floor":2,"gold_loss":0,"cards_obtained":["Doubt"]},{"damage_healed":0,"gold_gain":0,"player_choice":"Take Wound","damage_taken":0,"relics_obtained":["Golden Idol"],"max_hp_gain":0,"max_hp_loss":0,"event_name":"Golden Idol","floor":3,"gold_loss":0,"cards_obtained":["Injury"]},{"damage_healed":0,"gold_gain":0,"cards_transformed":["Strike_G"],"player_choice":"Change","damage_taken":0,"max_hp_gain":0,"max_hp_loss":0,"event_name":"Living Wall","floor":5,"gold_loss":0,"cards_obtained":["Leg Sweep"]},{"damage_healed":0,"gold_gain":0,"player_choice":"Fought Mushrooms","damage_taken":0,"max_hp_gain":0,"max_hp_loss":0,"event_name":"Mushrooms","floor":10,"gold_loss":0}],"is_beta":false,"boss_relics":[],"items_purged_floors":[4,11],"is_endless":false,"potions_floor_spawned":[6,12,14],"killed_by":"Slime Boss","ascension_level":16}