{"gold_per_floor":[118,118,136,136,149,149,183,106,106,106,124,124,144,144,144,238,238,253,274,8,23,23],"floor_reached":22,"playtime":1045,"items_purged":[],"score":353,"play_id":"9fbd4805-c3c7-4fff-a41e-2d3a3d2113ce","local_time":"20181105202242","is_ascension_mode":true,"campfire_choices":[{"floor":6.0,"key":"REST"},{"data":"Noxious Fumes","floor":10.0,"key":"SMITH"},{"floor":12.0,"key":"REST"},{"data":"Adrenaline","floor":15.0,"key":"SMITH"}],"neow_cost":"NONE","seed_source_timestamp":0,"circlet_count":0,"master_deck":["AscendersBane","Survivor","Neutralize","Catalyst","Noxious Fumes+1","Catalyst","Deadly Poison","Acrobatics","Poisoned Stab","Dagger Spray","Reflex","Finisher","Poisoned Stab","Tactician","Outmaneuver","Adrenaline+1","Caltrops","Dash","Acrobatics","Corpse Explosion","Bouncing Flask","Cloak And Dagger"],"special_seed":0,"relics":["Pandora\u0027s Box","Snake Skull","Ornamental Fan","Golden Idol","Eternal Feather","Sundial"],"potions_floor_usage":[18,22],"damage_taken":[{"damage":0.0,"enemies":"Small Slimes","floor":1.0,"turns":2.0},{"damage":4.0,"enemies":"Cultist","floor":3.0,"turns":3.0},{"damage":0.0,"enemies":"2 Louse","floor":5.0,"turns":3.0},{"damage":32.0,"enemies":"3 Sentries","floor":7.0,"turns":6.0},{"damage":17.0,"enemies":"Exordium Wildlife","floor":11.0,"turns":3.0},{"damage":0.0,"enemies":"Exordium Thugs","floor":13.0,"turns":3.0},{"damage":9,"enemies":"The Guardian","floor":16,"turns":6},{"damage":0,"enemies":"3 Byrds","floor":18,"turns":2},{"damage":11,"enemies":"Spheric Guardian","floor":19,"turns":3},{"damage":0,"enemies":"Cultist and Chosen","floor":21,"turns":3},{"damage":41,"enemies":"Shelled Parasite and Fungi","floor":22,"turns":3}],"seed_played":"5682902935038113687","potions_obtained":[{"floor":3.0,"key":"SkillPotion"},{"floor":7.0,"key":"Weak Potion"},{"floor":11.0,"key":"SkillPotion"},{"floor":18,"key":"SpeedPotion"}],"is_trial":false,"path_per_floor":["M","?","M","?","M","R","E","$","T","R","M","R","M","?","R","B",null,"M","M","$","M","M"],"character_chosen":"THE_SILENT","items_purchased":["Caltrops","Sundial"],"campfire_rested":2,"item_purchase_floors":[8,20],"current_hp_per_floor":[59,50,46,39,39,58,26,26,26,26,9,28,28,28,28,19,50,50,39,39,39,0],"gold":23,"neow_bonus":"BOSS_RELIC","is_prod":false,"is_daily":false,"chose_seed":false,"campfire_upgraded":2,"win_rate":0,"timestamp":1541445762,"path_taken":["M","?","?","?","M","R","E","?","T","R","M","R","?","?","R","BOSS","M","M","$","M","M"],"build_version":"2018-11-01","purchased_purges":0,"victory":false,"max_hp_per_floor":[66,66,66,66,66,66,66,66,66,66,66,66,66,60,60,60,60,60,60,60,60,60],"card_choices":[{"not_picked":["Acrobatics","Blade Dance"],"picked":"Poisoned Stab","floor":1.0},{"not_picked":["Prepared","Acrobatics"],"picked":"Tactician","floor":3.0},{"not_picked":["Blade Dance","Endless Agony"],"picked":"Outmaneuver","floor":5.0},{"not_picked":["Bane","Blade Dance"],"picked":"Adrenaline","floor":7.0},{"not_picked":["Backstab","Bouncing Flask"],"picked":"Dash","floor":11.0},{"not_picked":["PiercingWail","Reflex"],"picked":"Acrobatics","floor":13.0},{"not_picked":["Unload","Wraith Form v2"],"picked":"Corpse Explosion","floor":16},{"not_picked":["Underhanded Strike","Finisher"],"picked":"Bouncing Flask","floor":18},{"not_picked":["Dagger Throw","Finisher","Bane"],"picked":"SKIP","floor":19},{"not_picked":["Dodge and Roll","Deadly Poison"],"picked":"Cloak And Dagger","floor":21}],"player_experience":481275,"relics_obtained":[{"floor":7.0,"key":"Snake Skull"},{"floor":9.0,"key":"Ornamental Fan"}],"event_choices":[{"damage_healed":0.0,"max_hp_gain":0.0,"max_hp_loss":0.0,"gold_gain":0.0,"event_name":"Wheel of Change","player_choice":"Damaged","floor":2.0,"gold_loss":0.0,"damage_taken":9.0},{"cards_removed":["Prepared"],"damage_healed":0.0,"max_hp_gain":0.0,"max_hp_loss":0.0,"gold_gain":0.0,"event_name":"Golden Wing","player_choice":"Card Removal","floor":4.0,"gold_loss":0.0,"damage_taken":7.0},{"damage_healed":0.0,"max_hp_gain":0.0,"max_hp_loss":6.0,"gold_gain":0.0,"event_name":"Golden Idol","player_choice":"Lose Max HP","floor":14.0,"gold_loss":0.0,"damage_taken":0.0,"relics_obtained":["Golden Idol"]}],"is_beta":false,"boss_relics":[{"not_picked":["Empty Cage","Runic Dome"],"picked":"Eternal Feather"}],"items_purged_floors":[],"is_endless":false,"potions_floor_spawned":[3,7,11,18],"killed_by":"Shelled Parasite and Fungi","ascension_level":18}