{"gold_per_floor":[117,117,117,135,210,235,235,235,235,235,266,286,286,316,316,392,392,406,406,419,419],"floor_reached":21,"playtime":654,"items_purged":[],"score":407,"play_id":"2b4e9df2-a333-4d6e-b770-dc763dc0355b","local_time":"20190623162518","is_ascension_mode":true,"campfire_choices":[{"data":"Fire Breathing","floor":8,"key":"SMITH"},{"data":"Anger","floor":10,"key":"SMITH"},{"data":"True Grit","floor":13,"key":"SMITH"},{"floor":15,"key":"REST"}],"neow_cost":"NONE","seed_source_timestamp":490365377802400,"circlet_count":0,"master_deck":["AscendersBane","Strike_R","Strike_R","Strike_R","Defend_R+1","Defend_R","Defend_R","Defend_R","Bash+1","Fire Breathing+1","Anger+1","Anger","Iron Wave","True Grit+1","Heavy Blade","Limit Break","Anger","Cleave","Armaments"],"relics":["Burning Blood","NeowsBlessing","Regal Pillow","Ornamental Fan","Sundial","FossilizedHelix","Busted Crown"],"potions_floor_usage":[11,11,16,21],"damage_taken":[{"damage":0,"enemies":"2 Louse","floor":1,"turns":1},{"damage":0,"enemies":"Jaw Worm","floor":4,"turns":1},{"damage":0,"enemies":"3 Sentries","floor":6,"turns":2},{"damage":28,"enemies":"Gremlin Nob","floor":11,"turns":4},{"damage":1,"enemies":"Cultist","floor":12,"turns":3},{"damage":15,"enemies":"Lagavulin","floor":14,"turns":6},{"damage":45,"enemies":"The Guardian","floor":16,"turns":11},{"damage":20,"enemies":"3 Byrds","floor":18,"turns":6},{"damage":39,"enemies":"Chosen","floor":20,"turns":6},{"damage":27,"enemies":"Snecko","floor":21,"turns":5}],"seed_played":"4989026872287296393","potions_obtained":[{"floor":1,"key":"BloodPotion"},{"floor":6,"key":"BloodPotion"},{"floor":11,"key":"Block Potion"},{"floor":14,"key":"Energy Potion"}],"is_trial":false,"path_per_floor":["M","$","?","M","?","E","?","R","T","R","E","M","R","E","R","B",null,"M","?","M","M"],"character_chosen":"IRONCLAD","items_purchased":[],"campfire_rested":1,"item_purchase_floors":[],"current_hp_per_floor":[74,74,51,57,46,52,45,45,45,45,37,42,42,33,70,31,64,50,50,17,0],"gold":419,"neow_bonus":"THREE_ENEMY_KILL","is_prod":false,"is_daily":false,"chose_seed":false,"campfire_upgraded":3,"win_rate":0,"timestamp":1561299918,"path_taken":["M","$","?","M","?","E","?","R","T","R","E","M","R","E","R","BOSS","M","?","M","?"],"build_version":"2019-01-23","purchased_purges":0,"victory":false,"max_hp_per_floor":[75,75,75,75,75,75,75,75,75,75,75,75,75,75,75,75,75,75,75,75,75],"card_choices":[{"not_picked":["Infernal Blade","Body Slam"],"picked":"Fire Breathing","floor":1},{"not_picked":["Shrug It Off","Thunderclap"],"picked":"Anger","floor":4},{"not_picked":["Flex","Heavy Blade"],"picked":"Anger","floor":6},{"not_picked":["Flex","Berserk"],"picked":"Iron Wave","floor":11},{"not_picked":["Havoc","Flex"],"picked":"True Grit","floor":12},{"not_picked":["Havoc","Iron Wave"],"picked":"Heavy Blade","floor":14},{"not_picked":["Exhume","Reaper"],"picked":"Limit Break","floor":16},{"not_picked":[],"picked":"Anger","floor":18},{"not_picked":[],"picked":"Armaments","floor":20}],"player_experience":1461055,"relics_obtained":[{"floor":6,"key":"Regal Pillow"},{"floor":9,"key":"Ornamental Fan"},{"floor":11,"key":"Sundial"},{"floor":14,"key":"FossilizedHelix"}],"event_choices":[{"damage_healed":0,"gold_gain":0,"player_choice":"Entered Light","damage_taken":23,"max_hp_gain":0,"max_hp_loss":0,"event_name":"Shining Light","floor":3,"gold_loss":0,"cards_upgraded":["Bash","Defend_R"]},{"damage_healed":0,"gold_gain":75,"player_choice":"Gather Gold","damage_taken":11,"max_hp_gain":0,"max_hp_loss":0,"event_name":"World of Goop","floor":5,"gold_loss":0},{"cards_removed":["Strike_R"],"damage_healed":0,"gold_gain":0,"player_choice":"Card Removal","damage_taken":7,"max_hp_gain":0,"max_hp_loss":0,"event_name":"Golden Wing","floor":7,"gold_loss":0},{"damage_healed":0,"gold_gain":0,"cards_transformed":["Strike_R"],"player_choice":"Transformed","damage_taken":0,"max_hp_gain":0,"max_hp_loss":0,"event_name":"Transmorgrifier","floor":19,"gold_loss":0,"cards_obtained":["Cleave"]}],"is_beta":false,"boss_relics":[{"not_picked":["Eternal Feather","Sozu"],"picked":"Busted Crown"}],"items_purged_floors":[],"is_endless":false,"potions_floor_spawned":[1,6,11,14],"killed_by":"Snecko","ascension_level":17}