{"gold_per_floor":[211,227,15,15,15,15,45,45,45,58,58,69,69,96,96,96],"floor_reached":16,"playtime":459,"items_purged":[],"score":194,"play_id":"6b4534d6-120b-44de-af95-0f3bfb27d403","local_time":"20190608214742","is_ascension_mode":true,"campfire_choices":[{"data":"Neutralize","floor":6,"key":"SMITH"},{"data":"Crippling Poison","floor":8,"key":"SMITH"},{"data":"Bouncing Flask","floor":13,"key":"SMITH"},{"data":"Blur","floor":15,"key":"SMITH"}],"neow_cost":"NONE","seed_source_timestamp":148286385107900,"circlet_count":0,"master_deck":["AscendersBane","Defend_G","Defend_G","Defend_G","Defend_G+1","Defend_G","Strike_G","Strike_G","Strike_G","Strike_G","Survivor","Neutralize+1","Poisoned Stab+1","Crippling Poison+1","Bouncing Flask+1","Blur+1","Flying Knee","Heel Hook","Backstab","Burst+1"],"relics":["Ring of the Snake","Vajra","Ice Cream","Oddly Smooth Stone","Toxic Egg 2"],"potions_floor_usage":[7,7,16],"damage_taken":[{"damage":0,"enemies":"Cultist","floor":1,"turns":5},{"damage":2,"enemies":"Jaw Worm","floor":2,"turns":3},{"damage":9,"enemies":"Gremlin Nob","floor":7,"turns":4},{"damage":0,"enemies":"2 Louse","floor":10,"turns":2},{"damage":0,"enemies":"Looter","floor":12,"turns":3},{"damage":10,"enemies":"3 Sentries","floor":14,"turns":7},{"damage":22,"enemies":"Slime Boss","floor":16,"turns":7}],"seed_played":"3336403232431382543","potions_obtained":[{"floor":1,"key":"Strength Potion"},{"floor":2,"key":"AttackPotion"},{"floor":10,"key":"SteroidPotion"}],"is_trial":false,"path_per_floor":["M","M","$","?","?","R","E","R","T","M","?","M","R","E","R","B"],"character_chosen":"THE_SILENT","items_purchased":["Vajra","Bouncing Flask"],"campfire_rested":0,"item_purchase_floors":[3,3],"current_hp_per_floor":[59,57,57,62,62,62,53,53,53,53,32,32,32,22,22,0],"gold":96,"neow_bonus":"HUNDRED_GOLD","is_prod":false,"is_daily":false,"chose_seed":false,"campfire_upgraded":4,"win_rate":0,"timestamp":1560023262,"path_taken":["M","M","$","?","?","R","E","R","T","M","?","M","R","E","R","BOSS"],"build_version":"2019-01-23","purchased_purges":0,"victory":false,"max_hp_per_floor":[66,66,66,71,71,71,71,71,71,71,71,71,71,71,71,71],"card_choices":[{"not_picked":["Accuracy","Bane"],"picked":"Poisoned Stab","floor":1},{"not_picked":["Dagger Spray","Expertise"],"picked":"Crippling Poison","floor":2},{"not_picked":["Slice","Bouncing Flask"],"picked":"Flying Knee","floor":7},{"not_picked":["Distraction","Quick Slash"],"picked":"Heel Hook","floor":10},{"not_picked":["Riddle With Holes","Blur"],"picked":"Backstab","floor":12},{"not_picked":["Caltrops","Flying Knee"],"picked":"Burst","floor":14}],"player_experience":1238357,"relics_obtained":[{"floor":7,"key":"Ice Cream"},{"floor":9,"key":"Oddly Smooth Stone"},{"floor":14,"key":"Toxic Egg 2"}],"event_choices":[{"damage_healed":0,"gold_gain":0,"player_choice":"Donut","damage_taken":0,"max_hp_gain":5,"max_hp_loss":0,"event_name":"Big Fish","floor":4,"gold_loss":0},{"damage_healed":0,"gold_gain":0,"cards_transformed":["Strike_G"],"player_choice":"Change","damage_taken":0,"max_hp_gain":0,"max_hp_loss":0,"event_name":"Living Wall","floor":5,"gold_loss":0,"cards_obtained":["Blur"]},{"damage_healed":0,"gold_gain":0,"player_choice":"Entered Light","damage_taken":21,"max_hp_gain":0,"max_hp_loss":0,"event_name":"Shining Light","floor":11,"gold_loss":0,"cards_upgraded":["Defend_G","Poisoned Stab"]}],"is_beta":false,"boss_relics":[],"items_purged_floors":[],"is_endless":false,"potions_floor_spawned":[1,2,10],"killed_by":"Slime Boss","ascension_level":16}