{"gold_per_floor":[119,119,119,133,133,166,184,198,221,249,268,138,158,185,185,185],"floor_reached":16,"playtime":494,"items_purged":["Strike_R"],"score":279,"play_id":"e736cda9-86f3-4b89-a7d4-4823d5cfd49a","local_time":"20190807174012","is_ascension_mode":true,"campfire_choices":[{"data":"Bludgeon","floor":15,"key":"SMITH"}],"neow_cost":"NONE","seed_source_timestamp":434677924033600,"circlet_count":0,"master_deck":["AscendersBane","Strike_R","Strike_R","Strike_R","Defend_R","Defend_R","Defend_R","Defend_R","Bash","Feel No Pain","Anger","True Grit","Pommel Strike","Bludgeon+1","Headbutt","Blood for Blood"],"relics":["Burning Blood","NeowsBlessing","Regal Pillow","Omamori","Strawberry","Blood Vial"],"potions_floor_usage":[7,10,10,16,16],"damage_taken":[{"damage":0,"enemies":"Small Slimes","floor":1,"turns":1},{"damage":0,"enemies":"Cultist","floor":4,"turns":1},{"damage":0,"enemies":"Gremlin Nob","floor":6,"turns":1},{"damage":3,"enemies":"2 Louse","floor":7,"turns":3},{"damage":18,"enemies":"Red Slaver","floor":8,"turns":4},{"damage":20,"enemies":"Lagavulin","floor":10,"turns":6},{"damage":9,"enemies":"Blue Slaver","floor":11,"turns":4},{"damage":21,"enemies":"3 Louse","floor":13,"turns":4},{"damage":10,"enemies":"3 Sentries","floor":14,"turns":9},{"damage":40,"enemies":"The Guardian","floor":16,"turns":5}],"seed_played":"6468481992576879307","potions_obtained":[{"floor":1,"key":"Block Potion"},{"floor":5,"key":"Poison Potion"},{"floor":8,"key":"PowerPotion"},{"floor":14,"key":"SpeedPotion"}],"is_trial":false,"path_per_floor":["M","$","?","M","?","E","M","M","T","E","M","$","M","E","R","B"],"character_chosen":"IRONCLAD","items_purchased":["PowerPotion"],"campfire_rested":0,"item_purchase_floors":[12],"current_hp_per_floor":[74,74,67,73,73,75,75,63,63,56,53,53,38,34,34,0],"gold":185,"neow_bonus":"THREE_ENEMY_KILL","is_prod":false,"is_daily":false,"chose_seed":false,"campfire_upgraded":1,"win_rate":0,"timestamp":1565192412,"path_taken":["M","$","?","M","?","E","M","M","T","E","M","$","?","E","R","BOSS"],"build_version":"2019-07-17","purchased_purges":1,"victory":false,"max_hp_per_floor":[75,75,75,75,75,75,75,75,75,82,82,82,82,82,82,82],"card_choices":[{"not_picked":["Disarm","Cleave"],"picked":"Feel No Pain","floor":1},{"not_picked":["Entrench","Warcry","Sword Boomerang"],"picked":"SKIP","floor":4},{"not_picked":["Evolve","Warcry"],"picked":"Anger","floor":6},{"not_picked":["Sword Boomerang","Cleave"],"picked":"True Grit","floor":7},{"not_picked":["Perfected Strike","Intimidate"],"picked":"Pommel Strike","floor":8},{"not_picked":["Warcry","Infernal Blade"],"picked":"Bludgeon","floor":10},{"not_picked":["Iron Wave","Pommel Strike"],"picked":"Headbutt","floor":11},{"not_picked":["Intimidate","Twin Strike","Perfected Strike"],"picked":"SKIP","floor":13},{"not_picked":["Pommel Strike","Perfected Strike"],"picked":"Blood for Blood","floor":14}],"player_experience":1796961,"relics_obtained":[{"floor":6,"key":"Regal Pillow"},{"floor":9,"key":"Omamori"},{"floor":10,"key":"Strawberry"},{"floor":14,"key":"Blood Vial"}],"event_choices":[{"cards_removed":["Strike_R"],"damage_healed":0,"gold_gain":0,"player_choice":"Card Removal","damage_taken":7,"max_hp_gain":0,"max_hp_loss":0,"event_name":"Golden Wing","floor":3,"gold_loss":0},{"damage_healed":0,"gold_gain":0,"player_choice":"Got Potions","damage_taken":0,"max_hp_gain":0,"max_hp_loss":0,"event_name":"Lab","floor":5,"gold_loss":0}],"is_beta":false,"boss_relics":[],"items_purged_floors":[12],"is_endless":false,"potions_floor_spawned":[1,6,8,14],"killed_by":"The Guardian","ascension_level":18}