{"gold_per_floor":[117,137,212,212,231,231,293,293,319,46,46,64,64,76,76,149,149,164,180,200,7,7,7,17,27,53,72,72,84,103,116,116,188,188,199,199,212,28,28,28,59,59,109,119,119,129,147,160,160,160],"floor_reached":50,"playtime":3435,"items_purged":[],"score":1110,"play_id":"5ff2d0fc-6bf7-4944-8c6b-38b0a83df94d","local_time":"20181023223926","is_ascension_mode":true,"campfire_choices":[{"data":"Sunder","floor":6.0,"key":"SMITH"},{"floor":11.0,"key":"REST"},{"floor":15.0,"key":"REST"},{"floor":23.0,"key":"REST"},{"floor":32.0,"key":"REST"},{"data":"Fission","floor":40.0,"key":"SMITH"},{"data":"Seek","floor":42.0,"key":"SMITH"},{"floor":49.0,"key":"REST"}],"neow_cost":"NONE","seed_source_timestamp":0,"circlet_count":0,"master_deck":["AscendersBane","Static Discharge","Consume+1","Sunder+1","Stack+1","Steam","Rip and Tear","Reprogram","Hologram","FTL","Ball Lightning","White Noise","Loop","Seek","Seek+1","Parasite","Regret","Parasite","Melter+1","Storm+1","Conserve Battery","Mayhem","Ball Lightning+1","BootSequence","Defragment","Go for the Eyes+1","Storm","Storm","Storm","Coolheaded","Creative AI","Fission+1","Electrodynamics+1","Stack+1","Madness","Madness","Turbo+1","Coolheaded","Cold Snap+1","Defragment+1","Cold Snap+1","Steam+1","Capacitor+1","Steam","Hologram"],"special_seed":0,"relics":["Pandora\u0027s Box","Tiny Chest","Smiling Mask","Meat on the Bone","Question Card","Calling Bell","Molten Egg 2","Dream Catcher","Bird Faced Urn","Bronze Scales","Astrolabe","Strawberry","Girya","Vajra","Omamori"],"potions_floor_usage":[50],"damage_taken":[{"damage":0.0,"enemies":"Cultist","floor":1.0,"turns":3.0},{"damage":13.0,"enemies":"Small Slimes","floor":2.0,"turns":3.0},{"damage":5.0,"enemies":"Jaw Worm","floor":5.0,"turns":3.0},{"damage":9.0,"enemies":"3 Sentries","floor":7.0,"turns":3.0},{"damage":8.0,"enemies":"Blue Slaver","floor":12.0,"turns":3.0},{"damage":7.0,"enemies":"3 Louse","floor":14.0,"turns":2.0},{"damage":0.0,"enemies":"Slime Boss","floor":16.0,"turns":7.0},{"damage":33.0,"enemies":"Shell Parasite","floor":18.0,"turns":5.0},{"damage":8.0,"enemies":"Spheric Guardian","floor":19.0,"turns":3.0},{"damage":11.0,"enemies":"Chosen and Byrds","floor":20.0,"turns":3.0},{"damage":40.0,"enemies":"Shelled Parasite and Fungi","floor":24.0,"turns":4.0},{"damage":35.0,"enemies":"Centurion and Healer","floor":25.0,"turns":4.0},{"damage":29.0,"enemies":"Snake Plant","floor":27.0,"turns":4.0},{"damage":20.0,"enemies":"Cultist and Chosen","floor":29.0,"turns":4.0},{"damage":29.0,"enemies":"Centurion and Healer","floor":30.0,"turns":5.0},{"damage":14.0,"enemies":"Shelled Parasite and Fungi","floor":31.0,"turns":4.0},{"damage":34.0,"enemies":"Champ","floor":33.0,"turns":7.0},{"damage":3.0,"enemies":"3 Shapes","floor":35.0,"turns":4.0},{"damage":13.0,"enemies":"Orb Walker","floor":37.0,"turns":3.0},{"damage":12.0,"enemies":"Mind Bloom Boss Battle","floor":39.0,"turns":6.0},{"damage":17.0,"enemies":"Nemesis","floor":41.0,"turns":5.0},{"damage":39.0,"enemies":"Spire Growth","floor":44.0,"turns":4.0},{"damage":16.0,"enemies":"Transient","floor":46.0,"turns":6.0},{"damage":59.0,"enemies":"Jaw Worm Horde","floor":47.0,"turns":4.0},{"damage":32.0,"enemies":"Writhing Mass","floor":48.0,"turns":4.0},{"damage":85,"enemies":"Awakened One","floor":50,"turns":3}],"seed_played":"1472120598688784920","potions_obtained":[{"floor":1.0,"key":"Poison Potion"},{"floor":5.0,"key":"Explosive Potion"},{"floor":7.0,"key":"Explosive Potion"},{"floor":14.0,"key":"LiquidBronze"},{"floor":20.0,"key":"SpeedPotion"},{"floor":27.0,"key":"Ancient Potion"},{"floor":33.0,"key":"SteroidPotion"},{"floor":46.0,"key":"Strength Potion"},{"floor":47.0,"key":"Regen Potion"},{"floor":48.0,"key":"Fire Potion"}],"is_trial":false,"path_per_floor":["M","M","?","?","M","R","E","?","T","$","R","M","T","M","R","B",null,"M","M","M","$","?","R","M","M","T","M","?","M","M","M","R","B",null,"M","?","M","$","?","R","E","R","T","M","?","M","M","M","R"],"character_chosen":"DEFECT","items_purchased":["Meat on the Bone","Mayhem","Coolheaded","Strawberry"],"campfire_rested":5,"item_purchase_floors":[10,21,38,38],"current_hp_per_floor":[64,51,40,45,40,40,31,8,8,8,30,34,34,39,61,61,72,45,41,50,50,50,72,40,27,27,20,35,39,38,44,66,60,72,76,62,57,64,68,68,69,69,69,48,48,66,31,37,61,0],"gold":160,"neow_bonus":"BOSS_RELIC","is_prod":false,"is_daily":false,"chose_seed":false,"campfire_upgraded":3,"win_rate":0,"timestamp":1540327166,"path_taken":["M","?","?","?","M","R","E","?","T","?","R","M","?","M","R","BOSS","M","M","M","?","?","R","M","M","T","M","?","M","?","M","R","BOSS","M","?","M","$","?","R","E","R","T","M","?","M","M","M","R","BOSS"],"build_version":"2018-10-18","purchased_purges":0,"victory":false,"max_hp_per_floor":[71,71,71,76,76,76,76,76,76,76,76,76,76,76,76,76,76,76,76,76,76,76,76,76,76,76,76,76,76,76,76,76,76,76,76,76,76,83,83,83,83,83,83,83,83,83,83,83,83,83],"card_choices":[{"not_picked":["Steam","Sweeping Beam"],"picked":"Hologram","floor":1.0},{"not_picked":["Beam Cell","Steam"],"picked":"FTL","floor":2.0},{"not_picked":["Barrage","Leap"],"picked":"Ball Lightning","floor":5.0},{"not_picked":["Rebound","Streamline"],"picked":"White Noise","floor":7.0},{"not_picked":["Sweeping Beam","Barrage"],"picked":"Loop","floor":12.0},{"not_picked":["Stack","Redo","Compile Driver"],"picked":"Seek","floor":14.0},{"not_picked":["Buffer","Thunder Strike","Amplify"],"picked":"Seek","floor":16.0},{"not_picked":["Streamline+1","Ball Lightning+1","Rebound+1"],"picked":"Melter+1","floor":18.0},{"not_picked":["Hologram","Barrage+1","Skim"],"picked":"Storm+1","floor":19.0},{"not_picked":["Reinforced Body","Beam Cell+1","Core Surge+1"],"picked":"Conserve Battery","floor":20.0},{"not_picked":["Ball Lightning+1","Recycle","Chaos"],"picked":"BootSequence","floor":23.0},{"not_picked":["Coolheaded","White Noise","Turbo"],"picked":"Defragment","floor":24.0},{"not_picked":["Stack","Darkness","Sunder+1"],"picked":"Go for the Eyes+1","floor":25.0},{"not_picked":["Go for the Eyes+1","Static Discharge","Turbo"],"picked":"Storm","floor":27.0},{"not_picked":["Loop","Stack+1","Skim"],"picked":"Storm","floor":29.0},{"not_picked":["Streamline+1","Stack+1","Scrape+1"],"picked":"Storm","floor":30.0},{"not_picked":["FTL+1","Defragment","Sweeping Beam+1"],"picked":"Coolheaded","floor":31.0},{"not_picked":["Defragment+1","Glacier","Chaos"],"picked":"Creative AI","floor":32.0},{"not_picked":["Meteor Strike+1","Core Surge+1","Thunder Strike+1"],"picked":"Fission","floor":33.0},{"not_picked":["Barrage+1","Sweeping Beam+1","Compile Driver+1","Genetic Algorithm"],"picked":"SKIP","floor":35.0},{"not_picked":["Gash+1","Beam Cell+1","Barrage+1"],"picked":"Turbo+1","floor":37.0},{"not_picked":["Hologram","Coolheaded","Steam"],"picked":"Cold Snap+1","floor":39.0},{"not_picked":["Stack","Fission","Skim"],"picked":"Defragment+1","floor":41.0},{"not_picked":["Tempest","Leap","Streamline+1"],"picked":"Cold Snap+1","floor":44.0},{"not_picked":["Gash+1","All For One+1","Reprogram"],"picked":"Steam+1","floor":46.0},{"not_picked":["Skim","Hologram","Barrage+1"],"picked":"Capacitor+1","floor":47.0},{"not_picked":["Reprogram","Gash+1","Stack"],"picked":"Steam","floor":48.0},{"not_picked":["Turbo","Rebound+1","Compile Driver+1"],"picked":"Hologram","floor":49.0}],"player_experience":454997,"relics_obtained":[{"floor":7.0,"key":"Tiny Chest"},{"floor":9.0,"key":"Smiling Mask"},{"floor":13.0,"key":"Question Card"},{"floor":17.0,"key":"Molten Egg 2"},{"floor":17.0,"key":"Dream Catcher"},{"floor":17.0,"key":"Bird Faced Urn"},{"floor":26.0,"key":"Bronze Scales"},{"floor":39.0,"key":"Girya"},{"floor":41.0,"key":"Vajra"},{"floor":43.0,"key":"Omamori"}],"event_choices":[{"damage_healed":0.0,"max_hp_gain":0.0,"max_hp_loss":0.0,"gold_gain":75.0,"event_name":"World of Goop","player_choice":"Gather Gold","floor":3.0,"gold_loss":0.0,"damage_taken":11.0},{"damage_healed":0.0,"max_hp_gain":5.0,"max_hp_loss":0.0,"gold_gain":0.0,"event_name":"Big Fish","player_choice":"Donut","floor":4.0,"gold_loss":0.0,"damage_taken":0.0},{"damage_healed":0.0,"max_hp_gain":0.0,"max_hp_loss":0.0,"gold_gain":0.0,"event_name":"Shining Light","player_choice":"Entered Light","floor":8.0,"gold_loss":0.0,"damage_taken":23.0,"cards_upgraded":["Consume","Stack"]},{"damage_healed":0.0,"max_hp_gain":0.0,"max_hp_loss":0.0,"gold_gain":0.0,"event_name":"Match and Keep!","player_choice":"1 cards matched","floor":22.0,"gold_loss":0.0,"damage_taken":0.0,"cards_obtained":["Ball Lightning"]},{"damage_healed":15.0,"max_hp_gain":0.0,"max_hp_loss":0.0,"gold_gain":0.0,"event_name":"The Library","player_choice":"Heal","floor":28.0,"gold_loss":0.0,"damage_taken":0.0},{"damage_healed":0.0,"max_hp_gain":0.0,"max_hp_loss":0.0,"gold_gain":0.0,"event_name":"Winding Halls","player_choice":"Embrace Madness","floor":36.0,"gold_loss":0.0,"damage_taken":14.0,"cards_obtained":["Madness","Madness"]},{"damage_healed":0.0,"max_hp_gain":0.0,"max_hp_loss":0.0,"gold_gain":0.0,"event_name":"MindBloom","player_choice":"Fight","floor":39.0,"gold_loss":0.0,"damage_taken":0.0},{"cards_removed":["Cold Snap"],"damage_healed":0.0,"max_hp_gain":0.0,"max_hp_loss":0.0,"gold_gain":0.0,"event_name":"Falling","player_choice":"Removed Attack","floor":45.0,"gold_loss":0.0,"damage_taken":0.0}],"is_beta":false,"boss_relics":[{"not_picked":["Velvet Choker","Sozu"],"picked":"Calling Bell"},{"not_picked":["Runic Dome","Fusion Hammer"],"picked":"Astrolabe"}],"items_purged_floors":[],"is_endless":false,"potions_floor_spawned":[1,5,7,14,20,27,30,31,33,35,37,46,47,48],"killed_by":"Awakened One","ascension_level":20}