{"gold_per_floor":[119,119,139,152,77,77,96,96,396,408,441,441,441,388,388,489,489,489,489,318,101,101,101],"floor_reached":23,"playtime":899,"items_purged":["Decay","Strike_G"],"score":299,"play_id":"c2f18616-d398-4f71-a4e2-f3697a1db903","local_time":"20181028120857","is_ascension_mode":true,"campfire_choices":[{"data":"Neutralize","floor":6,"key":"SMITH"},{"data":"Poisoned Stab","floor":8,"key":"SMITH"},{"floor":13,"key":"REST"},{"data":"Caltrops","floor":15,"key":"SMITH"}],"neow_cost":"NONE","seed_source_timestamp":12275529747949,"circlet_count":0,"master_deck":["Defend_G","Defend_G","Defend_G","Defend_G","Defend_G","Strike_G","Strike_G","Strike_G","Strike_G","Survivor","Neutralize+1","AscendersBane","Deflect","All Out Attack","Poisoned Stab+1","Deadly Poison","Caltrops+1","Night Terror","Glass Knife","Backflip","RitualDagger","Footwork","Corpse Explosion","Poisoned Stab"],"relics":["Ring of the Snake","Old Coin","Pocketwatch","Dream Catcher","Ectoplasm","Bag of Marbles","Unceasing Top","Letter Opener"],"potions_floor_usage":[22,22,23],"damage_taken":[{"damage":4,"enemies":"Jaw Worm","floor":1,"turns":5},{"damage":3,"enemies":"Cultist","floor":3,"turns":5},{"damage":0,"enemies":"2 Louse","floor":4,"turns":3},{"damage":1,"enemies":"2 Fungi Beasts","floor":7,"turns":4},{"damage":6,"enemies":"Lots of Slimes","floor":10,"turns":2},{"damage":18,"enemies":"3 Sentries","floor":11,"turns":7},{"damage":24,"enemies":"The Guardian","floor":16,"turns":9},{"damage":18,"enemies":"Spheric Guardian","floor":18,"turns":5},{"damage":0,"enemies":"Colosseum Slavers","floor":22,"turns":1},{"damage":17,"enemies":"Colosseum Nobs","floor":22,"turns":3},{"damage":26,"enemies":"Slavers","floor":23,"turns":1}],"seed_played":"-7293221568747420896","potions_obtained":[{"floor":1,"key":"SpeedPotion"},{"floor":7,"key":"SkillPotion"},{"floor":22,"key":"Swift Potion"}],"is_trial":false,"path_per_floor":["M","?","M","M","$","R","M","R","T","M","E","?","R","?","R","B",null,"M","?","$","$","?"],"character_chosen":"THE_SILENT","items_purchased":["Footwork","Corpse Explosion","Bag of Marbles"],"campfire_rested":1,"item_purchase_floors":[20,21,21],"current_hp_per_floor":[66,66,63,63,63,63,62,62,62,56,38,38,61,61,61,37,67,49,43,43,43,26,0],"gold":101,"neow_bonus":"TEN_PERCENT_HP_BONUS","is_prod":false,"is_daily":false,"chose_seed":false,"campfire_upgraded":3,"win_rate":0,"timestamp":1540728537,"path_taken":["M","?","M","M","$","R","?","R","T","M","E","?","R","?","R","BOSS","M","?","?","$","?","E"],"build_version":"2018-10-25v2","purchased_purges":2,"victory":false,"max_hp_per_floor":[77,77,77,77,77,77,77,77,77,77,77,77,77,77,77,77,77,77,77,77,77,77,77],"card_choices":[{"not_picked":["Eviscerate","Outmaneuver"],"picked":"Deflect","floor":1},{"not_picked":["Calculated Gamble","Endless Agony"],"picked":"All Out Attack","floor":3},{"not_picked":["Skewer","Slice"],"picked":"Poisoned Stab","floor":4},{"not_picked":["Sucker Punch","Terror"],"picked":"Deadly Poison","floor":7},{"not_picked":["Underhanded Strike","Setup"],"picked":"Caltrops","floor":10},{"not_picked":["Expertise","Acrobatics"],"picked":"Night Terror","floor":11},{"not_picked":["Burst","After Image"],"picked":"Glass Knife","floor":16},{"not_picked":["Flying Knee","Terror+1"],"picked":"Backflip","floor":18},{"not_picked":["Blade Dance","Flying Knee"],"picked":"Poisoned Stab","floor":22}],"player_experience":932598,"relics_obtained":[{"floor":9,"key":"Old Coin"},{"floor":11,"key":"Pocketwatch"},{"floor":22,"key":"Unceasing Top"},{"floor":22,"key":"Letter Opener"}],"event_choices":[{"damage_healed":0,"gold_gain":0,"player_choice":"Cursed","damage_taken":0,"max_hp_gain":0,"max_hp_loss":0,"event_name":"Wheel of Change","floor":2,"gold_loss":0,"cards_obtained":["Decay"]},{"damage_healed":0,"gold_gain":0,"player_choice":"Searched \u00270\u0027 times","damage_taken":0,"max_hp_gain":0,"max_hp_loss":0,"event_name":"Dead Adventurer","floor":12,"gold_loss":0},{"damage_healed":0,"gold_gain":0,"player_choice":"Paid Gold","damage_taken":0,"relics_obtained":["Dream Catcher"],"max_hp_gain":0,"max_hp_loss":0,"event_name":"WeMeetAgain","floor":14,"gold_loss":53},{"damage_healed":0,"gold_gain":0,"player_choice":"Joined the Cult","damage_taken":6,"max_hp_gain":0,"max_hp_loss":0,"event_name":"Nest","floor":19,"gold_loss":0,"cards_obtained":["RitualDagger"]},{"damage_healed":0,"gold_gain":0,"player_choice":"Fight","damage_taken":0,"max_hp_gain":0,"max_hp_loss":0,"event_name":"Colosseum","floor":22,"gold_loss":0},{"damage_healed":0,"gold_gain":0,"player_choice":"Fought Nobs","damage_taken":0,"max_hp_gain":0,"max_hp_loss":0,"event_name":"Colosseum","floor":22,"gold_loss":0}],"is_beta":false,"boss_relics":[{"not_picked":["Coffee Dripper","Lizard Tail"],"picked":"Ectoplasm"}],"items_purged_floors":[5,20],"is_endless":false,"potions_floor_spawned":[1,7,10,16,22,22],"killed_by":"Slavers","ascension_level":12}