{"gold_per_floor":[110,110,128,128,144,144,144,155,155,95,115,129,143,169,169,245,245,245,245,245,245,245,245,245,245,245,160,160,160,160,160,160,160],"floor_reached":33,"playtime":1342,"items_purged":["Strike_R"],"score":511,"play_id":"e3340957-29b3-4f74-aa9f-8cd80f631072","local_time":"20181202120627","is_ascension_mode":true,"campfire_choices":[{"data":"True Grit","floor":6.0,"key":"SMITH"},{"data":"Uppercut","floor":15.0,"key":"SMITH"},{"floor":23,"key":"REST"},{"data":"RitualDagger","floor":25,"key":"SMITH"},{"floor":28,"key":"REST"},{"data":"Uppercut","floor":32,"key":"SMITH"}],"neow_cost":"NONE","seed_source_timestamp":0,"circlet_count":0,"master_deck":["AscendersBane","Strike_R+1","Strike_R+1","Strike_R+1","Defend_R+1","Defend_R+1","Defend_R+1","Defend_R+1","Bash","Cleave","True Grit+1","Shrug It Off","Uppercut+1","Uppercut+1","Battle Trance","Shrug It Off","Limit Break","Carnage","RitualDagger+1","Writhe","Inflame","Twin Strike","Feel No Pain"],"special_seed":0,"relics":["Burning Blood","NeowsBlessing","GremlinMask","The Courier","Mango","Ectoplasm","Prayer Wheel","Pear"],"potions_floor_usage":[29,31,33],"damage_taken":[{"damage":0.0,"enemies":"2 Louse","floor":1.0,"turns":1.0},{"damage":0.0,"enemies":"Cultist","floor":3.0,"turns":1.0},{"damage":0.0,"enemies":"Jaw Worm","floor":5.0,"turns":1.0},{"damage":17.0,"enemies":"Exordium Wildlife","floor":8.0,"turns":5.0},{"damage":3.0,"enemies":"Blue Slaver","floor":11.0,"turns":6.0},{"damage":12.0,"enemies":"2 Fungi Beasts","floor":12.0,"turns":3.0},{"damage":0.0,"enemies":"3 Louse","floor":13.0,"turns":4.0},{"damage":30.0,"enemies":"Lagavulin","floor":14.0,"turns":7.0},{"damage":62.0,"enemies":"The Guardian","floor":16.0,"turns":17.0},{"damage":24,"enemies":"Chosen","floor":18,"turns":8},{"damage":19,"enemies":"Shell Parasite","floor":19,"turns":7},{"damage":23,"enemies":"Centurion and Healer","floor":29,"turns":8},{"damage":12,"enemies":"Snake Plant","floor":30,"turns":4},{"damage":0,"enemies":"Snecko","floor":31,"turns":3},{"damage":69,"enemies":"Automaton","floor":33,"turns":8}],"seed_played":"2305938783929682216","potions_obtained":[{"floor":3.0,"key":"FearPotion"},{"floor":5.0,"key":"Regen Potion"},{"floor":14.0,"key":"Fire Potion"},{"floor":19,"key":"Poison Potion"},{"floor":29,"key":"SpeedPotion"},{"floor":30,"key":"Explosive Potion"}],"is_trial":false,"path_per_floor":["M","?","M","?","M","R","$","M","T","$","M","M","M","E","R","B",null,"M","M","?","?","?","R","?","R","T","?","R","M","M","M","R","B"],"character_chosen":"IRONCLAD","items_purchased":[],"campfire_rested":2,"item_purchase_floors":[],"current_hp_per_floor":[74,67,73,73,75,75,75,64,64,64,67,61,67,69,69,13,70,52,39,13,7,7,35,35,35,35,45,76,59,53,59,59,0],"gold":160,"neow_bonus":"THREE_ENEMY_KILL","is_prod":false,"is_daily":false,"chose_seed":false,"campfire_upgraded":4,"win_rate":0,"timestamp":1543752387,"path_taken":["M","?","M","?","?","R","$","M","T","?","M","?","M","E","R","BOSS","M","M","?","?","?","R","?","R","T","?","R","M","M","M","R","BOSS"],"build_version":"2018-11-15","purchased_purges":1,"victory":false,"max_hp_per_floor":[75,75,75,75,75,75,75,75,75,75,75,75,75,89,89,89,89,89,89,94,94,94,94,94,94,94,104,104,104,104,104,104,104],"card_choices":[{"not_picked":["Fire Breathing","Flame Barrier"],"picked":"Cleave","floor":1.0},{"not_picked":["Clash","Rage","Entrench"],"picked":"SKIP","floor":3.0},{"not_picked":["Seeing Red","Blood for Blood"],"picked":"True Grit","floor":5.0},{"not_picked":["Sword Boomerang","Wild Strike"],"picked":"Shrug It Off","floor":8.0},{"not_picked":["Sever Soul","Sentinel"],"picked":"Uppercut","floor":11.0},{"not_picked":["Headbutt","Clash"],"picked":"Uppercut","floor":12.0},{"not_picked":["Juggernaut","Flex"],"picked":"Battle Trance","floor":13.0},{"not_picked":["Searing Blow","Uppercut"],"picked":"Shrug It Off","floor":14.0},{"not_picked":["Double Tap","Exhume"],"picked":"Limit Break","floor":16.0},{"not_picked":["Combust","Fire Breathing","Shockwave"],"picked":"SKIP","floor":18},{"not_picked":["Heavy Blade","Anger"],"picked":"Carnage","floor":19},{"not_picked":["Armaments+1","Sever Soul","Seeing Red"],"picked":"SKIP","floor":29},{"not_picked":["Seeing Red","Flex+1","Heavy Blade"],"picked":"SKIP","floor":29},{"not_picked":["Thunderclap+1","Twin Strike"],"picked":"Inflame","floor":30},{"not_picked":["Sword Boomerang","Flex"],"picked":"Twin Strike","floor":30},{"not_picked":["Headbutt","Fire Breathing"],"picked":"Feel No Pain","floor":31},{"not_picked":["Warcry","Rampage","Uppercut"],"picked":"SKIP","floor":31}],"player_experience":999020,"relics_obtained":[{"floor":9.0,"key":"The Courier"},{"floor":14.0,"key":"Mango"}],"event_choices":[{"cards_removed":["Strike_R"],"damage_healed":0.0,"max_hp_gain":0.0,"max_hp_loss":0.0,"gold_gain":0.0,"event_name":"Golden Wing","player_choice":"Card Removal","floor":2.0,"gold_loss":0.0,"damage_taken":7.0},{"damage_healed":0.0,"max_hp_gain":0.0,"max_hp_loss":0.0,"gold_gain":0.0,"event_name":"FaceTrader","player_choice":"Trade","floor":4.0,"gold_loss":0.0,"damage_taken":0.0,"relics_obtained":["GremlinMask"]},{"damage_healed":0,"gold_gain":0,"player_choice":"Shed Blood","damage_taken":31,"max_hp_gain":5,"max_hp_loss":0,"event_name":"Forgotten Altar","floor":20,"gold_loss":0},{"damage_healed":0,"gold_gain":0,"player_choice":"Joined the Cult","damage_taken":6,"max_hp_gain":0,"max_hp_loss":0,"event_name":"Nest","floor":21,"gold_loss":0,"cards_obtained":["RitualDagger"]},{"damage_healed":0,"gold_gain":0,"player_choice":"Simplicity","damage_taken":0,"max_hp_gain":0,"max_hp_loss":0,"event_name":"Back to Basics","floor":22,"gold_loss":0,"cards_upgraded":["Strike_R","Strike_R","Strike_R","Defend_R","Defend_R","Defend_R","Defend_R"]},{"damage_healed":0,"gold_gain":0,"player_choice":"Opened","damage_taken":0,"relics_obtained":["Prayer Wheel"],"max_hp_gain":0,"max_hp_loss":0,"event_name":"The Mausoleum","floor":24,"gold_loss":0,"cards_obtained":["Writhe"]},{"damage_healed":0,"gold_gain":0,"player_choice":"Obtained Relic","damage_taken":0,"relics_obtained":["Pear"],"max_hp_gain":0,"max_hp_loss":0,"event_name":"Addict","floor":27,"gold_loss":85}],"is_beta":false,"boss_relics":[{"not_picked":["Pandora\u0027s Box","Orrery"],"picked":"Ectoplasm"}],"items_purged_floors":[10],"is_endless":false,"potions_floor_spawned":[3,5,11,14,19,29,30],"killed_by":"Automaton","ascension_level":19}