{"gold_per_floor":[17,33,49,62,75,102,102,102,126,91,116,149,149,167,167,266,266,266,266,266,14,14,14,14,14,14,14,14,14,14,14,14,14],"floor_reached":33,"playtime":1597,"items_purged":["Strike_R"],"score":506,"play_id":"085f5234-d3b0-4c3c-a98f-ccc35c881251","local_time":"20180922015416","is_ascension_mode":true,"campfire_choices":[{"data":"Whirlwind","floor":7,"key":"SMITH"},{"data":"Disarm","floor":13,"key":"SMITH"},{"data":"True Grit","floor":15,"key":"SMITH"},{"data":"Limit Break","floor":23,"key":"SMITH"},{"data":"Fiend Fire","floor":30,"key":"SMITH"},{"data":"Shockwave","floor":32,"key":"SMITH"}],"neow_cost":"NO_GOLD","seed_source_timestamp":19416685203932,"circlet_count":0,"master_deck":["Strike_R","Strike_R","Strike_R","Strike_R","Defend_R","Defend_R","Defend_R","Defend_R","Bash","AscendersBane","Clothesline","Iron Wave","Battle Trance","Headbutt","Disarm+1","Whirlwind+1","True Grit+1","Limit Break+1","Pommel Strike","Sword Boomerang+1","Combust","Infernal Blade","Fiend Fire+1","Cleave","Shockwave+1"],"relics":["Burning Blood","Mango","Red Skull","Golden Idol","Bag of Preparation","Anchor","Ectoplasm","Pen Nib","PreservedInsect","Art of War"],"potions_floor_usage":[6,16,18,18,24,27],"damage_taken":[{"damage":6,"enemies":"Cultist","floor":1,"turns":4},{"damage":10,"enemies":"Jaw Worm","floor":2,"turns":4},{"damage":0,"enemies":"Small Slimes","floor":3,"turns":3},{"damage":21,"enemies":"Blue Slaver","floor":4,"turns":5},{"damage":7,"enemies":"2 Fungi Beasts","floor":5,"turns":3},{"damage":24,"enemies":"Gremlin Nob","floor":6,"turns":4},{"damage":0,"enemies":"Exordium Thugs","floor":11,"turns":2},{"damage":28,"enemies":"Lagavulin","floor":12,"turns":8},{"damage":2,"enemies":"Blue Slaver","floor":14,"turns":3},{"damage":14,"enemies":"Hexaghost","floor":16,"turns":11},{"damage":4,"enemies":"Chosen","floor":18,"turns":6},{"damage":0,"enemies":"3 Byrds","floor":19,"turns":4},{"damage":48,"enemies":"Sentry and Sphere","floor":20,"turns":6},{"damage":38,"enemies":"Slavers","floor":24,"turns":4},{"damage":0,"enemies":"Colosseum Slavers","floor":27,"turns":2},{"damage":5,"enemies":"Snake Plant","floor":28,"turns":3},{"damage":0,"enemies":"3 Cultists","floor":29,"turns":2},{"damage":0,"enemies":"Cultist and Chosen","floor":31,"turns":3},{"damage":47,"enemies":"Collector","floor":33,"turns":3}],"seed_played":"1796581801253427229","potions_obtained":[{"floor":3,"key":"Strength Potion"},{"floor":4,"key":"SpeedPotion"},{"floor":5,"key":"Poison Potion"},{"floor":14,"key":"FearPotion"},{"floor":16,"key":"BloodPotion"},{"floor":19,"key":"SteroidPotion"},{"floor":24,"key":"Regen Potion"}],"is_trial":false,"path_per_floor":["M","M","M","M","M","E","R","?","T","?","M","E","R","M","R","B",null,"M","M","M","$","?","R","E","$","T","?","M","M","R","M","R"],"character_chosen":"IRONCLAD","items_purchased":["Pen Nib"],"campfire_rested":0,"item_purchase_floors":[21],"current_hp_per_floor":[82,78,84,69,68,50,50,19,19,41,47,25,25,29,29,21,72,82,88,46,46,46,46,14,14,14,25,26,32,32,38,38,0],"gold":14,"neow_bonus":"ONE_RARE_RELIC","is_prod":false,"is_daily":false,"chose_seed":false,"campfire_upgraded":6,"win_rate":0,"timestamp":1537577656,"path_taken":["M","M","M","M","?","E","R","?","T","?","M","E","R","M","R","BOSS","M","M","M","$","?","R","E","$","T","?","M","M","R","M","R","BOSS"],"build_version":"2018-09-20","purchased_purges":1,"victory":false,"max_hp_per_floor":[89,89,89,89,89,89,89,89,89,89,89,89,89,89,89,89,89,89,89,89,89,89,89,89,89,89,89,89,89,89,89,89,89],"card_choices":[{"not_picked":["Corruption","Thunderclap"],"picked":"Clothesline","floor":1},{"not_picked":["Sentinel","Second Wind"],"picked":"Iron Wave","floor":2},{"not_picked":["Iron Wave","Blood for Blood"],"picked":"Battle Trance","floor":3},{"not_picked":["Blood for Blood","Warcry"],"picked":"Headbutt","floor":4},{"not_picked":["Headbutt","Warcry"],"picked":"Disarm","floor":5},{"not_picked":["Demon Form","Brutality"],"picked":"Whirlwind","floor":6},{"not_picked":["Headbutt","Sword Boomerang"],"picked":"True Grit","floor":11},{"not_picked":["Clothesline","Perfected Strike","Rampage"],"picked":"SKIP","floor":12},{"not_picked":["Body Slam","Warcry","Sever Soul"],"picked":"SKIP","floor":14},{"not_picked":["Juggernaut","Offering"],"picked":"Limit Break","floor":16},{"not_picked":["Sentinel","Clash"],"picked":"Pommel Strike","floor":18},{"not_picked":["Sentinel+1","Entrench"],"picked":"Sword Boomerang+1","floor":19},{"not_picked":["Headbutt","Pummel"],"picked":"Combust","floor":20},{"not_picked":["Wild Strike+1","True Grit"],"picked":"Fiend Fire","floor":24},{"not_picked":["Sentinel","Iron Wave","Reckless Charge"],"picked":"SKIP","floor":28},{"not_picked":["Burning Pact","Sword Boomerang","Cleave"],"picked":"SKIP","floor":29},{"not_picked":["Burning Pact","Sword Boomerang"],"picked":"Cleave","floor":29},{"not_picked":["Heavy Blade","Clash"],"picked":"Shockwave","floor":31}],"player_experience":757873,"relics_obtained":[{"floor":6,"key":"Red Skull"},{"floor":9,"key":"Bag of Preparation"},{"floor":12,"key":"Anchor"},{"floor":24,"key":"PreservedInsect"},{"floor":26,"key":"Art of War"}],"event_choices":[{"event_name":"Golden Idol","player_choice":"Take Damage","floor":8,"damage_taken":0},{"event_name":"The Cleric","player_choice":"Healed","floor":10,"damage_taken":0},{"event_name":"The Library","player_choice":"Read","floor":22,"damage_taken":0},{"event_name":"Colosseum","player_choice":"Fight","floor":27,"damage_taken":0},{"event_name":"Colosseum","player_choice":"Fled From Nobs","floor":27,"damage_taken":0}],"is_beta":false,"boss_relics":[{"not_picked":["Empty Cage","White Beast Statue"],"picked":"Ectoplasm"}],"items_purged_floors":[21],"is_endless":false,"potions_floor_spawned":[3,4,5,14,16,19,24,27],"killed_by":"Collector","ascension_level":16}