{"gold_per_floor":[118,118,129,79,95,130,150,76,76,76,111,128,100,115,115,115],"floor_reached":16,"playtime":1032,"items_purged":[],"score":114,"play_id":"1521898c-dd66-4c9f-83d9-947656f5ac71","local_time":"20190610171904","is_ascension_mode":false,"campfire_choices":[{"floor":10,"key":"REST"},{"floor":15,"key":"REST"}],"neow_cost":"NONE","seed_source_timestamp":140456649645200,"circlet_count":0,"master_deck":["Strike_R","Strike_R","Strike_R","Defend_R","Defend_R","Defend_R","Defend_R","Bash","Flame Barrier","Corruption","Headbutt","Shrug It Off","Pommel Strike","True Grit","Double Tap","Exhume"],"relics":["Burning Blood","Juzu Bracelet","Bottled Lightning","Shuriken"],"potions_floor_usage":[6,16],"damage_taken":[{"damage":0,"enemies":"2 Louse","floor":1,"turns":3},{"damage":0,"enemies":"Jaw Worm","floor":3,"turns":5},{"damage":2,"enemies":"Small Slimes","floor":5,"turns":3},{"damage":48,"enemies":"Gremlin Nob","floor":6,"turns":6},{"damage":16,"enemies":"Exordium Wildlife","floor":7,"turns":5},{"damage":28,"enemies":"3 Sentries","floor":11,"turns":12},{"damage":0,"enemies":"2 Fungi Beasts","floor":12,"turns":3},{"damage":19,"enemies":"Exordium Thugs","floor":13,"turns":5},{"damage":9,"enemies":"Large Slime","floor":14,"turns":7},{"damage":44,"enemies":"The Guardian","floor":16,"turns":10}],"seed_played":"7077058670823648313","potions_obtained":[{"floor":1,"key":"Energy Potion"},{"floor":12,"key":"Ancient Potion"},{"floor":14,"key":"Block Potion"}],"is_trial":false,"path_per_floor":["M","?","M","?","M","E","M","$","T","R","E","M","M","M","R","B"],"character_chosen":"IRONCLAD","items_purchased":["Double Tap"],"campfire_rested":2,"item_purchase_floors":[8],"current_hp_per_floor":[80,77,80,80,80,38,28,28,28,52,30,36,23,20,44,0],"gold":115,"neow_bonus":"TRANSFORM_CARD","is_prod":false,"is_daily":false,"chose_seed":false,"campfire_upgraded":0,"win_rate":0,"timestamp":1560201544,"path_taken":["M","?","M","?","M","E","M","$","T","R","E","M","M","M","R","BOSS"],"build_version":"2019-01-23","purchased_purges":0,"victory":false,"max_hp_per_floor":[80,80,80,80,80,80,80,80,80,80,80,80,80,80,80,80],"card_choices":[{"not_picked":["Ghostly Armor","True Grit"],"picked":"Corruption","floor":1},{"not_picked":["Thunderclap","Clash"],"picked":"Headbutt","floor":3},{"not_picked":["Evolve","Headbutt"],"picked":"Shrug It Off","floor":5},{"not_picked":["Armaments","Cleave"],"picked":"Pommel Strike","floor":6},{"not_picked":["Wild Strike","Sever Soul"],"picked":"True Grit","floor":7},{"not_picked":["Clothesline","Uppercut","Reckless Charge"],"picked":"SKIP","floor":11},{"not_picked":["Iron Wave","Bloodletting"],"picked":"Exhume","floor":12},{"not_picked":["Body Slam","Clash","Clothesline"],"picked":"SKIP","floor":13},{"not_picked":["Twin Strike","Cleave","Body Slam"],"picked":"SKIP","floor":14}],"player_experience":192856,"relics_obtained":[{"floor":6,"key":"Bottled Lightning"},{"floor":11,"key":"Shuriken"}],"event_choices":[{"damage_healed":0,"gold_gain":0,"player_choice":"Success","damage_taken":3,"relics_obtained":["Juzu Bracelet"],"max_hp_gain":0,"max_hp_loss":0,"event_name":"Scrap Ooze","floor":2,"gold_loss":0},{"cards_removed":["Strike_R"],"damage_healed":0,"gold_gain":0,"player_choice":"Card Removal","damage_taken":0,"max_hp_gain":0,"max_hp_loss":0,"event_name":"The Cleric","floor":4,"gold_loss":50}],"is_beta":false,"boss_relics":[],"items_purged_floors":[],"is_endless":false,"potions_floor_spawned":[1,12,14],"killed_by":"The Guardian","ascension_level":0}