{"gold_per_floor":[368,543,557,557,577,577,544,544,567,327,346,403,403,413,413,413],"floor_reached":16,"playtime":421,"items_purged":["Doubt"],"score":158,"play_id":"c8526667-9e3a-4c7f-b063-9d6c11f52754","local_time":"20190220061238","is_ascension_mode":true,"campfire_choices":[{"data":"Streamline","floor":6,"key":"SMITH"},{"data":"Leap","floor":8,"key":"SMITH"},{"floor":13,"key":"REST"},{"data":"Apotheosis","floor":15,"key":"SMITH"}],"neow_cost":"PERCENT_DAMAGE","seed_source_timestamp":9201393215300,"circlet_count":0,"master_deck":["AscendersBane","Strike_B","Strike_B","Strike_B","Strike_B","Defend_B","Defend_B","Defend_B","Defend_B","Zap+1","Dualcast","Streamline+1","Leap+1","Cold Snap","Gash","Apotheosis+1","Storm","Go for the Eyes","Conserve Battery"],"relics":["Cracked Core","Regal Pillow","Tiny Chest"],"potions_floor_usage":[5,12,12,16],"damage_taken":[{"damage":0,"enemies":"Cultist","floor":1,"turns":4},{"damage":1,"enemies":"Small Slimes","floor":3,"turns":3},{"damage":0,"enemies":"Jaw Worm","floor":5,"turns":3},{"damage":12,"enemies":"Exordium Thugs","floor":7,"turns":5},{"damage":24,"enemies":"Lots of Slimes","floor":11,"turns":4},{"damage":10,"enemies":"Lagavulin","floor":12,"turns":5},{"damage":13,"enemies":"2 Fungi Beasts","floor":14,"turns":3},{"damage":38,"enemies":"Slime Boss","floor":16,"turns":3}],"seed_played":"5340423374114112453","potions_obtained":[{"floor":1,"key":"Regen Potion"},{"floor":7,"key":"FearPotion"},{"floor":11,"key":"AttackPotion"},{"floor":14,"key":"Dexterity Potion"}],"is_trial":false,"path_per_floor":["M","?","M","?","M","R","M","R","T","$","M","E","R","M","R","B"],"character_chosen":"DEFECT","items_purchased":["Apotheosis"],"campfire_rested":1,"item_purchase_floors":[10],"current_hp_per_floor":[50,50,49,49,58,58,46,46,46,46,22,12,49,36,36,0],"gold":413,"neow_bonus":"TWO_FIFTY_GOLD","is_prod":false,"is_daily":false,"chose_seed":false,"campfire_upgraded":3,"win_rate":0,"timestamp":1550639558,"path_taken":["M","?","M","?","?","R","M","R","T","$","?","E","R","M","R","BOSS"],"build_version":"2019-01-23","purchased_purges":1,"victory":false,"max_hp_per_floor":[75,75,75,75,75,75,75,75,75,75,75,75,75,75,75,75],"card_choices":[{"not_picked":["Double Energy","Undo"],"picked":"Streamline","floor":1},{"not_picked":["Chill","Steam"],"picked":"Leap","floor":3},{"not_picked":["Streamline","Stack"],"picked":"Cold Snap","floor":5},{"not_picked":["Tempest","Leap"],"picked":"Gash","floor":7},{"not_picked":["Rebound","FTL"],"picked":"Storm","floor":11},{"not_picked":["Stack","Skim"],"picked":"Go for the Eyes","floor":12},{"not_picked":["Ball Lightning","Leap"],"picked":"Conserve Battery","floor":14}],"player_experience":803235,"relics_obtained":[{"floor":9,"key":"Regal Pillow"},{"floor":12,"key":"Tiny Chest"}],"event_choices":[{"damage_healed":0,"gold_gain":175,"player_choice":"AGREE","damage_taken":0,"max_hp_gain":0,"max_hp_loss":0,"event_name":"Liars Game","floor":2,"gold_loss":0,"cards_obtained":["Doubt"]},{"damage_healed":0,"gold_gain":0,"player_choice":"Forge","damage_taken":0,"max_hp_gain":0,"max_hp_loss":0,"event_name":"Accursed Blacksmith","floor":4,"gold_loss":0,"cards_upgraded":["Zap"]}],"is_beta":false,"boss_relics":[],"items_purged_floors":[10],"is_endless":false,"potions_floor_spawned":[1,7,11,14],"killed_by":"Slime Boss","ascension_level":11}