{"gold_per_floor":[110,110,127,141,74,74,109,109,109,109,109,129,129,157,157,258,258,168,168,93,112,112,125,155,155,155,183,183,198,198,223,223,322,322,332,232,232,18,35,35,62,62,88,88,88,107,107,107,107,107],"floor_reached":51,"playtime":3791,"items_purged":["Strike_B","Defend_B"],"score":1128,"play_id":"f24a66b3-363b-4f2c-afdd-84d4759d95e9","local_time":"20190614165134","is_ascension_mode":true,"campfire_choices":[{"data":"Auto Shields","floor":6.0,"key":"SMITH"},{"data":"Capacitor","floor":8.0,"key":"SMITH"},{"data":"Barrage","floor":10.0,"key":"SMITH"},{"data":"Dualcast","floor":13.0,"key":"SMITH"},{"data":"Go for the Eyes","floor":15.0,"key":"SMITH"},{"data":"Coolheaded","floor":25.0,"key":"SMITH"},{"data":"Coolheaded","floor":28.0,"key":"SMITH"},{"data":"Chill","floor":30.0,"key":"SMITH"},{"data":"Auto Shields","floor":32.0,"key":"SMITH"},{"data":"Barrage","floor":40.0,"key":"SMITH"},{"data":"Seek","floor":42.0,"key":"SMITH"},{"data":"Reboot","floor":44.0,"key":"SMITH"},{"data":"Coolheaded","floor":47.0,"key":"SMITH"},{"data":"Skim","floor":49,"key":"SMITH"}],"neow_cost":"NONE","seed_source_timestamp":0,"circlet_count":0,"master_deck":["AscendersBane","Defend_B","Defend_B","Defend_B","Dualcast+1","Glacier","Auto Shields+1","Capacitor+1","Barrage+1","Go for the Eyes+1","Auto Shields+1","Reboot+1","Ghostly","Ghostly","Ghostly","Ghostly","Ghostly","Coolheaded+1","Chill+1","Coolheaded+1","BootSequence","Seek+1","Machine Learning","Barrage+1","Coolheaded+1","Skim+1"],"special_seed":0,"relics":["Black Star","Darkstone Periapt","Kunai","Potion Belt","Blood Vial","Cables","Cursed Key","Matryoshka","Gremlin Horn","Anchor","Meat on the Bone","Ancient Tea Set","Incense Burner","Bag of Marbles","Empty Cage","Question Card","Smiling Mask","Centennial Puzzle","Juzu Bracelet"],"potions_floor_usage":[],"damage_taken":[{"damage":9.0,"enemies":"Jaw Worm","floor":1.0,"turns":6.0},{"damage":1.0,"enemies":"Small Slimes","floor":3.0,"turns":5.0},{"damage":0.0,"enemies":"2 Louse","floor":4.0,"turns":4.0},{"damage":5.0,"enemies":"Lagavulin","floor":7.0,"turns":12.0},{"damage":26.0,"enemies":"Gremlin Gang","floor":12.0,"turns":6.0},{"damage":13.0,"enemies":"3 Sentries","floor":14.0,"turns":16.0},{"damage":10.0,"enemies":"The Guardian","floor":16.0,"turns":16.0},{"damage":26.0,"enemies":"2 Thieves","floor":18.0,"turns":5.0},{"damage":6.0,"enemies":"3 Byrds","floor":21.0,"turns":9.0},{"damage":0.0,"enemies":"Snake Plant","floor":23.0,"turns":8.0},{"damage":0.0,"enemies":"Book of Stabbing","floor":24.0,"turns":8.0},{"damage":3.0,"enemies":"Slavers","floor":27.0,"turns":14.0},{"damage":0.0,"enemies":"Centurion and Healer","floor":29.0,"turns":10.0},{"damage":0.0,"enemies":"Book of Stabbing","floor":31.0,"turns":9.0},{"damage":17.0,"enemies":"Automaton","floor":33.0,"turns":20.0},{"damage":4.0,"enemies":"3 Shapes","floor":35.0,"turns":23.0},{"damage":7.0,"enemies":"Orb Walker","floor":39.0,"turns":10.0},{"damage":26.0,"enemies":"Giant Head","floor":41.0,"turns":14.0},{"damage":0.0,"enemies":"Spire Growth","floor":46.0,"turns":6.0},{"damage":5,"enemies":"Donu and Deca","floor":50,"turns":14}],"seed_played":"-1181898593848242209","potions_obtained":[{"floor":1.0,"key":"Swift Potion"},{"floor":7.0,"key":"FocusPotion"},{"floor":16.0,"key":"SkillPotion"},{"floor":21.0,"key":"Poison Potion"},{"floor":24.0,"key":"Dexterity Potion"},{"floor":29.0,"key":"SkillPotion"},{"floor":35.0,"key":"Regen Potion"},{"floor":41.0,"key":"Poison Potion"},{"floor":46.0,"key":"Swift Potion"}],"is_trial":false,"path_per_floor":["M","?","M","M","$","R","E","R","T","R","?","M","R","E","R","B",null,"M","?","$","M","?","M","E","R","T","E","R","M","R","E","R","B",null,"M","$","?","$","M","R","E","R","T","R","?","M","R","?","R","B",null],"character_chosen":"DEFECT","items_purchased":["Capacitor","Machine Learning","AttackPotion"],"campfire_rested":0,"item_purchase_floors":[5,38,38],"current_hp_per_floor":[59,59,58,58,58,58,53,53,53,53,75,49,49,36,36,28,63,39,37,37,31,31,33,35,35,35,34,34,36,36,37,37,20,33,31,31,31,31,26,26,26,26,26,26,26,28,28,28,28,25],"gold":107,"neow_bonus":"BOSS_RELIC","is_prod":false,"is_daily":false,"chose_seed":false,"campfire_upgraded":14,"win_rate":0,"timestamp":1560556294,"path_taken":["M","?","M","M","$","R","E","R","T","R","?","M","R","E","R","BOSS","M","?","$","M","?","?","E","R","T","E","R","M","R","E","R","BOSS","M","$","?","$","M","R","E","R","T","R","?","M","R","?","R","BOSS"],"build_version":"2019-01-23","purchased_purges":2,"victory":true,"max_hp_per_floor":[75,75,75,75,75,75,75,75,75,75,75,75,75,75,75,75,75,75,37,37,37,37,37,37,37,37,37,37,37,37,37,37,37,37,37,37,37,37,37,37,37,37,37,37,37,37,37,37,37,37],"card_choices":[{"not_picked":["Consume","Lockon"],"picked":"Glacier","floor":1.0},{"not_picked":["Conserve Battery","Rebound","White Noise"],"picked":"SKIP","floor":3.0},{"not_picked":["Go for the Eyes","Steam"],"picked":"Auto Shields","floor":4.0},{"not_picked":["Tempest","Cold Snap"],"picked":"Barrage","floor":7.0},{"not_picked":["Gash","Compile Driver"],"picked":"Go for the Eyes","floor":12.0},{"not_picked":["Glacier","Redo"],"picked":"Auto Shields","floor":14.0},{"not_picked":["Electrodynamics","Machine Learning"],"picked":"Reboot","floor":16.0},{"not_picked":["Cold Snap+1","Ball Lightning","Sweeping Beam+1"],"picked":"SKIP","floor":18.0},{"not_picked":["Compile Driver","Gash+1"],"picked":"Coolheaded","floor":21.0},{"not_picked":["Stack","Barrage"],"picked":"Chill","floor":23.0},{"not_picked":["Genetic Algorithm","Force Field"],"picked":"Coolheaded","floor":24.0},{"not_picked":["Chill+1","Skim","Stack+1"],"picked":"SKIP","floor":27.0},{"not_picked":["Conserve Battery+1","Static Discharge","Ball Lightning"],"picked":"SKIP","floor":29.0},{"not_picked":["Force Field+1","White Noise"],"picked":"BootSequence","floor":31.0},{"not_picked":["Creative AI","Amplify"],"picked":"Seek","floor":33.0},{"not_picked":["Fusion+1","Rebound","Undo+1"],"picked":"SKIP","floor":35.0},{"not_picked":["Self Repair","Loop+1"],"picked":"Barrage","floor":39.0},{"not_picked":["Tempest+1","Recycle+1","Reinforced Body"],"picked":"SKIP","floor":41.0},{"not_picked":["Ball Lightning+1","Aggregate","Genetic Algorithm+1"],"picked":"Coolheaded","floor":46.0}],"player_experience":150773,"relics_obtained":[{"floor":7.0,"key":"Darkstone Periapt"},{"floor":7.0,"key":"Kunai"},{"floor":9.0,"key":"Potion Belt"},{"floor":14.0,"key":"Blood Vial"},{"floor":14.0,"key":"Cables"},{"floor":24.0,"key":"Gremlin Horn"},{"floor":24.0,"key":"Anchor"},{"floor":27.0,"key":"Meat on the Bone"},{"floor":27.0,"key":"Ancient Tea Set"},{"floor":31.0,"key":"Incense Burner"},{"floor":31.0,"key":"Bag of Marbles"},{"floor":41.0,"key":"Question Card"},{"floor":41.0,"key":"Smiling Mask"},{"floor":43.0,"key":"Centennial Puzzle"},{"floor":43.0,"key":"Juzu Bracelet"}],"event_choices":[{"cards_removed":["Strike_B"],"damage_healed":0.0,"max_hp_gain":0.0,"max_hp_loss":0.0,"gold_gain":0.0,"event_name":"Living Wall","player_choice":"Forget","floor":2.0,"gold_loss":0.0,"damage_taken":0.0},{"damage_healed":25.0,"max_hp_gain":0.0,"max_hp_loss":0.0,"gold_gain":0.0,"event_name":"Big Fish","player_choice":"Banana","floor":11.0,"gold_loss":0.0,"damage_taken":0.0},{"damage_healed":0.0,"max_hp_gain":0.0,"max_hp_loss":38.0,"gold_gain":0.0,"event_name":"Ghosts","player_choice":"Became a Ghost","floor":19.0,"gold_loss":0.0,"damage_taken":0.0,"cards_obtained":["Ghostly","Ghostly","Ghostly","Ghostly","Ghostly"]},{"damage_healed":0.0,"max_hp_gain":0.0,"max_hp_loss":0.0,"gold_gain":0.0,"event_name":"WeMeetAgain","player_choice":"Gave Potion","floor":22.0,"gold_loss":0.0,"damage_taken":0.0,"relics_obtained":["Matryoshka"]},{"damage_healed":0.0,"max_hp_gain":0.0,"max_hp_loss":0.0,"gold_gain":0.0,"event_name":"The Woman in Blue","player_choice":"Bought 0 Potions","floor":37.0,"gold_loss":0.0,"damage_taken":0.0},{"cards_removed":["Strike_B"],"damage_healed":0.0,"max_hp_gain":0.0,"max_hp_loss":0.0,"gold_gain":0.0,"event_name":"Falling","player_choice":"Removed Attack","floor":45.0,"gold_loss":0.0,"damage_taken":0.0},{"damage_healed":0,"gold_gain":0,"player_choice":"1 cards matched","damage_taken":0,"max_hp_gain":0,"max_hp_loss":0,"event_name":"Match and Keep!","floor":48,"gold_loss":0,"cards_obtained":["Skim"]}],"is_beta":false,"boss_relics":[{"not_picked":["Velvet Choker","Philosopher\u0027s Stone"],"picked":"Cursed Key"},{"not_picked":["Coffee Dripper","Sozu"],"picked":"Empty Cage"}],"items_purged_floors":[20,36],"is_endless":false,"potions_floor_spawned":[1,7,16,21,24,29,35,41,46],"ascension_level":10}