{"gold_per_floor":[118,133,153,153,165,93,109,138,138,150,150,150,0,14,14,115,115,132,132,149,166,179,205,224,250,275,275,97,114,132,150,150,150],"floor_reached":33,"playtime":3349,"items_purged":[],"score":295,"play_id":"57ce8c43-82d7-471d-b5fa-9af49384c404","local_time":"20190526173314","is_ascension_mode":false,"campfire_choices":[{"floor":12,"key":"REST"},{"floor":15,"key":"REST"},{"floor":27,"key":"REST"},{"floor":32,"key":"REST"}],"neow_cost":"","seed_source_timestamp":171137286516127,"circlet_count":0,"master_deck":["Strike_R","Strike_R+1","Strike_R","Strike_R+1","Defend_R","Defend_R","Defend_R","Defend_R","Bash","Whirlwind","Blood for Blood","Flame Barrier","Cleave","Feed","Carnage","Perfected Strike","Offering","Perfected Strike","Anger","The Bomb"],"relics":["Burning Blood","Oddly Smooth Stone","Meat on the Bone","Bottled Flame","Anchor","Busted Crown","Paper Frog","Vajra","Blood Vial"],"potions_floor_usage":[5,7,16,16,23,25,33,33],"damage_taken":[{"damage":1,"enemies":"Cultist","floor":1,"turns":4},{"damage":9,"enemies":"Jaw Worm","floor":2,"turns":5},{"damage":8,"enemies":"Small Slimes","floor":3,"turns":3},{"damage":6,"enemies":"Exordium Wildlife","floor":5,"turns":5},{"damage":16,"enemies":"Gremlin Gang","floor":7,"turns":4},{"damage":27,"enemies":"Lagavulin","floor":8,"turns":8},{"damage":0,"enemies":"Large Slime","floor":10,"turns":4},{"damage":2,"enemies":"Lots of Slimes","floor":14,"turns":5},{"damage":81,"enemies":"The Guardian","floor":16,"turns":12},{"damage":16,"enemies":"Shell Parasite","floor":18,"turns":4},{"damage":0,"enemies":"Spheric Guardian","floor":20,"turns":3},{"damage":32,"enemies":"Shelled Parasite and Fungi","floor":21,"turns":6},{"damage":8,"enemies":"Snecko","floor":22,"turns":3},{"damage":32,"enemies":"Book of Stabbing","floor":23,"turns":6},{"damage":27,"enemies":"Snake Plant","floor":24,"turns":4},{"damage":27,"enemies":"Gremlin Leader","floor":25,"turns":5},{"damage":14,"enemies":"Centurion and Healer","floor":29,"turns":3},{"damage":6,"enemies":"Cultist and Chosen","floor":30,"turns":4},{"damage":0,"enemies":"Chosen and Byrds","floor":31,"turns":3},{"damage":89,"enemies":"Champ","floor":33,"turns":7}],"seed_played":"3788459101821602394","potions_obtained":[{"floor":1,"key":"Block Potion"},{"floor":3,"key":"AttackPotion"},{"floor":8,"key":"Fire Potion"},{"floor":10,"key":"FearPotion"},{"floor":16,"key":"Poison Potion"},{"floor":20,"key":"EssenceOfSteel"},{"floor":21,"key":"SkillPotion"},{"floor":23,"key":"Energy Potion"}],"is_trial":false,"path_per_floor":["M","M","M","?","M","?","M","E","T","M","?","R","$","M","R","B",null,"M","$","M","M","M","E","M","E","T","R","$","M","M","M","R","B"],"character_chosen":"IRONCLAD","items_purchased":["Anchor","The Bomb"],"campfire_rested":4,"item_purchase_floors":[13,28],"current_hp_per_floor":[80,77,75,59,59,59,49,28,28,46,46,70,70,77,83,20,83,73,73,79,56,54,40,31,22,22,47,47,53,58,66,89,0],"gold":150,"neow_bonus":"","is_prod":false,"is_daily":false,"chose_seed":false,"campfire_upgraded":0,"win_rate":0.0,"timestamp":1558906394,"path_taken":["M","?","M","?","M","?","?","E","T","M","?","R","$","M","R","BOSS","M","$","M","M","M","E","M","E","T","R","$","M","?","M","R","BOSS"],"build_version":"2019-01-23","purchased_purges":0,"victory":false,"max_hp_per_floor":[80,80,80,80,80,80,80,80,80,80,80,80,80,83,83,83,83,83,83,83,86,86,86,86,86,86,86,86,86,89,89,89,89],"card_choices":[{"not_picked":["Bloodletting","Warcry"],"picked":"Whirlwind","floor":1},{"not_picked":["Thunderclap","Pommel Strike"],"picked":"Blood for Blood","floor":2},{"not_picked":["Fire Breathing","Pommel Strike"],"picked":"Flame Barrier","floor":3},{"not_picked":["Feel No Pain","Whirlwind"],"picked":"Cleave","floor":5},{"not_picked":["Perfected Strike","Thunderclap"],"picked":"Feed","floor":7},{"not_picked":["Metallicize","Demon Form"],"picked":"Carnage","floor":8},{"not_picked":["Sword Boomerang","Headbutt"],"picked":"Perfected Strike","floor":10},{"not_picked":["Flex","Burning Pact","Power Through"],"picked":"SKIP","floor":14},{"not_picked":["Demon Form","Dark Embrace"],"picked":"Offering","floor":16},{"not_picked":[],"picked":"Perfected Strike","floor":18},{"not_picked":["Shrug It Off"],"picked":"SKIP","floor":20},{"not_picked":[],"picked":"Anger","floor":21},{"not_picked":["Dual Wield"],"picked":"SKIP","floor":22},{"not_picked":["Disarm"],"picked":"SKIP","floor":23},{"not_picked":["Sword Boomerang"],"picked":"SKIP","floor":24},{"not_picked":["Uppercut"],"picked":"SKIP","floor":25},{"not_picked":["Dropkick"],"picked":"SKIP","floor":29},{"not_picked":["Cleave"],"picked":"SKIP","floor":30},{"not_picked":["Metallicize"],"picked":"SKIP","floor":31}],"player_experience":0,"relics_obtained":[{"floor":8,"key":"Meat on the Bone"},{"floor":9,"key":"Bottled Flame"},{"floor":23,"key":"Paper Frog"},{"floor":25,"key":"Vajra"},{"floor":26,"key":"Blood Vial"}],"event_choices":[{"damage_healed":0,"gold_gain":0,"player_choice":"Entered Light","damage_taken":16,"max_hp_gain":0,"max_hp_loss":0,"event_name":"Shining Light","floor":4,"gold_loss":0,"cards_upgraded":["Strike_R","Strike_R"]},{"damage_healed":0,"gold_gain":0,"player_choice":"Paid Gold","damage_taken":0,"relics_obtained":["Oddly Smooth Stone"],"max_hp_gain":0,"max_hp_loss":0,"event_name":"WeMeetAgain","floor":6,"gold_loss":72},{"cards_removed":["Strike_R"],"damage_healed":0,"gold_gain":0,"player_choice":"Purged","damage_taken":0,"max_hp_gain":0,"max_hp_loss":0,"event_name":"Purifier","floor":11,"gold_loss":0}],"is_beta":false,"boss_relics":[{"not_picked":["Runic Cube","Ectoplasm"],"picked":"Busted Crown"}],"items_purged_floors":[],"is_endless":false,"potions_floor_spawned":[1,3,8,10,16,20,21,23],"killed_by":"Champ","ascension_level":0}