{"gold_per_floor":[109,109,109,109,109,109,145,145,145,176,222,237,253,294,294,383,383,397,415,415,415],"floor_reached":21,"playtime":529,"items_purged":[],"score":466,"play_id":"57b79e28-4bf6-40d5-80ef-2ba34c55c9f8","local_time":"20190823143806","is_ascension_mode":true,"campfire_choices":[{"data":"Zap","floor":6,"key":"SMITH"},{"data":"Fusion","floor":8,"key":"SMITH"},{"floor":15,"key":"REST"}],"neow_cost":"NONE","seed_source_timestamp":812175765339100,"circlet_count":0,"master_deck":["AscendersBane","Strike_B","Strike_B","Strike_B","Strike_B","Defend_B","Defend_B+1","Defend_B","Defend_B+1","Zap+1","Dualcast","Ball Lightning","Fusion+1","Rainbow","Conserve Battery","Steam","Darkness","Sunder","Creative AI+1","Decay","Redo","Stack","Rainbow","Compile Driver"],"relics":["Cracked Core","NeowsBlessing","Golden Idol","Frozen Egg 2","Symbiotic Virus","Omamori","Dream Catcher","Gremlin Horn","Calling Bell","War Paint","Matryoshka","Girya"],"potions_floor_usage":[16,18],"damage_taken":[{"damage":0,"enemies":"2 Louse","floor":1,"turns":1},{"damage":0,"enemies":"Gremlin Nob","floor":7,"turns":1},{"damage":0,"enemies":"3 Sentries","floor":10,"turns":1},{"damage":9,"enemies":"Jaw Worm","floor":12,"turns":3},{"damage":0,"enemies":"Cultist","floor":13,"turns":2},{"damage":12,"enemies":"Lagavulin","floor":14,"turns":7},{"damage":25,"enemies":"The Guardian","floor":16,"turns":11},{"damage":6,"enemies":"3 Byrds","floor":18,"turns":3},{"damage":22,"enemies":"Spheric Guardian","floor":19,"turns":5},{"damage":36,"enemies":"Centurion and Healer","floor":21,"turns":4}],"seed_played":"-3272582333886502825","potions_obtained":[{"floor":7,"key":"Weak Potion"},{"floor":10,"key":"Dexterity Potion"},{"floor":12,"key":"Explosive Potion"}],"is_trial":false,"path_per_floor":["M","?","$","?","$","R","E","R","T","E","T","M","M","E","R","B",null,"M","M","?","M"],"character_chosen":"DEFECT","items_purchased":[],"campfire_rested":1,"item_purchase_floors":[],"current_hp_per_floor":[64,64,64,57,57,57,57,57,57,57,57,48,48,36,57,32,61,55,33,33,0],"gold":415,"neow_bonus":"THREE_ENEMY_KILL","is_prod":false,"is_daily":false,"chose_seed":false,"campfire_upgraded":2,"win_rate":0,"timestamp":1566563886,"path_taken":["M","?","$","?","?","R","E","R","T","E","?","?","M","E","R","BOSS","M","M","?","M"],"build_version":"2019-07-17","purchased_purges":0,"victory":false,"max_hp_per_floor":[71,71,71,71,71,71,71,71,71,71,71,71,71,71,71,71,71,71,71,71,71],"card_choices":[{"not_picked":["Go for the Eyes","Beam Cell"],"picked":"Ball Lightning","floor":1},{"not_picked":["Force Field","Barrage"],"picked":"Fusion","floor":7},{"not_picked":["Sweeping Beam","Ball Lightning"],"picked":"Rainbow","floor":10},{"not_picked":["Force Field","Lockon"],"picked":"Conserve Battery","floor":12},{"not_picked":["Reprogram","Rip and Tear"],"picked":"Steam","floor":13},{"not_picked":["Sweeping Beam","Redo"],"picked":"Darkness","floor":14},{"not_picked":["Sweeping Beam","Scrape"],"picked":"Sunder","floor":15},{"not_picked":["Electrodynamics+1","Machine Learning+1"],"picked":"Creative AI+1","floor":16},{"not_picked":["Cold Snap","Turbo"],"picked":"Redo","floor":18},{"not_picked":["Scrape","Steam"],"picked":"Stack","floor":19}],"player_experience":1962203,"relics_obtained":[{"floor":7,"key":"Frozen Egg 2"},{"floor":9,"key":"Symbiotic Virus"},{"floor":10,"key":"Omamori"},{"floor":11,"key":"Dream Catcher"},{"floor":14,"key":"Gremlin Horn"},{"floor":17,"key":"War Paint"},{"floor":17,"key":"Matryoshka"},{"floor":17,"key":"Girya"}],"event_choices":[{"damage_healed":0,"gold_gain":0,"player_choice":"Take Wound","damage_taken":0,"relics_obtained":["Golden Idol"],"max_hp_gain":0,"max_hp_loss":0,"event_name":"Golden Idol","floor":2,"gold_loss":0,"cards_obtained":["Injury"]},{"cards_removed":["Injury"],"damage_healed":0,"gold_gain":0,"player_choice":"Card Removal","damage_taken":7,"max_hp_gain":0,"max_hp_loss":0,"event_name":"Golden Wing","floor":4,"gold_loss":0},{"damage_healed":0,"gold_gain":0,"player_choice":"2 cards matched","damage_taken":0,"max_hp_gain":0,"max_hp_loss":0,"event_name":"Match and Keep!","floor":20,"gold_loss":0,"cards_obtained":["Rainbow","Compile Driver"]}],"is_beta":false,"boss_relics":[{"not_picked":["FrozenCore","White Beast Statue"],"picked":"Calling Bell"}],"items_purged_floors":[],"is_endless":false,"potions_floor_spawned":[7,10,12],"killed_by":"Centurion and Healer","ascension_level":18}