{"gold_per_floor":[109,121,131,158,83,83,111,111,135,146,146,146,157,157,157,228,228,238,252,42,42,42,42],"floor_reached":23,"playtime":1012,"items_purged":["Strike_R"],"score":358,"play_id":"031c4eb4-3993-41dd-a1b9-b021027ba69a","local_time":"20190624185226","is_ascension_mode":true,"campfire_choices":[{"data":"Clothesline","floor":6.0,"key":"SMITH"},{"data":"Flame Barrier","floor":8.0,"key":"SMITH"},{"data":"Cleave","floor":11.0,"key":"SMITH"},{"floor":15.0,"key":"REST"}],"neow_cost":"NONE","seed_source_timestamp":0,"circlet_count":0,"master_deck":["AscendersBane","Strike_R","Strike_R","Strike_R","Strike_R","Defend_R","Defend_R","Defend_R","Defend_R","Bash","Flame Barrier+1","Feel No Pain","Clothesline+1","Cleave+1","Metallicize","Flame Barrier","Bludgeon","Armaments","Infernal Blade","Metallicize"],"special_seed":0,"relics":["Burning Blood","Bag of Preparation","Odd Mushroom","Centennial Puzzle","Bottled Flame","Velvet Choker","Omamori"],"potions_floor_usage":[21],"damage_taken":[{"damage":6.0,"enemies":"Cultist","floor":1.0,"turns":3.0},{"damage":15.0,"enemies":"Small Slimes","floor":2.0,"turns":4.0},{"damage":13.0,"enemies":"2 Louse","floor":3.0,"turns":5.0},{"damage":33.0,"enemies":"The Mushroom Lair","floor":7.0,"turns":6.0},{"damage":8.0,"enemies":"Looter","floor":10.0,"turns":4.0},{"damage":0.0,"enemies":"3 Louse","floor":13.0,"turns":2.0},{"damage":21.0,"enemies":"The Guardian","floor":16.0,"turns":17.0},{"damage":28,"enemies":"3 Byrds","floor":18,"turns":7},{"damage":16,"enemies":"2 Thieves","floor":19,"turns":5},{"damage":7,"enemies":"Colosseum Slavers","floor":21,"turns":6},{"damage":34,"enemies":"Book of Stabbing","floor":23,"turns":5}],"seed_played":"4581451289327759454","potions_obtained":[{"floor":2.0,"key":"Block Potion"},{"floor":3.0,"key":"EntropicBrew"},{"floor":10.0,"key":"Fire Potion"},{"floor":19,"key":"Weak Potion"}],"is_trial":false,"path_per_floor":["M","M","M","T","$","R","?","R","T","M","R","?","M","T","R","B",null,"M","M","$","?","?","E"],"character_chosen":"IRONCLAD","items_purchased":["Omamori","Metallicize"],"campfire_rested":1,"item_purchase_floors":[20,20],"current_hp_per_floor":[75,66,59,59,59,59,32,32,32,30,30,4,10,10,34,19,66,44,34,34,33,33,0],"gold":42,"neow_bonus":"TEN_PERCENT_HP_BONUS","is_prod":false,"is_daily":false,"chose_seed":false,"campfire_upgraded":3,"win_rate":0,"timestamp":1561398746,"path_taken":["M","M","M","?","$","R","?","R","T","M","R","?","M","?","R","BOSS","M","M","$","?","?","E"],"build_version":"2019-01-23","purchased_purges":1,"victory":false,"max_hp_per_floor":[82,82,82,82,82,82,82,82,82,82,82,82,82,82,82,82,82,82,82,82,82,82,82],"card_choices":[{"not_picked":["Shrug It Off","Bloodletting"],"picked":"Flame Barrier","floor":1.0},{"not_picked":["Twin Strike","True Grit"],"picked":"Feel No Pain","floor":2.0},{"not_picked":["Heavy Blade","Perfected Strike"],"picked":"Clothesline","floor":3.0},{"not_picked":["Heavy Blade","Second Wind"],"picked":"Cleave","floor":7.0},{"not_picked":["Sword Boomerang","Thunderclap"],"picked":"Metallicize","floor":10.0},{"not_picked":["Rage","Twin Strike"],"picked":"Flame Barrier","floor":13.0},{"not_picked":["Barricade","Reaper"],"picked":"Bludgeon","floor":16.0},{"not_picked":["Anger","Warcry"],"picked":"Armaments","floor":18},{"not_picked":["Clothesline","Clash"],"picked":"Infernal Blade","floor":19}],"player_experience":1104624,"relics_obtained":[{"floor":4.0,"key":"Bag of Preparation"},{"floor":7.0,"key":"Odd Mushroom"},{"floor":9.0,"key":"Centennial Puzzle"},{"floor":14.0,"key":"Bottled Flame"}],"event_choices":[{"damage_healed":0.0,"max_hp_gain":0.0,"max_hp_loss":0.0,"gold_gain":0.0,"event_name":"Mushrooms","player_choice":"Fought Mushrooms","floor":7.0,"gold_loss":0.0,"damage_taken":0.0},{"damage_healed":0.0,"max_hp_gain":0.0,"max_hp_loss":0.0,"gold_gain":0.0,"event_name":"Scrap Ooze","player_choice":"Fled","floor":12.0,"gold_loss":0.0,"damage_taken":26.0},{"damage_healed":0,"gold_gain":0,"player_choice":"Fight","damage_taken":0,"max_hp_gain":0,"max_hp_loss":0,"event_name":"Colosseum","floor":21,"gold_loss":0},{"damage_healed":0,"gold_gain":0,"player_choice":"Fled From Nobs","damage_taken":0,"max_hp_gain":0,"max_hp_loss":0,"event_name":"Colosseum","floor":21,"gold_loss":0},{"damage_healed":0,"gold_gain":0,"player_choice":"Ignored","damage_taken":0,"max_hp_gain":0,"max_hp_loss":0,"event_name":"Cursed Tome","floor":22,"gold_loss":0}],"is_beta":false,"boss_relics":[{"not_picked":["White Beast Statue","Runic Dome"],"picked":"Velvet Choker"}],"items_purged_floors":[5],"is_endless":false,"potions_floor_spawned":[2,3,7,10,19],"killed_by":"Book of Stabbing","ascension_level":20}