{"gold_per_floor":[112,31,48,61,73,73,73,73,73,104,104,29,29,72,72,171,171,194,218,80,99,99,99,134,158,158,158,158,158,177,191,191,290,290,313,646,662,386,400,425,425,203,203,203,203,104,104,104,104,104],"floor_reached":50,"playtime":2137,"items_purged":["Strike_R","Strike_R","Strike_R","Strike_R"],"score":911,"play_id":"1812f597-f242-4764-bc88-225d525a77e0","local_time":"20190928182829","is_ascension_mode":true,"campfire_choices":[{"data":"Heavy Blade","floor":6.0,"key":"SMITH"},{"data":"Inflame","floor":8.0,"key":"SMITH"},{"data":"Flame Barrier","floor":11.0,"key":"SMITH"},{"data":"Flame Barrier","floor":13.0,"key":"SMITH"},{"data":"Evolve","floor":15.0,"key":"SMITH"},{"data":"Double Tap","floor":23.0,"key":"SMITH"},{"data":"Bash","floor":27.0,"key":"SMITH"},{"data":"Flame Barrier","floor":32.0,"key":"SMITH"},{"data":"Shrug It Off","floor":41,"key":"SMITH"},{"data":"Shrug It Off","floor":47,"key":"SMITH"},{"data":"Shrug It Off","floor":49,"key":"SMITH"}],"neow_cost":"NONE","seed_source_timestamp":803633553921887,"circlet_count":0,"master_deck":["AscendersBane","Strike_R","Defend_R","Defend_R","Defend_R","Defend_R","Bash+1","Flame Barrier+1","Inflame+1","Headbutt","Heavy Blade+1","Flame Barrier+1","Evolve+1","Flame Barrier+1","Double Tap+1","Ghostly","Ghostly","Ghostly","Ghostly","Ghostly","Shrug It Off+1","Shrug It Off+1","Feel No Pain+1","Shrug It Off+1"],"special_seed":0,"relics":["Burning Blood","Boot","PreservedInsect","Singing Bowl","Ornamental Fan","Cursed Key","Happy Flower","Sozu","Membership Card","Red Skull","Frozen Egg 2"],"potions_floor_usage":[50,50],"damage_taken":[{"damage":11.0,"enemies":"Jaw Worm","floor":1.0,"turns":4.0},{"damage":3.0,"enemies":"2 Louse","floor":3.0,"turns":3.0},{"damage":3.0,"enemies":"Cultist","floor":4.0,"turns":5.0},{"damage":10.0,"enemies":"2 Fungi Beasts","floor":5.0,"turns":4.0},{"damage":18.0,"enemies":"Lagavulin","floor":10.0,"turns":7.0},{"damage":9.0,"enemies":"3 Sentries","floor":14.0,"turns":5.0},{"damage":43.0,"enemies":"Hexaghost","floor":16.0,"turns":9.0},{"damage":14.0,"enemies":"Chosen","floor":18.0,"turns":6.0},{"damage":0.0,"enemies":"3 Byrds","floor":19.0,"turns":1.0},{"damage":24.0,"enemies":"Snecko","floor":21.0,"turns":7.0},{"damage":37.0,"enemies":"Slavers","floor":24.0,"turns":6.0},{"damage":17.0,"enemies":"Snake Plant","floor":25.0,"turns":4.0},{"damage":21.0,"enemies":"Cultist and Chosen","floor":30.0,"turns":9.0},{"damage":4.0,"enemies":"Chosen and Byrds","floor":31.0,"turns":7.0},{"damage":29,"enemies":"Champ","floor":33,"turns":12},{"damage":3,"enemies":"Orb Walker","floor":35,"turns":3},{"damage":2,"enemies":"3 Darklings","floor":37,"turns":10},{"damage":0,"enemies":"4 Shapes","floor":39,"turns":5},{"damage":0,"enemies":"Reptomancer","floor":40,"turns":6},{"damage":54,"enemies":"Donu and Deca","floor":50,"turns":19}],"seed_played":"3205791050590450905","potions_obtained":[{"floor":1.0,"key":"PowerPotion"},{"floor":5.0,"key":"Weak Potion"},{"floor":10.0,"key":"Dexterity Potion"},{"floor":18.0,"key":"AttackPotion"},{"floor":19.0,"key":"EntropicBrew"},{"floor":33,"key":"EssenceOfSteel"}],"is_trial":false,"path_per_floor":["M","$","M","M","M","R","?","R","T","E","R","$","R","E","R","B",null,"M","M","$","M","$","R","E","M","T","R","?","?","M","M","R","B",null,"M","?","M","$","M","E","R","$","T","?","T","$","R","?","R","B"],"character_chosen":"IRONCLAD","items_purchased":["Inflame","Double Tap","Membership Card","Shrug It Off","Frozen Egg 2","Feel No Pain+1","Shrug It Off"],"campfire_rested":0,"item_purchase_floors":[2,20,38,38,42,42,46],"current_hp_per_floor":[63,63,66,69,65,65,65,65,65,53,53,53,53,50,50,13,55,54,62,62,56,56,56,42,38,38,38,38,32,26,42,42,21,38,43,43,46,46,48,50,50,50,50,50,50,50,50,50,50,0],"gold":104,"neow_bonus":"RANDOM_COMMON_RELIC","is_prod":false,"is_daily":false,"chose_seed":false,"campfire_upgraded":11,"win_rate":0,"timestamp":1569720509,"path_taken":["M","$","M","M","M","R","?","R","T","E","R","$","R","E","R","BOSS","M","M","$","M","$","R","E","M","T","R","?","?","M","?","R","BOSS","M","?","M","?","?","E","R","$","T","?","?","$","R","?","R","BOSS"],"build_version":"2019-07-17","purchased_purges":4,"victory":false,"max_hp_per_floor":[75,75,75,75,75,75,69,69,69,69,69,69,69,69,69,69,69,69,71,71,73,73,73,75,77,77,77,38,38,40,42,42,44,44,46,46,46,46,48,50,50,50,50,50,50,50,50,50,50,50],"card_choices":[{"not_picked":["True Grit","Clothesline"],"picked":"Flame Barrier","floor":1.0},{"not_picked":["Fire Breathing","Rupture"],"picked":"Headbutt","floor":3.0},{"not_picked":["Iron Wave","True Grit","Burning Pact"],"picked":"SKIP","floor":4.0},{"not_picked":["Twin Strike","Flame Barrier"],"picked":"Heavy Blade","floor":5.0},{"not_picked":["Flex","Havoc"],"picked":"Flame Barrier","floor":10.0},{"not_picked":["Pommel Strike","Headbutt"],"picked":"Evolve","floor":14.0},{"not_picked":["Fiend Fire","Offering"],"picked":"Reaper","floor":16.0},{"not_picked":["Thunderclap","Pommel Strike"],"picked":"Flame Barrier","floor":18.0},{"not_picked":["Thunderclap+1","Corruption","Sword Boomerang"],"picked":"Singing Bowl","floor":19.0},{"not_picked":["Inflame","Pommel Strike","Body Slam"],"picked":"Singing Bowl","floor":21.0},{"not_picked":["Thunderclap","Headbutt","Warcry"],"picked":"Singing Bowl","floor":24.0},{"not_picked":["Wild Strike","Cleave","Sword Boomerang"],"picked":"Singing Bowl","floor":25.0},{"not_picked":["Anger","Cleave","Iron Wave"],"picked":"Singing Bowl","floor":30.0},{"not_picked":["Wild Strike","Pommel Strike","Blood for Blood"],"picked":"Singing Bowl","floor":31.0},{"not_picked":["Fiend Fire","Dark Embrace","Berserk"],"picked":"Singing Bowl","floor":33},{"not_picked":["Body Slam","Inflame","Sentinel+1"],"picked":"Singing Bowl","floor":35},{"not_picked":["Rage","Sword Boomerang"],"picked":"Shrug It Off","floor":37},{"not_picked":["Sword Boomerang","Body Slam","Wild Strike+1"],"picked":"Singing Bowl","floor":39},{"not_picked":["Warcry","Heavy Blade+1","Reckless Charge"],"picked":"Singing Bowl","floor":40}],"player_experience":265086,"relics_obtained":[{"floor":9.0,"key":"PreservedInsect"},{"floor":10.0,"key":"Singing Bowl"},{"floor":14.0,"key":"Ornamental Fan"},{"floor":24.0,"key":"Happy Flower"},{"floor":40,"key":"Red Skull"}],"event_choices":[{"damage_healed":0.0,"max_hp_gain":0.0,"max_hp_loss":6.0,"gold_gain":0.0,"event_name":"Golden Idol","player_choice":"Lose Max HP","floor":7.0,"gold_loss":0.0,"damage_taken":0.0,"relics_obtained":["Golden Idol"]},{"damage_healed":0.0,"max_hp_gain":0.0,"max_hp_loss":39.0,"gold_gain":0.0,"event_name":"Ghosts","player_choice":"Became a Ghost","floor":28.0,"gold_loss":0.0,"damage_taken":0.0,"cards_obtained":["Ghostly","Ghostly","Ghostly","Ghostly","Ghostly"]},{"damage_healed":0.0,"max_hp_gain":0.0,"max_hp_loss":0.0,"gold_gain":0.0,"event_name":"Knowing Skull","player_choice":"","floor":29.0,"potions_obtained":[],"gold_loss":0.0,"damage_taken":6.0,"cards_obtained":[]},{"damage_healed":0,"gold_gain":333,"player_choice":"Gave Idol","damage_taken":0,"max_hp_gain":0,"max_hp_loss":0,"event_name":"The Moai Head","floor":36,"relics_lost":["Golden Idol"],"gold_loss":0},{"damage_healed":0,"gold_gain":0,"player_choice":"Ignored","damage_taken":0,"max_hp_gain":0,"max_hp_loss":0,"event_name":"Tomb of Lord Red Mask","floor":44,"gold_loss":0},{"cards_removed":["Reaper"],"damage_healed":0,"gold_gain":0,"player_choice":"Removed Attack","damage_taken":0,"max_hp_gain":0,"max_hp_loss":0,"event_name":"Falling","floor":48,"gold_loss":0}],"is_beta":false,"boss_relics":[{"not_picked":["Eternal Feather","White Beast Statue"],"picked":"Cursed Key"},{"not_picked":["Coffee Dripper","Philosopher\u0027s Stone"],"picked":"Sozu"}],"items_purged_floors":[12,38,42,46],"is_endless":false,"potions_floor_spawned":[1,5,10,18,19,31,33,37,40],"killed_by":"Donu and Deca","ascension_level":14}