{"gold_per_floor":[14,28,28,28,103,129,129,155,205,205,216,55,55,55,55,129,129,140,140,155,32,32],"floor_reached":22,"playtime":572,"items_purged":["Strike_R"],"score":361,"play_id":"e400f052-905f-4bac-8b00-df5423cf01b1","local_time":"20190814180044","is_ascension_mode":true,"campfire_choices":[{"floor":7,"key":"REST"},{"data":"Juggernaut","floor":10,"key":"SMITH"},{"data":"Corruption","floor":13,"key":"SMITH"},{"data":"Rampage","floor":15,"key":"SMITH"}],"neow_cost":"NO_GOLD","seed_source_timestamp":46651749840700,"circlet_count":0,"master_deck":["AscendersBane","Bash","Bludgeon+1","Anger","Anger","Juggernaut+1","Power Through","Corruption+1","Headbutt","Rampage+1","Immolate","Headbutt","Dual Wield","Barricade","Immolate","Havoc","Feed","Clash","Metallicize","Whirlwind","Shockwave"],"special_seed":0,"relics":["Burning Blood","Dream Catcher","Paper Frog","Anchor","Pandora\u0027s Box"],"potions_floor_usage":[8,16,18],"damage_taken":[{"damage":7.0,"enemies":"Small Slimes","floor":1.0,"turns":3.0},{"damage":7.0,"enemies":"2 Louse","floor":2.0,"turns":3.0},{"damage":40.0,"enemies":"Lagavulin","floor":6.0,"turns":5.0},{"damage":10,"enemies":"3 Sentries","floor":8,"turns":5},{"damage":0,"enemies":"Jaw Worm","floor":11,"turns":2},{"damage":24,"enemies":"Slime Boss","floor":16,"turns":8},{"damage":34,"enemies":"Chosen","floor":18,"turns":5},{"damage":38,"enemies":"3 Byrds","floor":20,"turns":4},{"damage":12,"enemies":"3 Cultists","floor":22,"turns":2}],"seed_played":"2727769313787937134","potions_obtained":[{"floor":6,"key":"Explosive Potion"},{"floor":8,"key":"SteroidPotion"},{"floor":16,"key":"GamblersBrew"}],"is_trial":false,"path_per_floor":["M","M","?","?","?","E","R","E","T","R","M","$","R","?","R","B",null,"M","?","M","$","M"],"character_chosen":"IRONCLAD","items_purchased":["Rampage","Whirlwind","Shockwave"],"campfire_rested":1,"item_purchase_floors":[12,21,21],"current_hp_per_floor":[67,66,66,59,48,14,36,32,32,32,38,38,38,63,63,45,68,40,40,8,8,0],"gold":32,"neow_bonus":"THREE_RARE_CARDS","is_prod":false,"is_daily":false,"chose_seed":false,"campfire_upgraded":3,"win_rate":0,"timestamp":1565798444,"path_taken":["M","M","?","?","?","E","R","E","T","R","M","$","R","?","R","BOSS","M","?","M","$","M"],"build_version":"2019-07-17","purchased_purges":1,"victory":false,"max_hp_per_floor":[75,75,75,75,75,75,75,75,75,75,75,75,75,75,75,75,75,75,75,75,75,75],"card_choices":[{"not_picked":["Barricade","Feed"],"picked":"Bludgeon","floor":0.0},{"not_picked":["Thunderclap","Power Through"],"picked":"Anger","floor":1.0},{"not_picked":["Clothesline","Cleave"],"picked":"Anger","floor":2.0},{"not_picked":["Searing Blow","Rupture"],"picked":"Juggernaut","floor":6},{"not_picked":["Cleave","Fire Breathing"],"picked":"Power Through","floor":7},{"not_picked":["Clothesline","Carnage"],"picked":"Corruption","floor":8},{"not_picked":["Carnage","Clash"],"picked":"Headbutt","floor":11},{"not_picked":["Fiend Fire","Exhume"],"picked":"Immolate","floor":16},{"not_picked":["Cleave","Headbutt+1"],"picked":"Clash","floor":18},{"not_picked":["Rage+1","Havoc"],"picked":"Metallicize","floor":20}],"player_experience":1886581,"relics_obtained":[{"floor":6,"key":"Dream Catcher"},{"floor":8,"key":"Paper Frog"},{"floor":9,"key":"Anchor"}],"event_choices":[{"damage_healed":0.0,"max_hp_gain":0.0,"max_hp_loss":0.0,"gold_gain":0.0,"event_name":"Living Wall","player_choice":"Grow","floor":3.0,"gold_loss":0.0,"damage_taken":0.0,"cards_upgraded":["Bludgeon"]},{"cards_removed":["Strike_R"],"damage_healed":0.0,"max_hp_gain":0.0,"max_hp_loss":0.0,"gold_gain":0.0,"event_name":"Golden Wing","player_choice":"Card Removal","floor":4.0,"gold_loss":0.0,"damage_taken":7.0},{"damage_healed":0.0,"max_hp_gain":0.0,"max_hp_loss":0.0,"gold_gain":75.0,"event_name":"World of Goop","player_choice":"Gather Gold","floor":5.0,"gold_loss":0.0,"damage_taken":11.0},{"damage_healed":25,"gold_gain":0,"player_choice":"Banana","damage_taken":0,"max_hp_gain":0,"max_hp_loss":0,"event_name":"Big Fish","floor":14,"gold_loss":0},{"cards_removed":["Combust"],"damage_healed":0,"gold_gain":0,"player_choice":"Elegance","damage_taken":0,"max_hp_gain":0,"max_hp_loss":0,"event_name":"Back to Basics","floor":19,"gold_loss":0}],"is_beta":false,"boss_relics":[{"not_picked":["Runic Dome","Orrery"],"picked":"Pandora\u0027s Box"}],"items_purged_floors":[12],"is_endless":false,"potions_floor_spawned":[6,8,16],"killed_by":"3 Cultists","ascension_level":18}