{"gold_per_floor":[119,69,79,4,4,37,53,87,87,87,103,136,155,173,173,250,250,262,262,272,272,282,300,300,332,356,356,367,377,377,393,393,465,465,481,500,345,345,0,0,34,34],"floor_reached":42,"playtime":2248,"items_purged":["Dagger Throw"],"score":842,"play_id":"b30ce3af-e2a4-4b4a-a336-63b3f94b2c13","local_time":"20181027114944","is_ascension_mode":true,"campfire_choices":[{"floor":10.0,"key":"REST"},{"floor":15.0,"key":"REST"},{"floor":24.0,"key":"REST"},{"floor":27.0,"key":"REST"},{"data":"After Image","floor":30.0,"key":"SMITH"},{"data":"Noxious Fumes","floor":32.0,"key":"SMITH"},{"data":"A Thousand Cuts","floor":40.0,"key":"SMITH"}],"neow_cost":"NONE","seed_source_timestamp":1010749493986238,"circlet_count":0,"master_deck":["Survivor","Neutralize","AscendersBane","Dash","Skewer","Predator","Noxious Fumes","Dagger Spray","Flying Knee","Noxious Fumes","Cloak And Dagger","After Image+1","Blade Dance","Noxious Fumes+1","Endless Agony","Choke","Blade Dance+1","Footwork","Doppelganger","Leg Sweep+1","A Thousand Cuts+1","Bane","Cloak And Dagger","Deflect","Backflip","Sucker Punch","Cloak And Dagger","Bane","Sucker Punch+1","Accuracy","Accuracy","Infinite Blades"],"special_seed":0,"relics":["Ring of the Snake","NeowsBlessing","Kunai","Pantograph","Ornamental Fan","Ninja Scroll","Sozu","Du-Vu Doll","Omamori","Ancient Tea Set","Pandora\u0027s Box","Red Mask","Dream Catcher"],"potions_floor_usage":[],"damage_taken":[{"damage":0.0,"enemies":"2 Louse","floor":1.0,"turns":1.0},{"damage":0.0,"enemies":"Small Slimes","floor":3.0,"turns":1.0},{"damage":0.0,"enemies":"3 Sentries","floor":6.0,"turns":2.0},{"damage":1.0,"enemies":"Jaw Worm","floor":7.0,"turns":3.0},{"damage":24.0,"enemies":"Lagavulin","floor":8.0,"turns":6.0},{"damage":1.0,"enemies":"Looter","floor":11.0,"turns":4.0},{"damage":12.0,"enemies":"3 Sentries","floor":12.0,"turns":5.0},{"damage":0.0,"enemies":"Lots of Slimes","floor":13.0,"turns":3.0},{"damage":9.0,"enemies":"Exordium Thugs","floor":14.0,"turns":5.0},{"damage":53.0,"enemies":"Slime Boss","floor":16.0,"turns":9.0},{"damage":0.0,"enemies":"Chosen","floor":18.0,"turns":5.0},{"damage":0.0,"enemies":"3 Byrds","floor":20.0,"turns":4.0},{"damage":18.0,"enemies":"Shelled Parasite and Fungi","floor":22.0,"turns":5.0},{"damage":2.0,"enemies":"Centurion and Healer","floor":23.0,"turns":6.0},{"damage":16.0,"enemies":"Book of Stabbing","floor":25.0,"turns":6.0},{"damage":0.0,"enemies":"Snecko","floor":28.0,"turns":3.0},{"damage":4.0,"enemies":"Snake Plant","floor":29.0,"turns":5.0},{"damage":3.0,"enemies":"Shelled Parasite and Fungi","floor":31.0,"turns":4.0},{"damage":18.0,"enemies":"Collector","floor":33.0,"turns":9.0},{"damage":3.0,"enemies":"3 Shapes","floor":35.0,"turns":4.0},{"damage":0.0,"enemies":"3 Darklings","floor":36.0,"turns":5.0},{"damage":24.0,"enemies":"Nemesis","floor":41.0,"turns":7.0},{"damage":47,"enemies":"Spire Growth","floor":42,"turns":5}],"seed_played":"-8211609197509560201","potions_obtained":[{"floor":1.0,"key":"Ancient Potion"},{"floor":6.0,"key":"PowerPotion"},{"floor":13.0,"key":"Ancient Potion"},{"floor":16.0,"key":"GhostInAJar"}],"is_trial":false,"path_per_floor":["M","?","M","$","?","E","M","E","T","R","M","E","M","M","R","B",null,"M","?","M","T","M","M","R","E","T","R","M","M","R","M","R","B",null,"M","M","$","?","?","R","E"],"character_chosen":"THE_SILENT","items_purchased":["Predator","Accuracy"],"campfire_rested":4,"item_purchase_floors":[4,37],"current_hp_per_floor":[59,59,59,59,52,52,51,27,27,46,45,33,33,24,43,13,53,53,41,41,41,23,21,42,26,26,47,47,43,43,40,40,47,65,62,62,62,71,71,71,47,0],"gold":34,"neow_bonus":"THREE_ENEMY_KILL","is_prod":false,"is_daily":false,"chose_seed":false,"campfire_upgraded":3,"win_rate":0,"timestamp":1540633784,"path_taken":["M","?","M","$","?","E","M","E","T","R","M","E","M","M","R","BOSS","M","?","?","?","M","M","R","E","T","R","M","M","R","M","R","BOSS","M","M","$","?","?","R","E","M"],"build_version":"2018-10-25v2","purchased_purges":1,"victory":false,"max_hp_per_floor":[66,66,66,66,66,66,66,66,66,66,66,66,66,66,66,66,66,66,71,71,71,71,71,71,71,71,71,71,71,71,71,71,71,71,71,71,71,71,71,71,71,71],"card_choices":[{"not_picked":["Heel Hook","All Out Attack"],"picked":"Dash","floor":1.0},{"not_picked":["Underhanded Strike","Slice"],"picked":"Skewer","floor":3.0},{"not_picked":["Slice","Dagger Spray"],"picked":"Noxious Fumes","floor":6.0},{"not_picked":["Reflex","Endless Agony","Bane"],"picked":"SKIP","floor":7.0},{"not_picked":["Phantasmal Killer","Catalyst"],"picked":"Dagger Spray","floor":8.0},{"not_picked":["Deflect","Slice"],"picked":"Flying Knee","floor":11.0},{"not_picked":["Tactician","Flying Knee"],"picked":"Noxious Fumes","floor":12.0},{"not_picked":["Dagger Throw","Bane","Prepared"],"picked":"SKIP","floor":13.0},{"not_picked":["Slice","Accuracy"],"picked":"Cloak And Dagger","floor":14.0},{"not_picked":["Storm of Steel","Die Die Die"],"picked":"After Image","floor":16.0},{"not_picked":["Skewer","Sucker Punch"],"picked":"Blade Dance","floor":18.0},{"not_picked":["Predator","Slice"],"picked":"Noxious Fumes","floor":20.0},{"not_picked":["Eviscerate","Bouncing Flask"],"picked":"Endless Agony","floor":22.0},{"not_picked":["Deflect","Finisher"],"picked":"Choke","floor":23.0},{"not_picked":["Outmaneuver","Masterful Stab"],"picked":"Blade Dance+1","floor":25.0},{"not_picked":["Setup+1","Calculated Gamble"],"picked":"Footwork","floor":28.0},{"not_picked":["Terror","Dagger Spray"],"picked":"Doppelganger","floor":29.0},{"not_picked":["Blade Dance","All Out Attack+1"],"picked":"Leg Sweep+1","floor":31.0},{"not_picked":["Night Terror","Phantasmal Killer"],"picked":"A Thousand Cuts","floor":33.0},{"not_picked":["Catalyst","Well Laid Plans"],"picked":"Sucker Punch+1","floor":35.0},{"not_picked":["Blur","Dagger Spray"],"picked":"Accuracy","floor":36.0},{"not_picked":["Escape Plan","Prepared"],"picked":"Infinite Blades","floor":41.0}],"player_experience":460595,"relics_obtained":[{"floor":6.0,"key":"Kunai"},{"floor":8.0,"key":"Pantograph"},{"floor":9.0,"key":"Ornamental Fan"},{"floor":12.0,"key":"Ninja Scroll"},{"floor":21.0,"key":"Du-Vu Doll"},{"floor":25.0,"key":"Omamori"},{"floor":26.0,"key":"Ancient Tea Set"},{"floor":41.0,"key":"Dream Catcher"}],"event_choices":[{"cards_removed":["Defend_G"],"damage_healed":0.0,"max_hp_gain":0.0,"max_hp_loss":0.0,"gold_gain":0.0,"event_name":"The Cleric","player_choice":"Card Removal","floor":2.0,"gold_loss":50.0,"damage_taken":0.0},{"cards_removed":["Strike_G"],"damage_healed":0.0,"max_hp_gain":0.0,"max_hp_loss":0.0,"gold_gain":0.0,"event_name":"Golden Wing","player_choice":"Card Removal","floor":5.0,"gold_loss":0.0,"damage_taken":7.0},{"damage_healed":0.0,"max_hp_gain":5.0,"max_hp_loss":0.0,"gold_gain":0.0,"event_name":"Forgotten Altar","player_choice":"Shed Blood","floor":19.0,"gold_loss":0.0,"damage_taken":17.0},{"damage_healed":18.0,"max_hp_gain":0.0,"max_hp_loss":0.0,"gold_gain":0.0,"event_name":"Winding Halls","player_choice":"Writhe","floor":38.0,"gold_loss":0.0,"damage_taken":0.0,"cards_obtained":["Writhe"]},{"damage_healed":0.0,"max_hp_gain":0.0,"max_hp_loss":0.0,"gold_gain":0.0,"event_name":"Tomb of Lord Red Mask","player_choice":"Paid","floor":39.0,"gold_loss":345.0,"damage_taken":0.0,"relics_obtained":["Red Mask"]}],"is_beta":false,"boss_relics":[{"not_picked":["Eternal Feather","Tiny House"],"picked":"Sozu"},{"not_picked":["White Beast Statue","Philosopher\u0027s Stone"],"picked":"Pandora\u0027s Box"}],"items_purged_floors":[37],"is_endless":false,"potions_floor_spawned":[1,6,7,13,16,20,25,28,33,35,36],"killed_by":"Spire Growth","ascension_level":14}