{"gold_per_floor":[19,19,19,69,82,82,96,96,144,144,170,183,217,142,142,216,216,231,231,156,169,184,184],"floor_reached":23,"playtime":709,"items_purged":["Strike_R"],"score":448,"play_id":"86607670-5fbc-429b-91f7-113c3c62838c","local_time":"20190517044325","is_ascension_mode":true,"campfire_choices":[{"data":"Whirlwind","floor":6,"key":"SMITH"},{"data":"True Grit","floor":8,"key":"SMITH"},{"data":"Bash","floor":10,"key":"SMITH"},{"data":"True Grit","floor":15,"key":"SMITH"}],"neow_cost":"NO_GOLD","seed_source_timestamp":278897620111699,"circlet_count":0,"master_deck":["AscendersBane","Strike_R","Strike_R","Strike_R","Defend_R","Defend_R","Defend_R","Defend_R","Bash+1","Immolate+1","Rupture","Whirlwind+1","True Grit+1","Offering","Flex","True Grit+1","Bludgeon+1","Flex","Offering","Hemokinesis","Shrug It Off","Headbutt","Sentinel+1","Iron Wave","Blood for Blood"],"relics":["Burning Blood","Dream Catcher","Bird Faced Urn","Question Card","Orrery"],"potions_floor_usage":[13,13,16,23],"damage_taken":[{"damage":11,"enemies":"Jaw Worm","floor":1,"turns":4},{"damage":1,"enemies":"Cultist","floor":5,"turns":3},{"damage":15,"enemies":"Small Slimes","floor":7,"turns":3},{"damage":11,"enemies":"3 Sentries","floor":11,"turns":3},{"damage":0,"enemies":"3 Louse","floor":12,"turns":1},{"damage":26,"enemies":"Lagavulin","floor":13,"turns":5},{"damage":6,"enemies":"Slime Boss","floor":16,"turns":7},{"damage":28,"enemies":"Shell Parasite","floor":18,"turns":3},{"damage":17,"enemies":"Spheric Guardian","floor":21,"turns":3},{"damage":25,"enemies":"Cultist and Chosen","floor":22,"turns":6},{"damage":27,"enemies":"Slavers","floor":23,"turns":2}],"seed_played":"5436312609934760307","potions_obtained":[{"floor":5,"key":"Poison Potion"},{"floor":7,"key":"BloodPotion"},{"floor":11,"key":"Swift Potion"},{"floor":13,"key":"Swift Potion"},{"floor":22,"key":"Energy Potion"}],"is_trial":false,"path_per_floor":["M","?","$","?","M","R","M","R","T","R","E","M","E","?","R","B",null,"M","?","$","M","M","E"],"character_chosen":"IRONCLAD","items_purchased":[],"campfire_rested":0,"item_purchase_floors":[],"current_hp_per_floor":[63,63,63,56,61,61,52,52,52,52,47,53,35,35,35,37,66,46,46,46,37,20,0],"gold":184,"neow_bonus":"THREE_RARE_CARDS","is_prod":false,"is_daily":false,"chose_seed":false,"campfire_upgraded":4,"win_rate":0,"timestamp":1558061005,"path_taken":["M","?","?","?","M","R","M","R","T","R","E","?","E","?","R","BOSS","M","?","$","?","M","E"],"build_version":"2019-01-23","purchased_purges":1,"victory":false,"max_hp_per_floor":[75,75,75,75,75,75,75,75,75,75,75,75,75,75,75,75,75,75,75,75,75,75,75],"card_choices":[{"not_picked":["Feed","Berserk"],"picked":"Immolate","floor":0},{"not_picked":["Iron Wave","Feel No Pain"],"picked":"Rupture","floor":1},{"not_picked":["Wild Strike","Infernal Blade"],"picked":"Whirlwind","floor":5},{"not_picked":["Armaments","Clothesline"],"picked":"True Grit","floor":7},{"not_picked":["Rage","Ghostly Armor"],"picked":"Offering","floor":11},{"not_picked":["Wild Strike","Heavy Blade"],"picked":"Flex","floor":12},{"not_picked":["Infernal Blade","Thunderclap"],"picked":"True Grit","floor":13},{"not_picked":["Exhume","Fiend Fire","Brutality"],"picked":"Bludgeon","floor":16},{"not_picked":["Entrench","Twin Strike","Clothesline"],"picked":"Flex","floor":17},{"not_picked":["Uppercut","Headbutt","Clothesline"],"picked":"Offering","floor":17},{"not_picked":["Havoc","Uppercut","Inflame"],"picked":"Hemokinesis","floor":17},{"not_picked":["Fire Breathing","Wild Strike","Perfected Strike"],"picked":"Shrug It Off","floor":17},{"not_picked":["Shrug It Off","Corruption","Thunderclap"],"picked":"Headbutt","floor":17},{"not_picked":["Feel No Pain","Twin Strike","Thunderclap+1"],"picked":"Sentinel+1","floor":18},{"not_picked":["Shrug It Off","Brutality","Warcry"],"picked":"Iron Wave","floor":21},{"not_picked":["Hemokinesis","Clothesline","Cleave"],"picked":"Blood for Blood","floor":22}],"player_experience":1123865,"relics_obtained":[{"floor":9,"key":"Dream Catcher"},{"floor":11,"key":"Bird Faced Urn"},{"floor":13,"key":"Question Card"}],"event_choices":[{"damage_healed":0,"gold_gain":0,"player_choice":"Upgraded","damage_taken":0,"max_hp_gain":0,"max_hp_loss":0,"event_name":"Upgrade Shrine","floor":2,"gold_loss":0,"cards_upgraded":["Immolate"]},{"damage_healed":0,"gold_gain":50,"player_choice":"Touch","damage_taken":7,"max_hp_gain":0,"max_hp_loss":0,"event_name":"FaceTrader","floor":4,"gold_loss":0},{"cards_removed":["Strike_R"],"damage_healed":0,"gold_gain":0,"player_choice":"Card Removal","damage_taken":0,"max_hp_gain":0,"max_hp_loss":0,"event_name":"The Cleric","floor":14,"gold_loss":75},{"damage_healed":0,"gold_gain":0,"player_choice":"Forge","damage_taken":0,"max_hp_gain":0,"max_hp_loss":0,"event_name":"Accursed Blacksmith","floor":19,"gold_loss":0,"cards_upgraded":["Bludgeon"]}],"is_beta":false,"boss_relics":[{"not_picked":["Eternal Feather","Fusion Hammer"],"picked":"Orrery"}],"items_purged_floors":[20],"is_endless":false,"potions_floor_spawned":[5,7,11,13,22],"killed_by":"Slavers","ascension_level":16}