{"gold_per_floor":[117,131,11,29,45,45,74,88,142,161,161,172,172,172,172,244,244,264,264,14,45,45,45,45,45,45,45,55,55,55],"floor_reached":30,"playtime":930,"items_purged":["Strike_B","Strike_B"],"score":399,"play_id":"3f551ed8-61d8-4b53-b97b-06c328cd95a9","local_time":"20190521015859","is_ascension_mode":true,"campfire_choices":[{"data":"Zap","floor":6,"key":"SMITH"},{"data":"Creative AI","floor":11,"key":"SMITH"},{"data":"Storm","floor":13,"key":"SMITH"},{"floor":15,"key":"REST"},{"floor":23,"key":"REST"},{"floor":25,"key":"REST"},{"data":"Sunder","floor":27,"key":"SMITH"}],"neow_cost":"PERCENT_DAMAGE","seed_source_timestamp":614426524441100,"circlet_count":0,"master_deck":["AscendersBane","Defend_B","Defend_B","Defend_B","Defend_B","Zap+1","Dualcast","Electrodynamics","Conserve Battery","Go for the Eyes","Cold Snap","Leap","Coolheaded","Creative AI+1","Compile Driver","Storm+1","Seek","Thunder Strike+1","Rebound+1","Melter","Chill","Sunder+1","Shame","Fusion","Writhe"],"relics":["Cracked Core","Question Card","Potion Belt","Empty Cage","Red Mask","Sundial","Anchor","Oddly Smooth Stone"],"potions_floor_usage":[7,16,16,30],"damage_taken":[{"damage":1,"enemies":"Cultist","floor":1,"turns":3},{"damage":2,"enemies":"Jaw Worm","floor":2,"turns":3},{"damage":4,"enemies":"Small Slimes","floor":4,"turns":3},{"damage":0,"enemies":"Exordium Thugs","floor":5,"turns":4},{"damage":9,"enemies":"3 Sentries","floor":7,"turns":6},{"damage":0,"enemies":"Blue Slaver","floor":8,"turns":4},{"damage":0,"enemies":"2 Fungi Beasts","floor":10,"turns":4},{"damage":6,"enemies":"Looter","floor":12,"turns":3},{"damage":8,"enemies":"The Guardian","floor":16,"turns":8},{"damage":33,"enemies":"2 Thieves","floor":18,"turns":4},{"damage":26,"enemies":"Masked Bandits","floor":21,"turns":4},{"damage":17,"enemies":"Chosen","floor":28,"turns":5},{"damage":43,"enemies":"Book of Stabbing","floor":30,"turns":4}],"seed_played":"-7560566675271752400","potions_obtained":[{"floor":1,"key":"Dexterity Potion"},{"floor":5,"key":"SkillPotion"},{"floor":7,"key":"AttackPotion"},{"floor":16,"key":"FairyPotion"},{"floor":28,"key":"FearPotion"}],"is_trial":false,"path_per_floor":["M","M","$","M","M","R","E","M","T","M","R","M","R","?","R","B",null,"M","?","$","?","?","R","$","R","T","R","M","?","E"],"character_chosen":"DEFECT","items_purchased":["Cold Snap","Melter","Chill"],"campfire_rested":3,"item_purchase_floors":[3,20,20],"current_hp_per_floor":[45,43,43,39,39,39,30,30,30,30,30,24,24,24,45,37,63,30,30,30,4,4,25,25,46,46,46,29,29,0],"gold":55,"neow_bonus":"THREE_RARE_CARDS","is_prod":false,"is_daily":false,"chose_seed":false,"campfire_upgraded":4,"win_rate":0,"timestamp":1558396739,"path_taken":["M","M","$","M","?","R","E","M","T","M","R","M","R","?","R","BOSS","M","?","?","?","?","R","?","R","T","R","M","?","E"],"build_version":"2019-01-23","purchased_purges":2,"victory":false,"max_hp_per_floor":[71,71,71,71,71,71,71,71,71,71,71,71,71,71,71,71,71,71,71,71,71,71,71,71,71,71,71,71,71,71],"card_choices":[{"not_picked":["Thunder Strike","Meteor Strike"],"picked":"Electrodynamics","floor":0},{"not_picked":["BootSequence","Stack"],"picked":"Conserve Battery","floor":1},{"not_picked":["Turbo","Barrage"],"picked":"Go for the Eyes","floor":2},{"not_picked":["Turbo","Stack"],"picked":"Leap","floor":4},{"not_picked":["Stack","Reinforced Body"],"picked":"Coolheaded","floor":5},{"not_picked":["Heatsinks","Go for the Eyes"],"picked":"Creative AI","floor":7},{"not_picked":["Beam Cell","Sweeping Beam","Reprogram"],"picked":"Compile Driver","floor":8},{"not_picked":["Defragment","Heatsinks","Turbo"],"picked":"Storm","floor":10},{"not_picked":["Coolheaded","Beam Cell","Gash"],"picked":"Seek","floor":12},{"not_picked":["Seek","Reboot","Electrodynamics"],"picked":"Thunder Strike","floor":16},{"not_picked":["Storm","Hologram","Hello World+1"],"picked":"Rebound+1","floor":18},{"not_picked":["Hello World","Barrage","Compile Driver"],"picked":"Sunder","floor":21},{"not_picked":["Tempest","Darkness+1","Stack"],"picked":"Fusion","floor":28}],"player_experience":1184333,"relics_obtained":[{"floor":7,"key":"Question Card"},{"floor":9,"key":"Potion Belt"},{"floor":21,"key":"Red Mask"},{"floor":26,"key":"Anchor"}],"event_choices":[{"damage_healed":0,"gold_gain":0,"player_choice":"Ignored","damage_taken":0,"max_hp_gain":0,"max_hp_loss":0,"event_name":"Liars Game","floor":14,"gold_loss":0},{"damage_healed":0,"gold_gain":0,"player_choice":"Forge","damage_taken":0,"max_hp_gain":0,"max_hp_loss":0,"event_name":"Accursed Blacksmith","floor":19,"gold_loss":0,"cards_upgraded":["Thunder Strike"]},{"damage_healed":0,"gold_gain":0,"player_choice":"Fought Bandits","damage_taken":0,"max_hp_gain":0,"max_hp_loss":0,"event_name":"Masked Bandits","floor":21,"gold_loss":0},{"damage_healed":0,"gold_gain":0,"player_choice":"Stole Relic","damage_taken":0,"relics_obtained":["Sundial"],"max_hp_gain":0,"max_hp_loss":0,"event_name":"Addict","floor":22,"gold_loss":0,"cards_obtained":["Shame"]},{"damage_healed":0,"gold_gain":0,"player_choice":"Opened","damage_taken":0,"relics_obtained":["Oddly Smooth Stone"],"max_hp_gain":0,"max_hp_loss":0,"event_name":"The Mausoleum","floor":29,"gold_loss":0,"cards_obtained":["Writhe"]}],"is_beta":false,"boss_relics":[{"not_picked":["Orrery","Fusion Hammer"],"picked":"Empty Cage"}],"items_purged_floors":[3,20],"is_endless":false,"potions_floor_spawned":[1,5,7,16,28],"killed_by":"Book of Stabbing","ascension_level":15}