{"gold_per_floor":[219,232,182,21,40,40,71,71,151,166,166,15,15,30,30,30],"floor_reached":16,"playtime":528,"items_purged":["Strike_G"],"score":170,"play_id":"7f1109ea-9bc2-4a17-984c-ed1dcde468e3","local_time":"20190330182400","is_ascension_mode":true,"campfire_choices":[{"data":"Neutralize","floor":6,"key":"SMITH"},{"data":"Footwork","floor":11,"key":"SMITH"},{"data":"Choke","floor":13,"key":"SMITH"},{"data":"Blade Dance","floor":15,"key":"SMITH"}],"neow_cost":"NONE","seed_source_timestamp":388936802271800,"circlet_count":0,"master_deck":["AscendersBane","Defend_G","Defend_G","Defend_G","Defend_G","Defend_G","Strike_G","Strike_G","Strike_G","Survivor","Neutralize+1","Dagger Spray","Choke+1","Endless Agony","Blade Dance+1","Corpse Explosion","Footwork+1","Dodge and Roll"],"relics":["Ring of the Snake","Ancient Tea Set","Bottled Flame","Bag of Preparation"],"potions_floor_usage":[5,5],"damage_taken":[{"damage":0,"enemies":"2 Louse","floor":1,"turns":3},{"damage":0,"enemies":"Jaw Worm","floor":2,"turns":6},{"damage":0,"enemies":"Small Slimes","floor":5,"turns":1},{"damage":53,"enemies":"Gremlin Nob","floor":7,"turns":5},{"damage":0,"enemies":"3 Louse","floor":10,"turns":2},{"damage":0,"enemies":"Red Slaver","floor":14,"turns":2},{"damage":28,"enemies":"Hexaghost","floor":16,"turns":13}],"seed_played":"7830168486690508325","potions_obtained":[{"floor":2,"key":"Swift Potion"},{"floor":7,"key":"Ancient Potion"}],"is_trial":false,"path_per_floor":["M","M","?","$","M","R","E","?","T","M","R","$","R","M","R","B"],"character_chosen":"THE_SILENT","items_purchased":["Endless Agony","PowerPotion","Bag of Preparation"],"campfire_rested":0,"item_purchase_floors":[4,4,12],"current_hp_per_floor":[59,59,59,59,59,59,6,28,28,28,28,28,28,28,28,0],"gold":30,"neow_bonus":"HUNDRED_GOLD","is_prod":false,"is_daily":false,"chose_seed":false,"campfire_upgraded":4,"win_rate":0,"timestamp":1553966640,"path_taken":["M","M","?","$","M","R","E","?","T","M","R","$","R","M","R","BOSS"],"build_version":"2019-01-23","purchased_purges":1,"victory":false,"max_hp_per_floor":[66,66,66,66,66,66,66,66,66,66,66,66,66,66,66,66],"card_choices":[{"not_picked":["Cloak And Dagger","Dodge and Roll"],"picked":"Dagger Spray","floor":1},{"not_picked":["Dagger Throw","Slice"],"picked":"Choke","floor":2},{"not_picked":["Bouncing Flask","Choke"],"picked":"Blade Dance","floor":5},{"not_picked":["Dash","Deflect"],"picked":"Corpse Explosion","floor":7},{"not_picked":["Prepared","Deadly Poison"],"picked":"Footwork","floor":10},{"not_picked":["All Out Attack","Riddle With Holes"],"picked":"Dodge and Roll","floor":14}],"player_experience":1015724,"relics_obtained":[{"floor":7,"key":"Ancient Tea Set"},{"floor":9,"key":"Bottled Flame"}],"event_choices":[{"cards_removed":["Strike_G"],"damage_healed":0,"gold_gain":0,"player_choice":"Card Removal","damage_taken":0,"max_hp_gain":0,"max_hp_loss":0,"event_name":"The Cleric","floor":3,"gold_loss":50},{"damage_healed":22,"gold_gain":0,"player_choice":"Banana","damage_taken":0,"max_hp_gain":0,"max_hp_loss":0,"event_name":"Big Fish","floor":8,"gold_loss":0}],"is_beta":false,"boss_relics":[],"items_purged_floors":[4],"is_endless":false,"potions_floor_spawned":[2,7],"killed_by":"Hexaghost","ascension_level":14}