{"gold_per_floor":[210,210,260,71,85,85,235,235,235,235,246,258,258,268,268,339,339,352,352,352,370,387,387],"floor_reached":23,"playtime":710,"items_purged":["Strike_R"],"score":335,"play_id":"fc4aa899-2226-4c8a-a0b2-0de1487faadb","local_time":"20190706134809","is_ascension_mode":true,"campfire_choices":[{"data":"Flex","floor":6,"key":"SMITH"},{"data":"Bash","floor":8,"key":"SMITH"},{"data":"Heavy Blade","floor":10,"key":"SMITH"},{"data":"Body Slam","floor":13,"key":"SMITH"},{"data":"Ghostly Armor","floor":15,"key":"SMITH"}],"neow_cost":"NONE","seed_source_timestamp":15415586517900,"circlet_count":0,"master_deck":["AscendersBane","Strike_R","Strike_R","Strike_R","Strike_R","Defend_R","Defend_R","Defend_R","Defend_R","Bash+1","True Grit+1","Flex+1","Heavy Blade+1","Twin Strike","Doubt","Ghostly Armor+1","Body Slam+1","Headbutt","Bludgeon","Battle Trance","Decay","Shrug It Off","Spot Weakness"],"relics":["Burning Blood","Thread and Needle","Sozu","Charon\u0027s Ashes"],"potions_floor_usage":[12,16,18],"damage_taken":[{"damage":4,"enemies":"2 Louse","floor":1,"turns":4},{"damage":6,"enemies":"Cultist","floor":5,"turns":3},{"damage":0,"enemies":"Small Slimes","floor":11,"turns":3},{"damage":4,"enemies":"Exordium Thugs","floor":12,"turns":6},{"damage":0,"enemies":"2 Fungi Beasts","floor":14,"turns":4},{"damage":55,"enemies":"The Guardian","floor":16,"turns":13},{"damage":9,"enemies":"Shell Parasite","floor":18,"turns":5},{"damage":5,"enemies":"Chosen","floor":21,"turns":5},{"damage":5,"enemies":"Snecko","floor":22,"turns":4},{"damage":62,"enemies":"Book of Stabbing","floor":23,"turns":5}],"seed_played":"8658767234253318891","potions_obtained":[{"floor":1,"key":"FearPotion"},{"floor":12,"key":"Strength Potion"},{"floor":16,"key":"Weak Potion"}],"is_trial":false,"path_per_floor":["M","?","?","$","M","R","?","R","T","R","M","M","R","M","R","B",null,"M","?","T","M","M","E"],"character_chosen":"IRONCLAD","items_purchased":["Flex","Heavy Blade"],"campfire_rested":0,"item_purchase_floors":[4,4],"current_hp_per_floor":[70,70,63,63,63,63,63,63,63,63,69,71,71,75,75,26,63,60,60,60,61,62,0],"gold":387,"neow_bonus":"HUNDRED_GOLD","is_prod":false,"is_daily":false,"chose_seed":false,"campfire_upgraded":5,"win_rate":0,"timestamp":1562413689,"path_taken":["M","?","?","$","?","R","?","R","T","R","M","M","R","M","R","BOSS","M","?","?","M","M","E"],"build_version":"2019-07-05","purchased_purges":1,"victory":false,"max_hp_per_floor":[75,75,75,75,75,75,75,75,75,75,75,75,75,75,75,75,75,75,75,75,75,75,75],"card_choices":[{"not_picked":["Burning Pact","Clothesline"],"picked":"True Grit","floor":1},{"not_picked":["Dropkick","Bloodletting"],"picked":"Twin Strike","floor":5},{"not_picked":["Warcry","Perfected Strike"],"picked":"Ghostly Armor","floor":11},{"not_picked":["Fire Breathing","Dropkick"],"picked":"Body Slam","floor":12},{"not_picked":["Twin Strike","Immolate"],"picked":"Headbutt","floor":14},{"not_picked":["Feed","Berserk"],"picked":"Bludgeon","floor":16},{"not_picked":["Ghostly Armor","Fire Breathing"],"picked":"Battle Trance","floor":18},{"not_picked":["Cleave","Havoc"],"picked":"Shrug It Off","floor":21},{"not_picked":["Sentinel+1","Bloodletting"],"picked":"Spot Weakness","floor":22}],"player_experience":1615764,"relics_obtained":[{"floor":9,"key":"Thread and Needle"},{"floor":20,"key":"Charon\u0027s Ashes"}],"event_choices":[{"damage_healed":0,"gold_gain":0,"player_choice":"Grow","damage_taken":0,"max_hp_gain":0,"max_hp_loss":0,"event_name":"Living Wall","floor":2,"gold_loss":0,"cards_upgraded":["True Grit"]},{"damage_healed":0,"gold_gain":50,"player_choice":"Touch","damage_taken":7,"max_hp_gain":0,"max_hp_loss":0,"event_name":"FaceTrader","floor":3,"gold_loss":0},{"damage_healed":0,"gold_gain":150,"player_choice":"AGREE","damage_taken":0,"max_hp_gain":0,"max_hp_loss":0,"event_name":"Liars Game","floor":7,"gold_loss":0,"cards_obtained":["Doubt"]},{"damage_healed":0,"gold_gain":0,"player_choice":"Smashed Altar","damage_taken":0,"max_hp_gain":0,"max_hp_loss":0,"event_name":"Forgotten Altar","floor":19,"gold_loss":0,"cards_obtained":["Decay"]}],"is_beta":false,"boss_relics":[{"not_picked":["Philosopher\u0027s Stone","Black Star"],"picked":"Sozu"}],"items_purged_floors":[4],"is_endless":false,"potions_floor_spawned":[1,12,16,18,21],"killed_by":"Book of Stabbing","ascension_level":17}