{"gold_per_floor":[119,32,107,107,127,152,152,184,184,197,197,210,224,114,114,215,215,235,235,247,264,274,274,288,188,188,202,202,236,249,268,268,369,369,381,233,233,249,260,291,308,308,308,227,227,26,59,59,59,59],"floor_reached":51,"playtime":5379,"items_purged":["Strike_G","Strike_G","Strike_G","Strike_G"],"score":764,"play_id":"5a6408cb-7093-4a0b-b28c-93cab835ce44","local_time":"20190324105330","is_ascension_mode":false,"campfire_choices":[{"data":"Sucker Punch","floor":7.0,"key":"SMITH"},{"data":"Neutralize","floor":11.0,"key":"SMITH"},{"data":"Malaise","floor":15.0,"key":"SMITH"},{"data":"Footwork","floor":23.0,"key":"SMITH"},{"data":"Dagger Spray","floor":28.0,"key":"SMITH"},{"data":"Backflip","floor":32.0,"key":"SMITH"},{"floor":42,"key":"REST"},{"data":"Footwork","floor":45,"key":"SMITH"},{"floor":49,"key":"REST"}],"neow_cost":"NONE","seed_source_timestamp":0,"circlet_count":0,"master_deck":["Defend_G","Defend_G","Defend_G","Defend_G","Survivor","Neutralize+1","Backflip","Sucker Punch+1","Well Laid Plans","Dash","Backflip+1","Terror","Malaise+1","Flying Knee","Leg Sweep","After Image","Footwork+1","Backstab+1","Dagger Spray+1","Backstab+1","Tools of the Trade","Backflip","Escape Plan+1","Acrobatics","Backstab+1","Dagger Spray+1","Footwork+1","Blade Dance","Infinite Blades","Dodge and Roll+1"],"special_seed":0,"relics":["Ring of the Snake","NeowsBlessing","Mango","Dream Catcher","Tingsha","Philosopher\u0027s Stone","Pantograph","Molten Egg 2","WristBlade","PreservedInsect","Shuriken","Gambling Chip"],"potions_floor_usage":[40,50,50,50],"damage_taken":[{"damage":0.0,"enemies":"Small Slimes","floor":1.0,"turns":1.0},{"damage":0.0,"enemies":"Jaw Worm","floor":5.0,"turns":1.0},{"damage":0.0,"enemies":"Gremlin Nob","floor":6.0,"turns":1.0},{"damage":11.0,"enemies":"3 Sentries","floor":8.0,"turns":11.0},{"damage":0.0,"enemies":"2 Louse","floor":10.0,"turns":2.0},{"damage":4.0,"enemies":"Lots of Slimes","floor":12.0,"turns":5.0},{"damage":3.0,"enemies":"Red Slaver","floor":13.0,"turns":3.0},{"damage":0.0,"enemies":"Hexaghost","floor":16.0,"turns":15.0},{"damage":15.0,"enemies":"3 Byrds","floor":18.0,"turns":8.0},{"damage":0.0,"enemies":"Shell Parasite","floor":20.0,"turns":7.0},{"damage":1.0,"enemies":"Shelled Parasite and Fungi","floor":21.0,"turns":7.0},{"damage":0.0,"enemies":"Snecko","floor":22.0,"turns":7.0},{"damage":0.0,"enemies":"Centurion and Healer","floor":24.0,"turns":7.0},{"damage":10.0,"enemies":"Sentry and Sphere","floor":27.0,"turns":8.0},{"damage":13.0,"enemies":"Gremlin Leader","floor":29.0,"turns":8.0},{"damage":5.0,"enemies":"Snake Plant","floor":30.0,"turns":4.0},{"damage":0.0,"enemies":"3 Cultists","floor":31.0,"turns":6.0},{"damage":17.0,"enemies":"Automaton","floor":33.0,"turns":16.0},{"damage":0,"enemies":"3 Shapes","floor":35,"turns":5},{"damage":7,"enemies":"Orb Walker","floor":38,"turns":3},{"damage":16,"enemies":"Transient","floor":39,"turns":5},{"damage":46,"enemies":"Giant Head","floor":40,"turns":12},{"damage":10,"enemies":"Maw","floor":41,"turns":9},{"damage":16,"enemies":"Nemesis","floor":47,"turns":7},{"damage":17,"enemies":"Donu and Deca","floor":50,"turns":12}],"seed_played":"5304251731024298079","potions_obtained":[{"floor":6.0,"key":"Regen Potion"},{"floor":10.0,"key":"GhostInAJar"},{"floor":12.0,"key":"Swift Potion"},{"floor":18.0,"key":"Energy Potion"},{"floor":22.0,"key":"Block Potion"},{"floor":33.0,"key":"SteroidPotion"},{"floor":39,"key":"SteroidPotion"},{"floor":41,"key":"Block Potion"},{"floor":47,"key":"Weak Potion"}],"is_trial":false,"path_per_floor":["M","$","?","?","M","E","R","E","T","M","R","M","M","$","R","B",null,"M","?","M","M","M","R","M","$","T","M","R","E","M","M","R","B",null,"M","$","?","M","M","E","M","R","T","$","R","$","E","?","R","B",null],"character_chosen":"THE_SILENT","items_purchased":["Sucker Punch","Well Laid Plans","Leg Sweep","Backflip","Footwork","Blade Dance"],"campfire_rested":2,"item_purchase_floors":[2,2,14,36,44,46],"current_hp_per_floor":[70,70,59,52,52,66,66,55,55,55,55,51,48,48,48,48,84,69,61,61,75,75,75,75,75,75,65,65,52,47,47,47,55,84,84,84,84,77,61,15,5,30,30,30,30,30,14,14,39,47],"gold":59,"neow_bonus":"THREE_ENEMY_KILL","is_prod":false,"is_daily":false,"chose_seed":false,"campfire_upgraded":7,"win_rate":0.0,"timestamp":1553450010,"path_taken":["M","$","?","?","M","E","R","E","T","M","R","M","M","$","R","BOSS","M","?","?","M","M","R","M","$","T","M","R","E","M","M","R","BOSS","M","$","?","M","M","E","M","R","T","$","R","$","E","?","R","BOSS"],"build_version":"2019-01-23","purchased_purges":4,"victory":true,"max_hp_per_floor":[70,70,70,70,70,84,84,84,84,84,84,84,84,84,84,84,84,84,84,84,84,84,84,84,84,84,84,84,84,84,84,84,84,84,84,84,84,84,84,84,84,84,84,84,84,84,84,84,84,84],"card_choices":[{"not_picked":["Deflect","Underhanded Strike"],"picked":"Backflip","floor":1.0},{"not_picked":["Reflex","Dodge and Roll","Poisoned Stab"],"picked":"SKIP","floor":5.0},{"not_picked":["PiercingWail","Well Laid Plans"],"picked":"Dash","floor":6.0},{"not_picked":["Slice","Leg Sweep"],"picked":"Backflip","floor":8.0},{"not_picked":["Riddle With Holes","Slice"],"picked":"Terror","floor":10.0},{"not_picked":["Prepared","Poisoned Stab"],"picked":"Malaise","floor":12.0},{"not_picked":["Blade Dance","Endless Agony"],"picked":"Flying Knee","floor":13.0},{"not_picked":["Bullet Time","Doppelganger"],"picked":"After Image","floor":16.0},{"not_picked":["Crippling Poison","Prepared"],"picked":"Footwork","floor":18.0},{"not_picked":["Deflect","Predator"],"picked":"Backstab+1","floor":20.0},{"not_picked":["PiercingWail","Dagger Throw","Quick Slash"],"picked":"SKIP","floor":21.0},{"not_picked":["Slice","Adrenaline"],"picked":"Dagger Spray","floor":22.0},{"not_picked":["Dodge and Roll+1","Caltrops+1","Poisoned Stab"],"picked":"SKIP","floor":24.0},{"not_picked":["Deflect","Blade Dance","Prepared"],"picked":"SKIP","floor":27.0},{"not_picked":["Endless Agony","Choke"],"picked":"Backstab","floor":29.0},{"not_picked":["Blade Dance","Envenom","Dagger Throw+1"],"picked":"SKIP","floor":30.0},{"not_picked":["Dagger Throw+1","Dash+1","Calculated Gamble"],"picked":"SKIP","floor":31.0},{"not_picked":["Venomology","Die Die Die+1"],"picked":"Tools of the Trade","floor":33.0},{"not_picked":["Sucker Punch+1","Prepared+1","Eviscerate+1"],"picked":"SKIP","floor":35},{"not_picked":["PiercingWail","Crippling Poison"],"picked":"Escape Plan+1","floor":38},{"not_picked":["Prepared+1","Eviscerate+1"],"picked":"Acrobatics","floor":39},{"not_picked":["Expertise","Sucker Punch+1"],"picked":"Backstab+1","floor":40},{"not_picked":["Quick Slash+1","Leg Sweep+1","Crippling Poison+1"],"picked":"SKIP","floor":41},{"not_picked":["Eviscerate+1","Slice+1"],"picked":"Dagger Spray+1","floor":42},{"not_picked":["Blade Dance+1","Prepared+1"],"picked":"Infinite Blades","floor":47},{"not_picked":["Blade Dance","Flying Knee+1"],"picked":"Dodge and Roll+1","floor":49}],"player_experience":2696,"relics_obtained":[{"floor":6.0,"key":"Mango"},{"floor":8.0,"key":"Dream Catcher"},{"floor":9.0,"key":"Tingsha"},{"floor":26.0,"key":"Pantograph"},{"floor":29.0,"key":"Molten Egg 2"},{"floor":40,"key":"PreservedInsect"},{"floor":43,"key":"Shuriken"},{"floor":47,"key":"Gambling Chip"}],"event_choices":[{"damage_healed":0.0,"max_hp_gain":0.0,"max_hp_loss":0.0,"gold_gain":75.0,"event_name":"World of Goop","player_choice":"Gather Gold","floor":3.0,"gold_loss":0.0,"damage_taken":11.0},{"cards_removed":["Strike_G"],"damage_healed":0.0,"max_hp_gain":0.0,"max_hp_loss":0.0,"gold_gain":0.0,"event_name":"Golden Wing","player_choice":"Card Removal","floor":4.0,"gold_loss":0.0,"damage_taken":7.0},{"damage_healed":0.0,"max_hp_gain":0.0,"max_hp_loss":0.0,"gold_gain":0.0,"event_name":"Knowing Skull","player_choice":"","floor":19.0,"potions_obtained":[],"gold_loss":0.0,"damage_taken":8.0,"cards_obtained":[]},{"damage_healed":0,"gold_gain":0,"player_choice":"Ignored","damage_taken":0,"max_hp_gain":0,"max_hp_loss":0,"event_name":"Tomb of Lord Red Mask","floor":37,"gold_loss":0},{"cards_removed":["Defend_G"],"damage_healed":0,"gold_gain":0,"player_choice":"Purged","damage_taken":0,"max_hp_gain":0,"max_hp_loss":0,"event_name":"Purifier","floor":48,"gold_loss":0}],"is_beta":false,"boss_relics":[{"not_picked":["Coffee Dripper","Runic Pyramid"],"picked":"Philosopher\u0027s Stone"},{"not_picked":["Lizard Tail","Astrolabe"],"picked":"WristBlade"}],"items_purged_floors":[14,25,36,46],"is_endless":false,"potions_floor_spawned":[6,10,12,18,22,24,33,39,41,47],"ascension_level":0}