{"gold_per_floor":[112,123,48,65,78,106,106,140,222,222,52,52,81,95,95,199,199,218,418,432,432,38,38,73,93,93,93,93,93,119,135,135,232,232,249,263,279,298,26,59,59,75,75,103,115,115,128,154,154,154],"floor_reached":51,"playtime":3198,"items_purged":["Normality","Strike_R","Strike_R","Combust"],"score":984,"play_id":"329f5dd5-c005-453a-b88c-37314898e747","local_time":"20190829192103","is_ascension_mode":true,"campfire_choices":[{"floor":7,"key":"REST"},{"floor":10,"key":"REST"},{"floor":15,"key":"REST"},{"data":"Heavy Blade","floor":23,"key":"SMITH"},{"data":"Demon Form","floor":27,"key":"SMITH"},{"data":"Corruption","floor":29,"key":"SMITH"},{"floor":32,"key":"REST"},{"data":"Battle Trance","floor":46,"key":"SMITH"},{"data":"Uppercut","floor":49,"key":"SMITH"}],"neow_cost":"CURSE","seed_source_timestamp":5644552381930,"circlet_count":0,"master_deck":["Strike_R","Defend_R","Defend_R","Defend_R","Defend_R","Bash","Corruption+1","Demon Form+1","Pommel Strike","Whirlwind+1","Inflame","Shrug It Off","Reaper","Heavy Blade+1","Feel No Pain+1","Spot Weakness","Rupture+1","Shrug It Off+1","Heavy Blade+1","Reaper","Pummel+1","Uppercut+1","Disarm+1","Inflame","Uppercut+1","Inflame","Havoc+1","Shrug It Off+1","Shame","Battle Trance+1","Heavy Blade+1"],"relics":["Burning Blood","FossilizedHelix","Orichalcum","Thread and Needle","Darkstone Periapt","Centennial Puzzle","Philosopher\u0027s Stone","OrangePellets","Nunchaku","Bottled Flame","Bag of Marbles","Cursed Key","Oddly Smooth Stone","Meat on the Bone","Happy Flower","Dodecahedron"],"potions_floor_usage":[8,13,16,25,30,33,36,41,42,44,50,50,50],"damage_taken":[{"damage":11,"enemies":"Jaw Worm","floor":1,"turns":5},{"damage":0,"enemies":"2 Louse","floor":2,"turns":3},{"damage":0,"enemies":"Cultist","floor":4,"turns":4},{"damage":44,"enemies":"Large Slime","floor":5,"turns":14},{"damage":40,"enemies":"3 Sentries","floor":6,"turns":9},{"damage":36,"enemies":"Gremlin Nob","floor":8,"turns":5},{"damage":13,"enemies":"3 Sentries","floor":13,"turns":6},{"damage":0,"enemies":"3 Louse","floor":14,"turns":2},{"damage":51,"enemies":"The Guardian","floor":16,"turns":10},{"damage":31,"enemies":"3 Byrds","floor":18,"turns":4},{"damage":12,"enemies":"Shell Parasite","floor":20,"turns":5},{"damage":35,"enemies":"Book of Stabbing","floor":24,"turns":5},{"damage":27,"enemies":"Centurion and Healer","floor":25,"turns":4},{"damage":24,"enemies":"Gremlin Leader","floor":30,"turns":4},{"damage":1,"enemies":"3 Cultists","floor":31,"turns":3},{"damage":60,"enemies":"Collector","floor":33,"turns":7},{"damage":13,"enemies":"Orb Walker","floor":35,"turns":4},{"damage":16,"enemies":"3 Shapes","floor":36,"turns":1},{"damage":17,"enemies":"Spire Growth","floor":37,"turns":4},{"damage":19,"enemies":"Maw","floor":38,"turns":6},{"damage":0,"enemies":"Giant Head","floor":40,"turns":6},{"damage":0,"enemies":"Transient","floor":41,"turns":4},{"damage":28,"enemies":"Sphere and 2 Shapes","floor":42,"turns":5},{"damage":70,"enemies":"Nemesis","floor":44,"turns":9},{"damage":0,"enemies":"Spire Growth","floor":45,"turns":4},{"damage":2,"enemies":"Jaw Worm Horde","floor":47,"turns":3},{"damage":19,"enemies":"Reptomancer","floor":48,"turns":4},{"damage":50,"enemies":"Awakened One","floor":50,"turns":11}],"seed_played":"8681559616147924717","potions_obtained":[{"floor":6,"key":"Regen Potion"},{"floor":8,"key":"Strength Potion"},{"floor":13,"key":"SmokeBomb"},{"floor":14,"key":"Regen Potion"},{"floor":18,"key":"BloodPotion"},{"floor":24,"key":"SteroidPotion"},{"floor":25,"key":"SkillPotion"},{"floor":33,"key":"SteroidPotion"},{"floor":37,"key":"SpeedPotion"},{"floor":38,"key":"LiquidBronze"},{"floor":45,"key":"Dexterity Potion"},{"floor":47,"key":"Explosive Potion"},{"floor":48,"key":"Block Potion"}],"is_trial":false,"path_per_floor":["M","M","$","M","M","E","R","E","T","R","$","?","E","M","R","B",null,"M","?","M","?","$","R","E","M","T","R","?","R","E","M","R","B",null,"M","M","M","M","$","E","M","M","T","E","M","R","M","E","R","B",null],"character_chosen":"IRONCLAD","items_purchased":["Combust","OrangePellets","Spot Weakness","Uppercut","Inflame"],"campfire_rested":4,"item_purchase_floors":[11,22,22,39,39],"current_hp_per_floor":[75,80,80,80,42,8,32,16,16,40,40,40,33,39,63,33,80,66,66,69,69,69,69,40,45,45,45,45,45,27,32,56,79,80,73,63,68,80,80,80,80,58,64,32,50,50,75,62,62,64],"gold":154,"neow_bonus":"ONE_RARE_RELIC","is_prod":false,"is_daily":false,"chose_seed":false,"campfire_upgraded":5,"win_rate":0,"timestamp":1567120863,"path_taken":["M","M","$","M","M","E","R","E","T","R","$","?","E","M","R","BOSS","M","?","?","?","$","R","E","M","T","R","?","R","E","M","R","BOSS","M","M","M","M","$","E","M","M","T","E","M","R","?","E","R","BOSS"],"build_version":"2019-07-17","purchased_purges":4,"victory":true,"max_hp_per_floor":[80,80,80,80,80,80,80,80,80,80,80,80,80,80,80,80,80,80,80,80,80,80,80,80,80,80,80,80,80,80,80,80,80,80,80,80,80,80,80,80,80,80,86,86,86,86,86,86,86,86],"card_choices":[{"not_picked":["True Grit","Pommel Strike"],"picked":"Corruption","floor":1},{"not_picked":["Reckless Charge","Flex","Clothesline"],"picked":"SKIP","floor":2},{"not_picked":["Warcry","Wild Strike","True Grit"],"picked":"SKIP","floor":4},{"not_picked":["Clash","Intimidate"],"picked":"Demon Form","floor":5},{"not_picked":["Flex","Clash"],"picked":"Pommel Strike","floor":6},{"not_picked":["Twin Strike","Iron Wave"],"picked":"Whirlwind","floor":8},{"not_picked":["Clash","Sever Soul"],"picked":"Inflame","floor":13},{"not_picked":["Body Slam","Armaments"],"picked":"Shrug It Off","floor":14},{"not_picked":["Berserk","Immolate"],"picked":"Reaper","floor":16},{"not_picked":["Anger","Sword Boomerang"],"picked":"Heavy Blade","floor":18},{"not_picked":["Burning Pact","Pommel Strike+1"],"picked":"Feel No Pain+1","floor":20},{"not_picked":["Barricade","Carnage+1","Warcry"],"picked":"SKIP","floor":24},{"not_picked":["Perfected Strike","Warcry"],"picked":"Rupture+1","floor":25},{"not_picked":["Clothesline","Carnage"],"picked":"Shrug It Off+1","floor":30},{"not_picked":["Flex","Cleave"],"picked":"Heavy Blade+1","floor":31},{"not_picked":["Impervious","Berserk"],"picked":"Reaper","floor":33},{"not_picked":["Body Slam+1","Iron Wave+1"],"picked":"Pummel+1","floor":35},{"not_picked":["Fire Breathing+1","Perfected Strike"],"picked":"Uppercut+1","floor":36},{"not_picked":["Inflame+1","Iron Wave"],"picked":"Disarm+1","floor":37},{"not_picked":["Combust+1","Burning Pact"],"picked":"Inflame","floor":38},{"not_picked":["Dropkick+1","Entrench+1"],"picked":"Havoc+1","floor":40},{"not_picked":["Armaments","Anger+1"],"picked":"Shrug It Off+1","floor":42},{"not_picked":["Havoc","Thunderclap+1","Corruption+1"],"picked":"SKIP","floor":44},{"not_picked":["Power Through+1","Sever Soul+1"],"picked":"Battle Trance","floor":45},{"not_picked":["Thunderclap","Havoc","Blood for Blood"],"picked":"SKIP","floor":47},{"not_picked":["Armaments","Perfected Strike"],"picked":"Heavy Blade+1","floor":48}],"player_experience":336400,"relics_obtained":[{"floor":6,"key":"Orichalcum"},{"floor":8,"key":"Thread and Needle"},{"floor":9,"key":"Darkstone Periapt"},{"floor":13,"key":"Centennial Puzzle"},{"floor":24,"key":"Nunchaku"},{"floor":26,"key":"Bottled Flame"},{"floor":30,"key":"Bag of Marbles"},{"floor":40,"key":"Oddly Smooth Stone"},{"floor":43,"key":"Meat on the Bone"},{"floor":44,"key":"Happy Flower"},{"floor":48,"key":"Dodecahedron"}],"event_choices":[{"cards_removed":["Strike_R"],"damage_healed":0,"gold_gain":0,"player_choice":"Forget","damage_taken":0,"max_hp_gain":0,"max_hp_loss":0,"event_name":"Living Wall","floor":12,"gold_loss":0},{"damage_healed":0,"gold_gain":200,"player_choice":"Gold","damage_taken":0,"max_hp_gain":0,"max_hp_loss":0,"event_name":"Wheel of Change","floor":19,"gold_loss":0},{"cards_removed":["Strike_R"],"damage_healed":0,"gold_gain":0,"player_choice":"Elegance","damage_taken":0,"max_hp_gain":0,"max_hp_loss":0,"event_name":"Back to Basics","floor":21,"gold_loss":0},{"damage_healed":0,"gold_gain":0,"player_choice":"Forge","damage_taken":0,"max_hp_gain":0,"max_hp_loss":0,"event_name":"Accursed Blacksmith","floor":28,"gold_loss":0,"cards_upgraded":["Whirlwind"]}],"is_beta":false,"boss_relics":[{"not_picked":["Astrolabe","Ectoplasm"],"picked":"Philosopher\u0027s Stone"},{"not_picked":["Sozu","Orrery"],"picked":"Cursed Key"}],"items_purged_floors":[3,11,22,39],"is_endless":false,"potions_floor_spawned":[6,8,13,14,18,24,25,33,37,38,41,45,47,48],"ascension_level":4}