{"gold_per_floor":[119,119,12,12,33,56,56,81,154,178,203,236,236,259,259,354,354,375,391,146,146,23,23,66,66,141,141,13,13,36,56,56,152,152,177,177,510,102,21,21,40,55,105,117,139,0,30,42,54,66],"floor_reached":51,"playtime":2833,"items_purged":["Strike_B","Strike_B","Genetic Algorithm"],"score":1141,"play_id":"474b5310-e2af-4f86-86c1-49c75f17ffd5","local_time":"20180925185440","is_ascension_mode":true,"campfire_choices":[{"data":"Streamline","floor":7,"key":"SMITH"},{"floor":13,"key":"REST"},{"data":"Defragment","floor":15,"key":"SMITH"},{"data":"Sunder","floor":23,"key":"SMITH"},{"data":"Reinforced Body","floor":25,"key":"SMITH"},{"data":"Hologram","floor":29,"key":"SMITH"},{"data":"Capacitor","floor":32,"key":"SMITH"},{"data":"Hologram","floor":40,"key":"SMITH"},{"data":"Defragment","floor":44,"key":"SMITH"},{"data":"Consume","floor":49,"key":"SMITH"}],"neow_cost":"NONE","seed_source_timestamp":141271273922367,"circlet_count":0,"master_deck":["Zap","Dualcast","AscendersBane","Beam Cell","Defragment+1","Glacier","Streamline+1","Self Repair","Reinforced Body+1","Stack","Cold Snap","Ball Lightning","Compile Driver","Thunder Strike+1","Hologram+1","Conserve Battery","Sunder+1","Capacitor+1","Conserve Battery","Sweeping Beam","Meteor Strike+1","Sweeping Beam","Hologram+1","White Noise","Compile Driver","Barrage","Hologram+1","Defragment+1","Doom and Gloom","Consume+1"],"relics":["Cracked Core","Omamori","Mercury Hourglass","PreservedInsect","Sozu","Membership Card","Tiny Chest","Bag of Marbles","FossilizedHelix","The Courier","MutagenicStrength","Lee\u0027s Waffle","Pandora\u0027s Box","Whetstone","Chemical X","Bronze Scales","Orichalcum","OrangePellets","MawBank","Red Mask","Turnip"],"potions_floor_usage":[16,16,24],"damage_taken":[{"damage":1,"enemies":"Small Slimes","floor":1,"turns":3},{"damage":2,"enemies":"2 Louse","floor":5,"turns":3},{"damage":7,"enemies":"Jaw Worm","floor":6,"turns":4},{"damage":27,"enemies":"Gremlin Gang","floor":8,"turns":4},{"damage":8,"enemies":"3 Louse","floor":10,"turns":2},{"damage":0,"enemies":"Exordium Wildlife","floor":11,"turns":3},{"damage":14,"enemies":"3 Sentries","floor":12,"turns":7},{"damage":0,"enemies":"Looter","floor":14,"turns":3},{"damage":2,"enemies":"Slime Boss","floor":16,"turns":5},{"damage":22,"enemies":"Spheric Guardian","floor":18,"turns":4},{"damage":27,"enemies":"3 Byrds","floor":19,"turns":5},{"damage":8,"enemies":"Gremlin Leader","floor":24,"turns":5},{"damage":16,"enemies":"Snake Plant","floor":30,"turns":3},{"damage":0,"enemies":"Snecko","floor":31,"turns":4},{"damage":48,"enemies":"Automaton","floor":33,"turns":14},{"damage":0,"enemies":"Orb Walker","floor":35,"turns":3},{"damage":0,"enemies":"3 Darklings","floor":41,"turns":3},{"damage":2,"enemies":"Spire Growth","floor":42,"turns":5},{"damage":0,"enemies":"Maw","floor":45,"turns":8},{"damage":14,"enemies":"Reptomancer","floor":47,"turns":5},{"damage":5,"enemies":"Awakened One","floor":50,"turns":15}],"seed_played":"-1879921248385031144","potions_obtained":[{"floor":4,"key":"Block Potion"},{"floor":4,"key":"Weak Potion"},{"floor":5,"key":"FearPotion"},{"floor":6,"key":"PowerPotion"},{"floor":16,"key":"Regen Potion"}],"is_trial":false,"path_per_floor":["M","?","$","?","M","M","R","M","T","M","M","E","R","M","R","B",null,"M","M","$","?","$","R","E","R","T","?","$","R","M","M","R","B",null,"M","?","?","$","$","R","M","M","T","R","M","?","M","T","R","B"],"character_chosen":"DEFECT","items_purchased":["Defragment","Glacier","Membership Card","Tiny Chest","Bag of Marbles","Lee\u0027s Waffle","Whetstone","Chemical X","Bronze Scales","Orichalcum","OrangePellets"],"campfire_rested":1,"item_purchase_floors":[3,3,20,22,22,28,38,38,38,38,39],"current_hp_per_floor":[63,63,63,63,61,54,54,34,34,26,26,19,40,47,47,52,66,51,31,31,31,31,31,42,42,42,42,78,78,62,69,69,28,66,66,66,66,66,66,66,66,71,71,71,78,78,64,64,64,66],"gold":78,"neow_bonus":"RANDOM_COMMON_RELIC","is_prod":false,"is_daily":false,"chose_seed":false,"campfire_upgraded":9,"win_rate":0,"timestamp":1537898080,"path_taken":["M","?","$","?","M","M","R","?","T","M","M","E","R","M","R","BOSS","M","M","$","?","$","R","E","R","T","?","?","R","M","?","R","BOSS","M","?","?","?","$","R","?","M","T","R","M","?","M","?","R","BOSS"],"build_version":"2018-09-20","purchased_purges":3,"victory":true,"max_hp_per_floor":[71,71,71,71,71,71,71,71,71,71,71,71,71,71,71,71,71,71,71,71,71,71,71,71,71,71,71,78,78,78,78,78,78,78,78,78,78,78,78,78,78,78,78,78,78,78,78,78,78,78],"card_choices":[{"not_picked":["Stack","Go for the Eyes"],"picked":"Beam Cell","floor":1},{"not_picked":["Beam Cell","Hello World"],"picked":"Streamline","floor":5},{"not_picked":["Static Discharge","Machine Learning"],"picked":"Self Repair","floor":6},{"not_picked":["Gash","Coolheaded"],"picked":"Reinforced Body","floor":8},{"not_picked":["Aggregate","Fusion"],"picked":"Stack","floor":10},{"not_picked":["Leap","Rebound"],"picked":"Cold Snap","floor":11},{"not_picked":["Gash","Fusion"],"picked":"Ball Lightning","floor":12},{"not_picked":["Fission","Static Discharge"],"picked":"Compile Driver","floor":14},{"not_picked":["Multi-Cast","All For One"],"picked":"Thunder Strike","floor":16},{"not_picked":["Go for the Eyes","Aggregate"],"picked":"Hologram","floor":18},{"not_picked":["Turbo+1","Redo"],"picked":"Conserve Battery","floor":19},{"not_picked":["Electrodynamics","FTL"],"picked":"Capacitor","floor":24},{"not_picked":["Reinforced Body","Compile Driver"],"picked":"Conserve Battery","floor":30},{"not_picked":["Hello World+1","Cold Snap"],"picked":"Sweeping Beam","floor":31},{"not_picked":["Multi-Cast","Buffer"],"picked":"Meteor Strike","floor":33},{"not_picked":["Steam","Go for the Eyes"],"picked":"Hologram+1","floor":35},{"not_picked":["BootSequence","Leap"],"picked":"Defragment","floor":41},{"not_picked":["Coolheaded+1","Rebound"],"picked":"Doom and Gloom","floor":42},{"not_picked":["Doom and Gloom","Ball Lightning"],"picked":"Consume","floor":45},{"not_picked":["Redo","Rainbow","Barrage"],"picked":"SKIP","floor":47}],"player_experience":772903,"relics_obtained":[{"floor":9,"key":"Mercury Hourglass"},{"floor":12,"key":"PreservedInsect"},{"floor":24,"key":"FossilizedHelix"},{"floor":26,"key":"The Courier"},{"floor":43,"key":"MawBank"},{"floor":48,"key":"Turnip"}],"event_choices":[{"event_name":"Golden Idol","player_choice":"Take Wound","floor":2,"damage_taken":0},{"event_name":"The Lab","player_choice":"Got Potions","floor":4,"damage_taken":0},{"event_name":"The Library","player_choice":"Read","floor":21,"damage_taken":0},{"event_name":"Drug Dealer","player_choice":"Inject Mutagens","floor":27,"damage_taken":0},{"event_name":"SensoryStone","player_choice":"Memory 1","floor":36,"damage_taken":0},{"event_name":"The Moai Head","player_choice":"Gave Idol","floor":37,"damage_taken":0},{"event_name":"Tomb of Lord Red Mask","player_choice":"Paid","floor":46,"damage_taken":0}],"is_beta":false,"boss_relics":[{"not_picked":["Ectoplasm","Snecko Eye"],"picked":"Sozu"},{"not_picked":["Runic Dome","Tiny House"],"picked":"Pandora\u0027s Box"}],"items_purged_floors":[20,28,38],"is_endless":false,"potions_floor_spawned":[5,6,12,16,18,19,33,42,47],"ascension_level":14}