{"gold_per_floor":[115,34,49,49,67,94,94,153,201,201,201],"floor_reached":11,"playtime":733,"items_purged":[],"score":142,"play_id":"00811365-451b-483c-92fa-add567abbd56","local_time":"20190707090745","is_ascension_mode":true,"campfire_choices":[{"data":"Neutralize","floor":7,"key":"SMITH"},{"floor":10,"key":"REST"}],"neow_cost":"NONE","seed_source_timestamp":828813350280633,"circlet_count":0,"master_deck":["AscendersBane","Strike_G","Strike_G","Strike_G","Strike_G","Defend_G","Defend_G","Defend_G","Defend_G","Defend_G","Survivor+1","Neutralize+1","Heel Hook","Calculated Gamble","Dash","Blur","Caltrops","Footwork","PiercingWail+1"],"relics":["Ring of the Snake","Sundial","Tiny Chest","War Paint"],"potions_floor_usage":[6,8,11],"damage_taken":[{"damage":0,"enemies":"Small Slimes","floor":1,"turns":3},{"damage":0,"enemies":"Cultist","floor":3,"turns":3},{"damage":0,"enemies":"2 Louse","floor":5,"turns":2},{"damage":34,"enemies":"Lagavulin","floor":6,"turns":12},{"damage":17,"enemies":"3 Sentries","floor":8,"turns":14},{"damage":35,"enemies":"Gremlin Nob","floor":11,"turns":5}],"seed_played":"-3994175545328166251","potions_obtained":[{"floor":3,"key":"Energy Potion"},{"floor":6,"key":"GamblersBrew"},{"floor":8,"key":"LiquidBronze"}],"is_trial":false,"path_per_floor":["M","$","M","?","M","E","R","E","T","R","E"],"character_chosen":"THE_SILENT","items_purchased":["Dash"],"campfire_rested":1,"item_purchase_floors":[2],"current_hp_per_floor":[59,59,59,59,59,25,25,8,8,27,0],"gold":201,"neow_bonus":"TRANSFORM_CARD","is_prod":false,"is_daily":false,"chose_seed":false,"campfire_upgraded":1,"win_rate":0,"timestamp":1562486865,"path_taken":["M","$","M","?","M","E","R","E","T","R","E"],"build_version":"2019-07-05","purchased_purges":0,"victory":false,"max_hp_per_floor":[66,66,66,66,66,66,66,66,66,66,66],"card_choices":[{"not_picked":["Underhanded Strike","Catalyst"],"picked":"Calculated Gamble","floor":1},{"not_picked":["Outmaneuver","Masterful Stab"],"picked":"Blur","floor":3},{"not_picked":["Distraction","Bane"],"picked":"Caltrops","floor":5},{"not_picked":["Slice","Sucker Punch"],"picked":"Footwork","floor":6},{"not_picked":["Quick Slash","Catalyst"],"picked":"PiercingWail","floor":8}],"player_experience":1136651,"relics_obtained":[{"floor":6,"key":"Sundial"},{"floor":8,"key":"Tiny Chest"},{"floor":9,"key":"War Paint"}],"event_choices":[{"damage_healed":0,"gold_gain":0,"player_choice":"Leave","damage_taken":0,"max_hp_gain":0,"max_hp_loss":0,"event_name":"FaceTrader","floor":4,"gold_loss":0}],"is_beta":false,"boss_relics":[],"items_purged_floors":[],"is_endless":false,"potions_floor_spawned":[3,6,8],"killed_by":"Gremlin Nob","ascension_level":15}