{"gold_per_floor":[112,128,128,128,141,168,168,168,195,195,209,222,222,233,233,310,310,327,340,352,365,381,381,414,414],"floor_reached":25,"playtime":1497,"items_purged":[],"score":373,"play_id":"b5533f99-56aa-4e48-a4c2-c1d30f035cad","local_time":"20190618010328","is_ascension_mode":true,"campfire_choices":[{"data":"Conserve Battery","floor":8,"key":"SMITH"},{"data":"Amplify","floor":10,"key":"SMITH"},{"data":"Sweeping Beam","floor":13,"key":"SMITH"},{"data":"FTL","floor":15,"key":"SMITH"},{"floor":23,"key":"REST"}],"neow_cost":"NONE","seed_source_timestamp":2200664507100,"circlet_count":0,"master_deck":["AscendersBane","Strike_B","Strike_B","Strike_B","Strike_B","Defend_B","Defend_B","Defend_B","Defend_B","Zap+1","Dualcast","Conserve Battery+1","Hologram","Amplify+1","Compile Driver","Sweeping Beam+1","Glacier","FTL+1","Fission","Ball Lightning","Coolheaded","Gash+1","White Noise+1","Gash","Melter"],"relics":["Cracked Core","Happy Flower","Blood Vial","Cursed Key","Red Mask"],"potions_floor_usage":[6,11,11,16,16,24,24],"damage_taken":[{"damage":2,"enemies":"Jaw Worm","floor":1,"turns":3},{"damage":0,"enemies":"Cultist","floor":2,"turns":3},{"damage":0,"enemies":"Small Slimes","floor":5,"turns":4},{"damage":32,"enemies":"3 Sentries","floor":6,"turns":10},{"damage":0,"enemies":"Gremlin Gang","floor":11,"turns":2},{"damage":9,"enemies":"Red Slaver","floor":12,"turns":4},{"damage":0,"enemies":"Large Slime","floor":14,"turns":8},{"damage":20,"enemies":"Slime Boss","floor":16,"turns":11},{"damage":0,"enemies":"Shell Parasite","floor":18,"turns":6},{"damage":9,"enemies":"2 Thieves","floor":19,"turns":4},{"damage":11,"enemies":"Sentry and Sphere","floor":20,"turns":6},{"damage":6,"enemies":"Centurion and Healer","floor":21,"turns":7},{"damage":23,"enemies":"Snake Plant","floor":22,"turns":7},{"damage":31,"enemies":"Masked Bandits","floor":24,"turns":4},{"damage":31,"enemies":"Gremlin Leader","floor":25,"turns":6}],"seed_played":"-2515559185166761249","potions_obtained":[{"floor":5,"key":"EssenceOfSteel"},{"floor":6,"key":"FearPotion"},{"floor":7,"key":"Explosive Potion"},{"floor":7,"key":"Block Potion"},{"floor":11,"key":"Explosive Potion"},{"floor":14,"key":"AttackPotion"},{"floor":21,"key":"GamblersBrew"},{"floor":22,"key":"SpeedPotion"}],"is_trial":false,"path_per_floor":["M","M","?","$","M","E","?","R","T","R","M","M","R","M","R","B",null,"M","M","M","M","M","R","?","E"],"character_chosen":"DEFECT","items_purchased":[],"campfire_rested":1,"item_purchase_floors":[],"current_hp_per_floor":[69,69,69,69,69,37,37,37,37,37,39,32,32,34,34,16,63,65,58,49,45,24,47,18,0],"gold":414,"neow_bonus":"TEN_PERCENT_HP_BONUS","is_prod":false,"is_daily":false,"chose_seed":false,"campfire_upgraded":4,"win_rate":0,"timestamp":1560812608,"path_taken":["M","M","?","?","?","E","?","R","T","R","M","?","R","M","R","BOSS","M","M","?","M","M","R","?","E"],"build_version":"2019-01-23","purchased_purges":0,"victory":false,"max_hp_per_floor":[78,78,78,78,78,78,78,78,78,78,78,78,78,78,78,78,78,78,78,78,78,78,78,78,78],"card_choices":[{"not_picked":["Hologram","Skim"],"picked":"Conserve Battery","floor":1},{"not_picked":["Go for the Eyes","Beam Cell"],"picked":"Hologram","floor":2},{"not_picked":["Rebound","Hello World"],"picked":"Amplify","floor":5},{"not_picked":["Steam","Rebound"],"picked":"Compile Driver","floor":6},{"not_picked":["Rip and Tear","Turbo"],"picked":"Sweeping Beam","floor":11},{"not_picked":["Gash","Hologram"],"picked":"Glacier","floor":12},{"not_picked":["Recycle","Tempest"],"picked":"FTL","floor":14},{"not_picked":["Multi-Cast","Rainbow"],"picked":"Fission","floor":16},{"not_picked":["Reinforced Body","Rebound"],"picked":"Ball Lightning","floor":18},{"not_picked":["Stack","Heatsinks"],"picked":"Coolheaded","floor":19},{"not_picked":["Redo+1","Reinforced Body"],"picked":"Gash+1","floor":20},{"not_picked":["Coolheaded","Cold Snap"],"picked":"White Noise+1","floor":21},{"not_picked":["Beam Cell","Core Surge"],"picked":"Gash","floor":22},{"not_picked":["Turbo","Ball Lightning"],"picked":"Melter","floor":24}],"player_experience":1404108,"relics_obtained":[{"floor":6,"key":"Happy Flower"},{"floor":9,"key":"Blood Vial"},{"floor":24,"key":"Red Mask"}],"event_choices":[{"damage_healed":0,"gold_gain":0,"player_choice":"Forge","damage_taken":0,"max_hp_gain":0,"max_hp_loss":0,"event_name":"Accursed Blacksmith","floor":3,"gold_loss":0,"cards_upgraded":["Zap"]},{"damage_healed":0,"gold_gain":0,"player_choice":"Got Potions","damage_taken":0,"max_hp_gain":0,"max_hp_loss":0,"event_name":"Lab","floor":7,"gold_loss":0},{"damage_healed":0,"gold_gain":0,"player_choice":"Fought Bandits","damage_taken":0,"max_hp_gain":0,"max_hp_loss":0,"event_name":"Masked Bandits","floor":24,"gold_loss":0}],"is_beta":false,"boss_relics":[{"not_picked":["Sozu","Calling Bell"],"picked":"Cursed Key"}],"items_purged_floors":[],"is_endless":false,"potions_floor_spawned":[5,6,11,14,21,22],"killed_by":"Gremlin Leader","ascension_level":16}