{"gold_per_floor":[119,119,269,282,164,164,239,265,265,265,282,282,282,300,300,379,379,391,236,252,277,277],"floor_reached":22,"playtime":518,"items_purged":["Doubt","Strike_R"],"score":346,"play_id":"fab34ea6-6b24-494f-ae2f-0aec944d11bb","local_time":"20190722183746","is_ascension_mode":true,"campfire_choices":[{"floor":6,"key":"REST"},{"data":"Shockwave","floor":10,"key":"SMITH"},{"data":"Bludgeon","floor":12,"key":"SMITH"},{"data":"Inflame","floor":15,"key":"SMITH"}],"neow_cost":"PERCENT_DAMAGE","seed_source_timestamp":118090151279900,"circlet_count":0,"master_deck":["AscendersBane","Strike_R+1","Strike_R","Strike_R","Strike_R","Defend_R","Defend_R","Defend_R","Defend_R+1","Bash","Bludgeon+1","Inflame+1","Shockwave+1","Rampage","Inflame","Heavy Blade","Shockwave","Bludgeon","Whirlwind","True Grit","Iron Wave+1"],"relics":["Burning Blood","Bag of Marbles","Bottled Lightning","Art of War","Runic Cube","Smiling Mask"],"potions_floor_usage":[8,8,16,16],"damage_taken":[{"damage":12,"enemies":"Jaw Worm","floor":1,"turns":2},{"damage":0,"enemies":"Small Slimes","floor":4,"turns":2},{"damage":18,"enemies":"Lagavulin","floor":8,"turns":7},{"damage":12,"enemies":"2 Louse","floor":11,"turns":3},{"damage":0,"enemies":"Red Slaver","floor":14,"turns":1},{"damage":8,"enemies":"Hexaghost","floor":16,"turns":7},{"damage":25,"enemies":"Spheric Guardian","floor":18,"turns":4},{"damage":27,"enemies":"2 Thieves","floor":20,"turns":4},{"damage":27,"enemies":"Snake Plant","floor":22,"turns":3}],"seed_played":"-2825041393257198149","potions_obtained":[{"floor":1,"key":"Energy Potion"},{"floor":4,"key":"SkillPotion"},{"floor":11,"key":"Energy Potion"},{"floor":14,"key":"EssenceOfSteel"}],"is_trial":false,"path_per_floor":["M","?","?","M","$","R","?","E","T","R","M","R","T","M","R","B",null,"M","$","M","T","M"],"character_chosen":"IRONCLAD","items_purchased":["Rampage","True Grit"],"campfire_rested":1,"item_purchase_floors":[5,19],"current_hp_per_floor":[44,21,21,27,27,49,38,26,26,26,20,20,20,26,26,24,62,43,43,22,22,0],"gold":277,"neow_bonus":"THREE_RARE_CARDS","is_prod":false,"is_daily":false,"chose_seed":false,"campfire_upgraded":3,"win_rate":0,"timestamp":1563813466,"path_taken":["M","?","?","M","$","R","?","E","T","R","M","R","?","M","R","BOSS","M","$","M","?","M"],"build_version":"2019-07-17","purchased_purges":2,"victory":false,"max_hp_per_floor":[75,75,75,75,75,75,75,75,75,75,75,75,75,75,75,75,75,75,75,75,75,75],"card_choices":[{"not_picked":["Immolate","Exhume"],"picked":"Bludgeon","floor":0},{"not_picked":["Heavy Blade","Clothesline"],"picked":"Inflame","floor":1},{"not_picked":["Thunderclap","Blood for Blood"],"picked":"Shockwave","floor":4},{"not_picked":["Burning Pact","Body Slam"],"picked":"Inflame","floor":8},{"not_picked":["Thunderclap","Body Slam"],"picked":"Heavy Blade","floor":11},{"not_picked":["Fire Breathing","Blood for Blood"],"picked":"Shockwave","floor":14},{"not_picked":["Impervious","Brutality"],"picked":"Bludgeon","floor":16},{"not_picked":["Twin Strike+1","Rampage"],"picked":"Whirlwind","floor":18},{"not_picked":["Perfected Strike","Pummel"],"picked":"Iron Wave+1","floor":20}],"player_experience":1741960,"relics_obtained":[{"floor":8,"key":"Bag of Marbles"},{"floor":9,"key":"Bottled Lightning"},{"floor":13,"key":"Art of War"},{"floor":21,"key":"Smiling Mask"}],"event_choices":[{"damage_healed":0,"gold_gain":0,"player_choice":"Entered Light","damage_taken":23,"max_hp_gain":0,"max_hp_loss":0,"event_name":"Shining Light","floor":2,"gold_loss":0,"cards_upgraded":["Strike_R","Defend_R"]},{"damage_healed":0,"gold_gain":150,"player_choice":"AGREE","damage_taken":0,"max_hp_gain":0,"max_hp_loss":0,"event_name":"Liars Game","floor":3,"gold_loss":0,"cards_obtained":["Doubt"]},{"damage_healed":0,"gold_gain":75,"player_choice":"Gather Gold","damage_taken":11,"max_hp_gain":0,"max_hp_loss":0,"event_name":"World of Goop","floor":7,"gold_loss":0}],"is_beta":false,"boss_relics":[{"not_picked":["Philosopher\u0027s Stone","White Beast Statue"],"picked":"Runic Cube"}],"items_purged_floors":[5,19],"is_endless":false,"potions_floor_spawned":[1,4,11,14],"killed_by":"Snake Plant","ascension_level":18}