{"gold_per_floor":[109,128,139,94,19,19,29,47,47,61,80,80,80,80,80,80],"floor_reached":16,"playtime":198,"items_purged":["Strike_R"],"score":94,"play_id":"9fdf3451-fe7e-493c-9dd8-c67f172db773","local_time":"20191009192130","is_ascension_mode":false,"campfire_choices":[{"data":"Whirlwind","floor":6,"key":"SMITH"},{"floor":12,"key":"REST"},{"floor":15,"key":"REST"}],"neow_cost":"NONE","seed_source_timestamp":277688361352203,"circlet_count":0,"master_deck":["Strike_R","Strike_R","Strike_R","Strike_R","Defend_R","Defend_R","Defend_R","Defend_R","Bash","Carnage","Whirlwind+1"],"relics":["Lizard Tail","Gambling Chip"],"potions_floor_usage":[],"damage_taken":[{"damage":15,"enemies":"Cultist","floor":1,"turns":4},{"damage":10,"enemies":"Small Slimes","floor":2,"turns":3},{"damage":6,"enemies":"2 Louse","floor":3,"turns":2},{"damage":0,"enemies":"Lots of Slimes","floor":7,"turns":1},{"damage":11,"enemies":"Exordium Wildlife","floor":8,"turns":2},{"damage":10,"enemies":"Looter","floor":10,"turns":2},{"damage":6,"enemies":"Exordium Thugs","floor":11,"turns":3},{"damage":0,"enemies":"Slime Boss","floor":16,"turns":1}],"seed_played":"-7167493032219463735","potions_obtained":[{"floor":2,"key":"FearPotion"},{"floor":3,"key":"SneckoOil"},{"floor":8,"key":"Poison Potion"},{"floor":10,"key":"Block Potion"}],"is_trial":false,"path_per_floor":["M","M","M","?","$","R","M","M","T","M","M","R","?","?","R","B"],"character_chosen":"IRONCLAD","items_purchased":[],"campfire_rested":2,"item_purchase_floors":[],"current_hp_per_floor":[65,55,49,49,49,49,49,38,38,28,22,46,46,46,70,70],"gold":80,"neow_bonus":"BOSS_RELIC","is_prod":false,"is_daily":false,"chose_seed":false,"campfire_upgraded":1,"win_rate":0,"timestamp":1570674090,"path_taken":["M","?","M","?","$","R","M","M","T","M","M","R","?","?","R","BOSS"],"build_version":"2019-07-17","purchased_purges":1,"victory":false,"max_hp_per_floor":[80,80,80,80,80,80,80,80,80,80,80,80,80,80,80,80],"card_choices":[{"not_picked":["Havoc","Rage"],"picked":"Carnage","floor":1},{"not_picked":["Disarm","Sever Soul","Seeing Red"],"picked":"SKIP","floor":2},{"not_picked":["Battle Trance","Perfected Strike"],"picked":"Whirlwind","floor":3},{"not_picked":["Headbutt","Whirlwind","Metallicize"],"picked":"SKIP","floor":7},{"not_picked":["Disarm","Sever Soul","Searing Blow"],"picked":"SKIP","floor":8},{"not_picked":["Cleave","Iron Wave","Twin Strike"],"picked":"SKIP","floor":10},{"not_picked":["Entrench","Clothesline","Metallicize"],"picked":"SKIP","floor":11}],"player_experience":375902,"relics_obtained":[{"floor":9,"key":"Gambling Chip"}],"event_choices":[{"damage_healed":0,"gold_gain":0,"player_choice":"Left Gold","damage_taken":0,"max_hp_gain":0,"max_hp_loss":0,"event_name":"World of Goop","floor":4,"gold_loss":45},{"damage_healed":0,"gold_gain":0,"player_choice":"Leave","damage_taken":0,"max_hp_gain":0,"max_hp_loss":0,"event_name":"The Cleric","floor":13,"gold_loss":0},{"damage_healed":0,"gold_gain":0,"player_choice":"Ignored","damage_taken":0,"max_hp_gain":0,"max_hp_loss":0,"event_name":"WeMeetAgain","floor":14,"gold_loss":0}],"is_beta":false,"boss_relics":[],"items_purged_floors":[5],"is_endless":false,"potions_floor_spawned":[2,3,8,10],"killed_by":"Slime Boss","ascension_level":0}