{"gold_per_floor":[18,28,75,225,243,243,270,270,270,270,25,42,61,95,95,166,166,181,200,215,215],"floor_reached":21,"playtime":812,"items_purged":["Doubt"],"score":344,"play_id":"1085a63e-9705-40e2-92a7-da881831e2f2","local_time":"20190826140207","is_ascension_mode":true,"campfire_choices":[{"data":"Zap","floor":6,"key":"SMITH"},{"floor":8,"key":"REST"},{"floor":15,"key":"REST"}],"neow_cost":"NO_GOLD","seed_source_timestamp":1068938424264000,"circlet_count":0,"master_deck":["AscendersBane","Strike_B","Strike_B","Strike_B","Defend_B","Defend_B","Defend_B","Defend_B","Zap+1","Dualcast","Seek","Go for the Eyes","Static Discharge","FTL","Barrage","Self Repair","Sunder","Leap","Gash","Redo","Meteor Strike","Multi-Cast","Storm","Capacitor","Chaos+1"],"relics":["Cracked Core","Happy Flower","Odd Mushroom","Matryoshka","Regal Pillow","Sozu"],"potions_floor_usage":[7,14,16],"damage_taken":[{"damage":1,"enemies":"Cultist","floor":1,"turns":4},{"damage":0,"enemies":"2 Louse","floor":2,"turns":1},{"damage":12,"enemies":"Small Slimes","floor":5,"turns":2},{"damage":25,"enemies":"The Mushroom Lair","floor":7,"turns":4},{"damage":6,"enemies":"Exordium Thugs","floor":12,"turns":3},{"damage":17,"enemies":"Gremlin Gang","floor":13,"turns":4},{"damage":23,"enemies":"Gremlin Nob","floor":14,"turns":4},{"damage":22,"enemies":"The Guardian","floor":16,"turns":12},{"damage":23,"enemies":"Spheric Guardian","floor":18,"turns":4},{"damage":12,"enemies":"3 Byrds","floor":19,"turns":4},{"damage":38,"enemies":"3 Cultists","floor":20,"turns":4},{"damage":16,"enemies":"Chosen and Byrds","floor":21,"turns":3}],"seed_played":"5909024235130497128","potions_obtained":[{"floor":1,"key":"PowerPotion"},{"floor":2,"key":"Swift Potion"},{"floor":14,"key":"Weak Potion"},{"floor":16,"key":"FearPotion"}],"is_trial":false,"path_per_floor":["M","M","T","?","M","R","?","R","T","?","$","M","M","E","R","B",null,"M","M","M","M"],"character_chosen":"DEFECT","items_purchased":["Self Repair","Sunder","Leap"],"campfire_rested":2,"item_purchase_floors":[11,11,11],"current_hp_per_floor":[63,63,63,63,51,51,26,47,47,47,47,48,38,22,58,43,64,48,43,12,0],"gold":215,"neow_bonus":"THREE_RARE_CARDS","is_prod":false,"is_daily":false,"chose_seed":false,"campfire_upgraded":1,"win_rate":0,"timestamp":1566820927,"path_taken":["M","M","?","?","M","R","?","R","T","?","$","?","M","E","R","BOSS","M","?","M","M"],"build_version":"2019-07-17","purchased_purges":1,"victory":false,"max_hp_per_floor":[71,71,71,71,71,71,71,71,71,71,71,71,71,71,71,71,71,71,71,71,71],"card_choices":[{"not_picked":["Creative AI","Amplify"],"picked":"Seek","floor":0},{"not_picked":["Redo","Beam Cell"],"picked":"Go for the Eyes","floor":1},{"not_picked":["Coolheaded","Blizzard"],"picked":"Static Discharge","floor":2},{"not_picked":["Stack","Rip and Tear"],"picked":"FTL","floor":5},{"not_picked":["Blizzard","Rebound"],"picked":"Barrage","floor":7},{"not_picked":["Go for the Eyes","Steam Power"],"picked":"Gash","floor":12},{"not_picked":["Turbo","Rebound"],"picked":"Redo","floor":13},{"not_picked":["Turbo","Rebound"],"picked":"Meteor Strike","floor":14},{"not_picked":["Amplify","Reboot"],"picked":"Multi-Cast","floor":16},{"not_picked":["Ball Lightning","Streamline"],"picked":"Storm","floor":18},{"not_picked":["Coolheaded+1","Melter"],"picked":"Capacitor","floor":19},{"not_picked":["Core Surge","Redo"],"picked":"Chaos+1","floor":20}],"player_experience":1973749,"relics_obtained":[{"floor":3,"key":"Happy Flower"},{"floor":7,"key":"Odd Mushroom"},{"floor":9,"key":"Matryoshka"},{"floor":14,"key":"Regal Pillow"}],"event_choices":[{"damage_healed":0,"gold_gain":150,"player_choice":"AGREE","damage_taken":0,"max_hp_gain":0,"max_hp_loss":0,"event_name":"Liars Game","floor":4,"gold_loss":0,"cards_obtained":["Doubt"]},{"damage_healed":0,"gold_gain":0,"player_choice":"Fought Mushrooms","damage_taken":0,"max_hp_gain":0,"max_hp_loss":0,"event_name":"Mushrooms","floor":7,"gold_loss":0},{"cards_removed":["Strike_B"],"damage_healed":0,"gold_gain":0,"player_choice":"Offered Basic","damage_taken":0,"max_hp_gain":0,"max_hp_loss":0,"event_name":"Bonfire Elementals","floor":10,"gold_loss":0}],"is_beta":false,"boss_relics":[{"not_picked":["Eternal Feather","Calling Bell"],"picked":"Sozu"}],"items_purged_floors":[11],"is_endless":false,"potions_floor_spawned":[1,2,14,16,18,19],"killed_by":"Chosen and Byrds","ascension_level":18}