{"gold_per_floor":[111,168,168,180,105,137,149,173,185,213,240,252,283,328,340,426,438,465,477,7,7,20,20],"floor_reached":23,"playtime":1035,"items_purged":["Strike_R"],"score":452,"play_id":"5474e3df-dde7-4c0a-b42a-dbd35caa6cc8","local_time":"20190217210957","is_ascension_mode":true,"campfire_choices":[{"data":"Clothesline","floor":7.0,"key":"SMITH"},{"data":"Armaments","floor":12.0,"key":"SMITH"},{"floor":15.0,"key":"RECALL"}],"neow_cost":"NONE","seed_source_timestamp":0,"circlet_count":0,"master_deck":["AscendersBane","Strike_R","Strike_R","Defend_R","Defend_R","Defend_R","Defend_R","Bash","Clothesline+1","Wild Strike","Wild Strike","Armaments+1","Cleave","Shrug It Off","Impervious","Immolate","True Grit+1","Jack Of All Trades+1","Headbutt","Body Slam","Entrench+1"],"special_seed":0,"relics":["Burning Blood","NeowsBlessing","Magic Flower","MawBank","Pocketwatch","Pantograph","Fusion Hammer","Toxic Egg 2"],"potions_floor_usage":[23],"damage_taken":[{"damage":0.0,"enemies":"Jaw Worm","floor":1.0,"turns":1.0},{"damage":2.0,"enemies":"2 Louse","floor":4.0,"turns":2.0},{"damage":0.0,"enemies":"3 Sentries","floor":6.0,"turns":2.0},{"damage":10.0,"enemies":"Small Slimes","floor":8.0,"turns":3.0},{"damage":7.0,"enemies":"Exordium Thugs","floor":10.0,"turns":4.0},{"damage":4.0,"enemies":"Gremlin Gang","floor":11.0,"turns":4.0},{"damage":7.0,"enemies":"Red Slaver","floor":13.0,"turns":3.0},{"damage":12.0,"enemies":"Gremlin Nob","floor":14.0,"turns":4.0},{"damage":42.0,"enemies":"The Guardian","floor":16.0,"turns":14.0},{"damage":12.0,"enemies":"Shell Parasite","floor":18.0,"turns":5.0},{"damage":0.0,"enemies":"Chosen","floor":22.0,"turns":3.0},{"damage":75,"enemies":"Slavers","floor":23,"turns":4}],"seed_played":"-1889208874683830606","potions_obtained":[{"floor":6.0,"key":"SpeedPotion"},{"floor":10.0,"key":"Block Potion"},{"floor":11.0,"key":"Block Potion"},{"floor":16.0,"key":"Poison Potion"}],"is_trial":false,"path_per_floor":["M","?","?","M","?","E","R","M","T","M","M","R","M","E","R","B",null,"M","T","$","?","M","E"],"character_chosen":"IRONCLAD","items_purchased":["Toxic Egg 2","True Grit+1","Jack Of All Trades+1"],"campfire_rested":0,"item_purchase_floors":[20,20,20],"current_hp_per_floor":[74,74,74,75,75,75,75,74,74,75,75,75,75,72,72,42,67,64,64,64,64,73,0],"gold":20,"neow_bonus":"THREE_ENEMY_KILL","is_prod":false,"is_daily":false,"chose_seed":false,"campfire_upgraded":2,"win_rate":0,"timestamp":1550434197,"path_taken":["M","?","?","M","?","E","R","M","T","?","?","R","M","E","R","BOSS","M","?","?","?","M","E"],"build_version":"2019-01-23","purchased_purges":1,"victory":false,"max_hp_per_floor":[75,75,75,75,75,75,75,75,75,75,75,75,75,75,75,75,75,75,75,75,75,75,75],"card_choices":[{"not_picked":["Clash","Thunderclap"],"picked":"Clothesline","floor":1.0},{"not_picked":["Battle Trance","Armaments"],"picked":"Wild Strike","floor":4.0},{"not_picked":["Headbutt","Pummel"],"picked":"Wild Strike","floor":6.0},{"not_picked":["Heavy Blade","Clothesline"],"picked":"Armaments","floor":8.0},{"not_picked":["Battle Trance","Headbutt"],"picked":"Cleave","floor":10.0},{"not_picked":["Intimidate","Dual Wield","Twin Strike"],"picked":"SKIP","floor":11.0},{"not_picked":["Blood for Blood","Iron Wave"],"picked":"Shrug It Off","floor":13.0},{"not_picked":["Power Through","Reckless Charge"],"picked":"Impervious","floor":14.0},{"not_picked":["Brutality","Limit Break"],"picked":"Immolate","floor":16.0},{"not_picked":["Havoc","Hemokinesis","Twin Strike+1"],"picked":"SKIP","floor":18.0},{"not_picked":["Metallicize","Seeing Red+1"],"picked":"Entrench+1","floor":22.0}],"player_experience":639313,"relics_obtained":[{"floor":6.0,"key":"MawBank"},{"floor":9.0,"key":"Pocketwatch"},{"floor":14.0,"key":"Pantograph"}],"event_choices":[{"damage_healed":0.0,"max_hp_gain":0.0,"max_hp_loss":0.0,"gold_gain":57.0,"event_name":"Golden Wing","player_choice":"Gained Gold","floor":2.0,"gold_loss":0.0,"damage_taken":0.0},{"damage_healed":0.0,"max_hp_gain":0.0,"max_hp_loss":0.0,"gold_gain":0.0,"event_name":"Big Fish","player_choice":"Box","floor":3.0,"gold_loss":0.0,"damage_taken":0.0,"relics_obtained":["Magic Flower"],"cards_obtained":["Regret"]},{"cards_removed":["Regret"],"damage_healed":0.0,"max_hp_gain":0.0,"max_hp_loss":0.0,"gold_gain":0.0,"event_name":"The Cleric","player_choice":"Card Removal","floor":5.0,"gold_loss":75.0,"damage_taken":0.0},{"damage_healed":0.0,"max_hp_gain":0.0,"max_hp_loss":0.0,"gold_gain":0.0,"cards_transformed":["Strike_R","Strike_R"],"event_name":"Drug Dealer","player_choice":"Became Test Subject","floor":21.0,"gold_loss":0.0,"damage_taken":0.0,"cards_obtained":["Headbutt","Body Slam"]}],"is_beta":false,"boss_relics":[{"not_picked":["Busted Crown","Runic Dome"],"picked":"Fusion Hammer"}],"items_purged_floors":[20],"is_endless":false,"potions_floor_spawned":[6,10,11,16],"killed_by":"Slavers","ascension_level":20}