{"gold_per_floor":[111,129,204,214,18,18,18,43,43,43,8,8,23,56,68,154,166,192,204,227,314,49,49],"floor_reached":23,"playtime":1270,"items_purged":["Strike_G"],"score":325,"play_id":"dfd1d1f3-30f2-4c12-b11e-5ffcd6bec7f6","local_time":"20190311015743","is_ascension_mode":true,"campfire_choices":[{"data":"A Thousand Cuts","floor":6,"key":"SMITH"},{"data":"Neutralize","floor":10,"key":"SMITH"},{"floor":15,"key":"REST"}],"neow_cost":"NONE","seed_source_timestamp":420664372626400,"circlet_count":0,"master_deck":["AscendersBane","Defend_G","Defend_G","Defend_G","Defend_G","Defend_G","Strike_G","Strike_G","Strike_G","Strike_G","Survivor","Neutralize+1","Backflip","Dash","Dodge and Roll","A Thousand Cuts+1","Infinite Blades","Deflect","Sucker Punch","Bullet Time","Crippling Poison","Leg Sweep","Well Laid Plans","Secret Technique"],"relics":["Ring of the Snake","Lantern","Matryoshka","Centennial Puzzle","Singing Bowl","MawBank","White Beast Statue"],"potions_floor_usage":[8,14,20,23,23],"damage_taken":[{"damage":1,"enemies":"Cultist","floor":1,"turns":6},{"damage":1,"enemies":"Jaw Worm","floor":2,"turns":5},{"damage":0,"enemies":"Small Slimes","floor":4,"turns":4},{"damage":19,"enemies":"Lagavulin","floor":8,"turns":11},{"damage":0,"enemies":"Blue Slaver","floor":13,"turns":5},{"damage":13,"enemies":"3 Sentries","floor":14,"turns":6},{"damage":26,"enemies":"The Guardian","floor":16,"turns":16},{"damage":10,"enemies":"2 Thieves","floor":18,"turns":5},{"damage":16,"enemies":"Spheric Guardian","floor":20,"turns":4},{"damage":23,"enemies":"Slavers","floor":23,"turns":3}],"seed_played":"-313584388976281784","potions_obtained":[{"floor":4,"key":"GamblersBrew"},{"floor":13,"key":"PowerPotion"},{"floor":18,"key":"Fire Potion"},{"floor":20,"key":"Strength Potion"}],"is_trial":false,"path_per_floor":["M","M","?","M","$","R","$","E","T","R","?","$","M","E","R","B",null,"M","?","M","?","$","E"],"character_chosen":"THE_SILENT","items_purchased":["A Thousand Cuts","Block Potion","Well Laid Plans","Secret Technique"],"campfire_rested":1,"item_purchase_floors":[5,5,22,22],"current_hp_per_floor":[62,61,50,50,50,50,50,31,31,31,48,48,48,35,56,30,60,50,43,27,20,20,0],"gold":49,"neow_bonus":"RANDOM_COMMON_RELIC","is_prod":false,"is_daily":false,"chose_seed":false,"campfire_upgraded":2,"win_rate":0,"timestamp":1552265863,"path_taken":["M","?","?","M","?","R","$","E","T","R","?","?","?","E","R","BOSS","M","?","?","?","$","E"],"build_version":"2019-01-23","purchased_purges":1,"victory":false,"max_hp_per_floor":[70,70,70,70,70,70,70,70,70,70,70,70,70,70,70,70,70,70,70,70,70,70,70],"card_choices":[{"not_picked":["Deadly Poison","Sucker Punch"],"picked":"Backflip","floor":1},{"not_picked":["Slice","Dagger Spray"],"picked":"Dash","floor":2},{"not_picked":["Deadly Poison","Dagger Spray"],"picked":"Dodge and Roll","floor":4},{"not_picked":["Deflect","Cloak And Dagger"],"picked":"Infinite Blades","floor":8},{"not_picked":["Concentrate","All Out Attack"],"picked":"Deflect","floor":13},{"not_picked":["Bouncing Flask","Deadly Poison"],"picked":"Sucker Punch","floor":14},{"not_picked":["Doppelganger","A Thousand Cuts"],"picked":"Bullet Time","floor":16},{"not_picked":["Slice","Poisoned Stab"],"picked":"Crippling Poison","floor":18},{"not_picked":["Backflip","Eviscerate"],"picked":"Leg Sweep","floor":20}],"player_experience":974914,"relics_obtained":[{"floor":8,"key":"Matryoshka"},{"floor":9,"key":"Centennial Puzzle"},{"floor":9,"key":"Singing Bowl"},{"floor":14,"key":"MawBank"}],"event_choices":[{"damage_healed":0,"gold_gain":75,"player_choice":"Gather Gold","damage_taken":11,"max_hp_gain":0,"max_hp_loss":0,"event_name":"World of Goop","floor":3,"gold_loss":0},{"damage_healed":17,"gold_gain":0,"player_choice":"Healed","damage_taken":0,"max_hp_gain":0,"max_hp_loss":0,"event_name":"The Cleric","floor":11,"gold_loss":35},{"damage_healed":0,"gold_gain":0,"player_choice":"","damage_taken":7,"max_hp_gain":0,"max_hp_loss":0,"event_name":"Knowing Skull","floor":19,"potions_obtained":[],"gold_loss":0,"cards_obtained":[]},{"damage_healed":0,"gold_gain":75,"player_choice":"Touch","damage_taken":7,"max_hp_gain":0,"max_hp_loss":0,"event_name":"FaceTrader","floor":21,"gold_loss":0}],"is_beta":false,"boss_relics":[{"not_picked":["Ectoplasm","Runic Dome"],"picked":"White Beast Statue"}],"items_purged_floors":[22],"is_endless":false,"potions_floor_spawned":[4,13,18,20],"killed_by":"Slavers","ascension_level":13}