{"gold_per_floor":[111,37,37,55,75,104,122,145,200,200,210,230,265,265],"floor_reached":14,"playtime":468,"items_purged":[],"score":189,"play_id":"47663d8e-cd8b-4f5b-bb15-6ee9558ce046","local_time":"20191013201243","is_ascension_mode":true,"campfire_choices":[],"neow_cost":"NONE","seed_source_timestamp":842758025970900,"circlet_count":0,"master_deck":["AscendersBane","Strike_G","Strike_G","Strike_G","Strike_G","Strike_G","Defend_G","Defend_G","Defend_G","Defend_G","Defend_G","Survivor","Neutralize","Forethought","Eviscerate","Poisoned Stab","Corpse Explosion","Underhanded Strike","Dagger Spray","Pain","Leg Sweep","Deadly Poison"],"relics":["Ring of the Snake","Boot","Potion Belt","Odd Mushroom","Tiny Chest","WarpedTongs","Vajra"],"potions_floor_usage":[6,13,14],"damage_taken":[{"damage":4,"enemies":"Jaw Worm","floor":1,"turns":6},{"damage":0,"enemies":"Cultist","floor":4,"turns":4},{"damage":1,"enemies":"Small Slimes","floor":5,"turns":3},{"damage":20,"enemies":"Gremlin Nob","floor":6,"turns":4},{"damage":0,"enemies":"Gremlin Gang","floor":7,"turns":2},{"damage":18,"enemies":"The Mushroom Lair","floor":8,"turns":4},{"damage":2,"enemies":"Lots of Slimes","floor":11,"turns":1},{"damage":0,"enemies":"2 Fungi Beasts","floor":12,"turns":2},{"damage":9,"enemies":"3 Sentries","floor":13,"turns":5},{"damage":13,"enemies":"Blue Slaver","floor":14,"turns":1}],"seed_played":"-5667605866803796173","potions_obtained":[{"floor":1,"key":"Fire Potion"},{"floor":6,"key":"PowerPotion"},{"floor":8,"key":"Strength Potion"},{"floor":13,"key":"Explosive Potion"}],"is_trial":false,"path_per_floor":["M","$","?","M","M","E","M","?","T","?","M","M","E","M"],"character_chosen":"THE_SILENT","items_purchased":["Well Laid Plans"],"campfire_rested":0,"item_purchase_floors":[2],"current_hp_per_floor":[55,55,55,55,54,34,34,16,16,16,14,14,5,0],"gold":265,"neow_bonus":"RANDOM_COLORLESS","is_prod":false,"is_daily":false,"chose_seed":false,"campfire_upgraded":0,"win_rate":0,"timestamp":1570993963,"path_taken":["M","$","?","?","M","E","M","?","T","?","?","?","E","M"],"build_version":"2019-07-17","purchased_purges":0,"victory":false,"max_hp_per_floor":[66,66,66,66,66,66,66,66,66,66,66,66,66,66],"card_choices":[{"not_picked":["Dodge and Roll","Slice"],"picked":"Eviscerate","floor":1},{"not_picked":["Outmaneuver","PiercingWail"],"picked":"Poisoned Stab","floor":4},{"not_picked":["Bouncing Flask","Endless Agony"],"picked":"Corpse Explosion","floor":5},{"not_picked":["Slice","Tactician"],"picked":"Underhanded Strike","floor":6},{"not_picked":["Flechettes","Blade Dance"],"picked":"Dagger Spray","floor":7},{"not_picked":["Flying Knee","Deadly Poison"],"picked":"Leg Sweep","floor":11},{"not_picked":["Unload","Sucker Punch"],"picked":"Deadly Poison","floor":12},{"not_picked":["Blade Dance","Deflect","Setup"],"picked":"SKIP","floor":13}],"player_experience":1224186,"relics_obtained":[{"floor":6,"key":"Potion Belt"},{"floor":8,"key":"Odd Mushroom"},{"floor":9,"key":"Tiny Chest"},{"floor":13,"key":"Vajra"}],"event_choices":[{"cards_removed":["Well Laid Plans"],"damage_healed":0,"gold_gain":0,"player_choice":"Gave Card","damage_taken":0,"relics_obtained":["Boot"],"max_hp_gain":0,"max_hp_loss":0,"event_name":"WeMeetAgain","floor":3,"gold_loss":0},{"damage_healed":0,"gold_gain":0,"player_choice":"Fought Mushrooms","damage_taken":0,"max_hp_gain":0,"max_hp_loss":0,"event_name":"Mushrooms","floor":8,"gold_loss":0},{"damage_healed":0,"gold_gain":0,"player_choice":"Rummage","damage_taken":0,"relics_obtained":["WarpedTongs"],"max_hp_gain":0,"max_hp_loss":0,"event_name":"Accursed Blacksmith","floor":10,"gold_loss":0,"cards_obtained":["Pain"]}],"is_beta":false,"boss_relics":[],"items_purged_floors":[],"is_endless":false,"potions_floor_spawned":[1,6,8,13],"killed_by":"Blue Slaver","ascension_level":17}