{"gold_per_floor":[116,136,136,136,152,183,183,198,221,185,185,205,243,62,62,152,152,176,176,176,190,4,4,4,4,4,23,23,23,23],"floor_reached":30,"playtime":1284,"items_purged":["Injury","Shame"],"score":425,"play_id":"dce9828c-f3f6-4916-895e-ca2fafebedc4","local_time":"20190518141444","is_ascension_mode":true,"campfire_choices":[{"data":"Neutralize","floor":7,"key":"SMITH"},{"floor":11,"key":"REST"},{"floor":15,"key":"REST"},{"data":"Bullet Time","floor":23,"key":"SMITH"},{"data":"Skewer","floor":25,"key":"SMITH"},{"floor":29,"key":"REST"}],"neow_cost":"NONE","seed_source_timestamp":399013039366400,"circlet_count":0,"master_deck":["AscendersBane","Defend_G","Defend_G","Defend_G","Defend_G","Defend_G","Strike_G","Strike_G","Survivor","Neutralize+1","Blade Dance","Backflip","Crippling Poison","Endless Agony","Skewer+1","Flying Knee","Bullet Time+1","Calculated Gamble+1","Writhe","Caltrops","Caltrops","Blade Dance+1"],"relics":["Ring of the Snake","NeowsBlessing","Bloody Idol","Nunchaku","Tough Bandages","Centennial Puzzle","Singing Bowl","Empty Cage","Bag of Preparation","Art of War","Omamori"],"potions_floor_usage":[12,13,16,16,18,30],"damage_taken":[{"damage":0,"enemies":"Cultist","floor":1,"turns":1},{"damage":0,"enemies":"Jaw Worm","floor":2,"turns":1},{"damage":0,"enemies":"2 Louse","floor":5,"turns":1},{"damage":41,"enemies":"3 Sentries","floor":6,"turns":18},{"damage":15,"enemies":"Large Slime","floor":8,"turns":11},{"damage":0,"enemies":"2 Fungi Beasts","floor":12,"turns":4},{"damage":27,"enemies":"Lagavulin","floor":13,"turns":8},{"damage":15,"enemies":"The Guardian","floor":16,"turns":14},{"damage":1,"enemies":"3 Byrds","floor":18,"turns":8},{"damage":22,"enemies":"Spheric Guardian","floor":21,"turns":7},{"damage":17,"enemies":"Centurion and Healer","floor":27,"turns":6},{"damage":49,"enemies":"Gremlin Leader","floor":30,"turns":6}],"seed_played":"-2362086202120118928","potions_obtained":[{"floor":8,"key":"Regen Potion"},{"floor":12,"key":"Regen Potion"},{"floor":16,"key":"Swift Potion"},{"floor":21,"key":"SkillPotion"}],"is_trial":false,"path_per_floor":["M","M","?","T","M","E","R","M","T","?","R","M","E","$","R","B",null,"M","?","?","M","$","R","?","R","T","M","?","R","E"],"character_chosen":"THE_SILENT","items_purchased":["PowerPotion","Strength Potion","Caltrops"],"campfire_rested":3,"item_purchase_floors":[14,14,22],"current_hp_per_floor":[59,59,59,59,59,18,18,3,3,3,22,34,22,22,41,26,56,55,55,55,33,33,33,33,33,33,21,21,40,0],"gold":23,"neow_bonus":"THREE_ENEMY_KILL","is_prod":false,"is_daily":false,"chose_seed":false,"campfire_upgraded":3,"win_rate":0,"timestamp":1558181684,"path_taken":["M","?","?","?","M","E","R","?","T","?","R","M","E","$","R","BOSS","M","?","?","M","$","R","?","R","T","M","?","R","E"],"build_version":"2019-01-23","purchased_purges":2,"victory":false,"max_hp_per_floor":[66,66,66,66,66,66,66,66,66,66,66,66,66,66,66,66,66,66,66,66,66,66,66,66,66,66,66,66,66,66],"card_choices":[{"not_picked":["Acrobatics","Outmaneuver"],"picked":"Blade Dance","floor":1},{"not_picked":["Heel Hook","Bane","Outmaneuver"],"picked":"SKIP","floor":2},{"not_picked":["Sucker Punch","Cloak And Dagger"],"picked":"Backflip","floor":5},{"not_picked":["Underhanded Strike","Masterful Stab"],"picked":"Crippling Poison","floor":6},{"not_picked":["Bane","Blade Dance"],"picked":"Endless Agony","floor":8},{"not_picked":["Burst","Prepared"],"picked":"Skewer","floor":12},{"not_picked":["Eviscerate","Skewer"],"picked":"Flying Knee","floor":13},{"not_picked":["Glass Knife","Unload"],"picked":"Bullet Time","floor":16},{"not_picked":["Crippling Poison","Underhanded Strike"],"picked":"Calculated Gamble+1","floor":18},{"not_picked":["Backflip","Eviscerate"],"picked":"Caltrops","floor":21},{"not_picked":["Prepared","Infinite Blades"],"picked":"Blade Dance+1","floor":27}],"player_experience":1142890,"relics_obtained":[{"floor":4,"key":"Nunchaku"},{"floor":6,"key":"Tough Bandages"},{"floor":9,"key":"Centennial Puzzle"},{"floor":13,"key":"Singing Bowl"},{"floor":26,"key":"Omamori"}],"event_choices":[{"damage_healed":0,"gold_gain":0,"player_choice":"Take Wound","damage_taken":0,"relics_obtained":["Golden Idol"],"max_hp_gain":0,"max_hp_loss":0,"event_name":"Golden Idol","floor":3,"gold_loss":0,"cards_obtained":["Injury"]},{"damage_healed":0,"gold_gain":0,"player_choice":"Left Gold","damage_taken":0,"max_hp_gain":0,"max_hp_loss":0,"event_name":"World of Goop","floor":10,"gold_loss":36},{"damage_healed":0,"gold_gain":0,"player_choice":"Opened","damage_taken":0,"relics_obtained":["Bag of Preparation"],"max_hp_gain":0,"max_hp_loss":0,"event_name":"The Mausoleum","floor":19,"gold_loss":0,"cards_obtained":["Writhe"]},{"damage_healed":0,"gold_gain":0,"player_choice":"Stole Relic","damage_taken":0,"relics_obtained":["Art of War"],"max_hp_gain":0,"max_hp_loss":0,"event_name":"Addict","floor":20,"gold_loss":0,"cards_obtained":["Shame"]},{"damage_healed":0,"gold_gain":0,"player_choice":"Gave Idol","damage_taken":0,"relics_obtained":["Bloody Idol"],"max_hp_gain":0,"max_hp_loss":0,"event_name":"Forgotten Altar","floor":24,"relics_lost":["Golden Idol"],"gold_loss":0},{"cards_removed":["Strike_G"],"damage_healed":0,"gold_gain":0,"player_choice":"Offered Basic","damage_taken":0,"max_hp_gain":0,"max_hp_loss":0,"event_name":"Bonfire Elementals","floor":28,"gold_loss":0}],"is_beta":false,"boss_relics":[{"not_picked":["Calling Bell","Philosopher\u0027s Stone"],"picked":"Empty Cage"}],"items_purged_floors":[14,22],"is_endless":false,"potions_floor_spawned":[8,12,16,21],"killed_by":"Gremlin Leader","ascension_level":16}