{"gold_per_floor":[118,118,132,132,144,144,144,144,144,158,48,48,66,82,82,82],"floor_reached":16,"playtime":616,"items_purged":["Strike_R"],"score":161,"play_id":"2e3fdc6c-c5f3-4fd3-8ec2-2ad05d6adf30","local_time":"20190515040746","is_ascension_mode":true,"campfire_choices":[{"data":"Offering","floor":6,"key":"SMITH"},{"data":"True Grit","floor":8,"key":"SMITH"},{"data":"Armaments","floor":15,"key":"SMITH"}],"neow_cost":"NONE","seed_source_timestamp":104055370248900,"circlet_count":0,"master_deck":["AscendersBane","Strike_R","Strike_R","Strike_R","Defend_R","Defend_R","Defend_R","Defend_R","Bash","Offering+1","True Grit+1","Battle Trance","Dark Embrace","Flame Barrier+1","Warcry","Second Wind","Wild Strike","Armaments+1"],"relics":["Burning Blood","Nunchaku","Dodecahedron"],"potions_floor_usage":[16,16,16],"damage_taken":[{"damage":13,"enemies":"Jaw Worm","floor":1,"turns":2},{"damage":0,"enemies":"Small Slimes","floor":3,"turns":3},{"damage":6,"enemies":"Cultist","floor":5,"turns":3},{"damage":67,"enemies":"Exordium Thugs","floor":10,"turns":9},{"damage":6,"enemies":"Exordium Wildlife","floor":13,"turns":5},{"damage":3,"enemies":"Blue Slaver","floor":14,"turns":6},{"damage":33,"enemies":"Slime Boss","floor":16,"turns":3}],"seed_played":"-721903147100440881","potions_obtained":[{"floor":3,"key":"LiquidBronze"},{"floor":10,"key":"EntropicBrew"},{"floor":14,"key":"BloodPotion"}],"is_trial":false,"path_per_floor":["M","?","M","?","M","R","T","R","T","M","$","?","M","M","R","B"],"character_chosen":"IRONCLAD","items_purchased":["Second Wind"],"campfire_rested":0,"item_purchase_floors":[11],"current_hp_per_floor":[61,66,72,72,72,72,72,72,72,11,11,11,11,14,14,0],"gold":82,"neow_bonus":"ONE_RANDOM_RARE_CARD","is_prod":false,"is_daily":false,"chose_seed":false,"campfire_upgraded":3,"win_rate":0,"timestamp":1557886066,"path_taken":["M","?","M","?","?","R","?","R","T","M","?","?","M","M","R","BOSS"],"build_version":"2019-01-23","purchased_purges":1,"victory":false,"max_hp_per_floor":[75,80,80,80,80,80,80,80,80,80,80,80,80,80,80,80],"card_choices":[{"not_picked":["Thunderclap","Intimidate"],"picked":"True Grit","floor":1},{"not_picked":["Body Slam","Sword Boomerang"],"picked":"Battle Trance","floor":3},{"not_picked":["Entrench","Shrug It Off"],"picked":"Flame Barrier","floor":5},{"not_picked":["Perfected Strike","Pummel"],"picked":"Warcry","floor":10},{"not_picked":["Brutality","Combust"],"picked":"Wild Strike","floor":13},{"not_picked":["Thunderclap","Metallicize"],"picked":"Armaments","floor":14}],"player_experience":1090792,"relics_obtained":[{"floor":7,"key":"Nunchaku"},{"floor":9,"key":"Dodecahedron"}],"event_choices":[{"damage_healed":0,"gold_gain":0,"player_choice":"Donut","damage_taken":0,"max_hp_gain":5,"max_hp_loss":0,"event_name":"Big Fish","floor":2,"gold_loss":0},{"damage_healed":0,"gold_gain":0,"cards_transformed":["Strike_R"],"player_choice":"Transformed","damage_taken":0,"max_hp_gain":0,"max_hp_loss":0,"event_name":"Transmorgrifier","floor":4,"gold_loss":0,"cards_obtained":["Dark Embrace"]},{"damage_healed":0,"gold_gain":0,"player_choice":"Upgraded","damage_taken":0,"max_hp_gain":0,"max_hp_loss":0,"event_name":"Upgrade Shrine","floor":12,"gold_loss":0,"cards_upgraded":["Flame Barrier"]}],"is_beta":false,"boss_relics":[],"items_purged_floors":[11],"is_endless":false,"potions_floor_spawned":[3,10,13,14],"killed_by":"Slime Boss","ascension_level":15}