{"gold_per_floor":[114,114,264,264,264,264,293,368,394,394,420,420,430,21,21,98,98,117,117,134,34,34,34,134,134,134,149,24,24,24,24],"floor_reached":31,"playtime":699,"items_purged":["Doubt","Normality","Strike_G"],"score":513,"play_id":"8bcc4425-fc2e-47c7-b25d-5e8e6f3f9834","local_time":"20190622130010","is_ascension_mode":true,"campfire_choices":[{"data":"Neutralize","floor":6.0,"key":"SMITH"},{"data":"Leg Sweep","floor":10.0,"key":"SMITH"},{"data":"Die Die Die","floor":12.0,"key":"SMITH"},{"data":"Deadly Poison","floor":15.0,"key":"SMITH"},{"data":"Footwork","floor":23,"key":"SMITH"},{"data":"Choke","floor":25,"key":"SMITH"}],"neow_cost":"NONE","seed_source_timestamp":391591948207900,"circlet_count":0,"master_deck":["AscendersBane","Defend_G+1","Defend_G+1","Defend_G+1","Defend_G+1","Defend_G+1","Strike_G+1","Strike_G+1","Strike_G+1","Strike_G+1","Survivor","Neutralize+1","Leg Sweep+1","Deadly Poison+1","Die Die Die+1","Choke+1","Unload","Footwork+1","Die Die Die+1","Concentrate","Noxious Fumes","Underhanded Strike"],"special_seed":0,"relics":["Ring of the Snake","NeowsBlessing","Omamori","Bag of Marbles","WingedGreaves","Unceasing Top","Calling Bell","Bronze Scales","Meat on the Bone","Incense Burner","Turnip","Blue Candle","Ornamental Fan","Orichalcum"],"potions_floor_usage":[20,24,31],"damage_taken":[{"damage":0.0,"enemies":"Jaw Worm","floor":1.0,"turns":1.0},{"damage":0.0,"enemies":"Lagavulin","floor":7.0,"turns":1.0},{"damage":0.0,"enemies":"3 Sentries","floor":11.0,"turns":1.0},{"damage":0.0,"enemies":"Small Slimes","floor":13.0,"turns":1.0},{"damage":27.0,"enemies":"Hexaghost","floor":16.0,"turns":13.0},{"damage":16.0,"enemies":"2 Thieves","floor":18.0,"turns":4.0},{"damage":0,"enemies":"Chosen","floor":20,"turns":3},{"damage":8,"enemies":"Colosseum Slavers","floor":24,"turns":3},{"damage":33,"enemies":"Colosseum Nobs","floor":24,"turns":6},{"damage":8,"enemies":"Snake Plant","floor":27,"turns":4},{"damage":28,"enemies":"Slavers","floor":31,"turns":1}],"seed_played":"434170458726139357","potions_obtained":[{"floor":1.0,"key":"Fire Potion"},{"floor":11.0,"key":"Fire Potion"},{"floor":13.0,"key":"SteroidPotion"},{"floor":18.0,"key":"Energy Potion"},{"floor":27,"key":"Swift Potion"}],"is_trial":false,"path_per_floor":["M","$","?","?","?","R","E","?","T","R","E","R","M","$","R","B",null,"M","?","M","$","?","R","?","R","T","M","$","T","?","E"],"character_chosen":"THE_SILENT","items_purchased":["Unceasing Top"],"campfire_rested":0,"item_purchase_floors":[14],"current_hp_per_floor":[59,59,59,64,43,43,43,32,32,32,32,32,32,32,32,5,55,39,39,39,39,39,39,22,22,22,26,26,26,26,0],"gold":24,"neow_bonus":"THREE_ENEMY_KILL","is_prod":false,"is_daily":false,"chose_seed":false,"campfire_upgraded":6,"win_rate":0,"timestamp":1561201210,"path_taken":["M","$","?","?","?","R","E","?","T","R","E","R","M","?","R","BOSS","M","?","?","?","?","R","?","R","T","M","$","?","?","E"],"build_version":"2019-01-23","purchased_purges":3,"victory":false,"max_hp_per_floor":[66,66,66,71,71,71,71,71,71,71,71,71,71,71,71,71,71,71,71,71,71,71,71,71,71,71,71,71,71,71,71],"card_choices":[{"not_picked":["Well Laid Plans","Flechettes"],"picked":"Leg Sweep","floor":1.0},{"not_picked":["Prepared","Dagger Throw"],"picked":"Deadly Poison","floor":7.0},{"not_picked":["Dodge and Roll","Concentrate"],"picked":"Die Die Die","floor":11.0},{"not_picked":["Bane","Prepared"],"picked":"Choke","floor":13.0},{"not_picked":["Die Die Die","Venomology"],"picked":"Unload","floor":16.0},{"not_picked":["Predator","Noxious Fumes"],"picked":"Footwork","floor":18.0},{"not_picked":["Eviscerate","Outmaneuver"],"picked":"Concentrate","floor":20},{"not_picked":["Outmaneuver","Dagger Throw"],"picked":"Noxious Fumes","floor":24},{"not_picked":["Crippling Poison","Slice"],"picked":"Underhanded Strike","floor":27}],"player_experience":1435960,"relics_obtained":[{"floor":7.0,"key":"Omamori"},{"floor":9.0,"key":"Bag of Marbles"},{"floor":11.0,"key":"WingedGreaves"},{"floor":17.0,"key":"Bronze Scales"},{"floor":17.0,"key":"Meat on the Bone"},{"floor":17.0,"key":"Incense Burner"},{"floor":24,"key":"Turnip"},{"floor":24,"key":"Blue Candle"},{"floor":26,"key":"Ornamental Fan"},{"floor":29,"key":"Orichalcum"}],"event_choices":[{"damage_healed":0.0,"max_hp_gain":0.0,"max_hp_loss":0.0,"gold_gain":150.0,"event_name":"Liars Game","player_choice":"AGREE","floor":3.0,"gold_loss":0.0,"damage_taken":0.0,"cards_obtained":["Doubt"]},{"damage_healed":0.0,"max_hp_gain":5.0,"max_hp_loss":0.0,"gold_gain":0.0,"event_name":"Big Fish","player_choice":"Donut","floor":4.0,"gold_loss":0.0,"damage_taken":0.0},{"damage_healed":0.0,"max_hp_gain":0.0,"max_hp_loss":0.0,"gold_gain":0.0,"event_name":"Shining Light","player_choice":"Entered Light","floor":5.0,"gold_loss":0.0,"damage_taken":21.0,"cards_upgraded":["Strike_G","Strike_G"]},{"damage_healed":0.0,"max_hp_gain":0.0,"max_hp_loss":0.0,"gold_gain":75.0,"event_name":"World of Goop","player_choice":"Gather Gold","floor":8.0,"gold_loss":0.0,"damage_taken":11.0},{"damage_healed":0,"gold_gain":0,"player_choice":"Copied","damage_taken":0,"max_hp_gain":0,"max_hp_loss":0,"event_name":"Duplicator","floor":19,"gold_loss":0,"cards_obtained":["Die Die Die"]},{"damage_healed":0,"gold_gain":0,"player_choice":"Ignored","damage_taken":0,"max_hp_gain":0,"max_hp_loss":0,"event_name":"Beggar","floor":22,"gold_loss":0},{"damage_healed":0,"gold_gain":0,"player_choice":"Fight","damage_taken":0,"max_hp_gain":0,"max_hp_loss":0,"event_name":"Colosseum","floor":24,"gold_loss":0},{"damage_healed":0,"gold_gain":0,"player_choice":"Fought Nobs","damage_taken":0,"max_hp_gain":0,"max_hp_loss":0,"event_name":"Colosseum","floor":24,"gold_loss":0},{"damage_healed":0,"gold_gain":0,"player_choice":"Simplicity","damage_taken":0,"max_hp_gain":0,"max_hp_loss":0,"event_name":"Back to Basics","floor":30,"gold_loss":0,"cards_upgraded":["Defend_G","Defend_G","Defend_G","Defend_G","Defend_G","Strike_G","Strike_G"]}],"is_beta":false,"boss_relics":[{"not_picked":["Ring of the Serpent","Busted Crown"],"picked":"Calling Bell"}],"items_purged_floors":[14,21,28],"is_endless":false,"potions_floor_spawned":[1,11,13,18,27],"killed_by":"Slavers","ascension_level":16}