{"gold_per_floor":[20,20,170,180,199,199,255,255,255,255,271,271],"floor_reached":12,"playtime":367,"items_purged":[],"score":122,"play_id":"499970af-48a3-4328-9e12-637716a10a6f","local_time":"20190610031749","is_ascension_mode":true,"campfire_choices":[{"data":"Armaments","floor":6,"key":"SMITH"},{"data":"Bash","floor":8,"key":"SMITH"},{"data":"Clothesline","floor":10,"key":"SMITH"}],"neow_cost":"NO_GOLD","seed_source_timestamp":254587510233600,"circlet_count":0,"master_deck":["AscendersBane","Strike_R","Strike_R","Strike_R","Defend_R","Defend_R","Defend_R","Defend_R","Bash+1","Headbutt","Rage","Rupture","Doubt","Armaments+1","Clothesline+1","Flame Barrier+1","Flex+1"],"relics":["Burning Blood","Toxic Egg 2","Blue Candle"],"potions_floor_usage":[7,12],"damage_taken":[{"damage":2,"enemies":"2 Louse","floor":1,"turns":4},{"damage":9,"enemies":"Small Slimes","floor":4,"turns":4},{"damage":18,"enemies":"Cultist","floor":5,"turns":6},{"damage":41,"enemies":"Gremlin Nob","floor":7,"turns":7},{"damage":1,"enemies":"Large Slime","floor":11,"turns":5},{"damage":27,"enemies":"Lagavulin","floor":12,"turns":7}],"seed_played":"724422093254559188","potions_obtained":[{"floor":5,"key":"Ancient Potion"},{"floor":7,"key":"GamblersBrew"}],"is_trial":false,"path_per_floor":["M","?","?","M","M","R","?","R","T","R","M","E"],"character_chosen":"IRONCLAD","items_purchased":[],"campfire_rested":0,"item_purchase_floors":[],"current_hp_per_floor":[72,72,72,69,57,57,22,22,22,22,27,0],"gold":271,"neow_bonus":"TRANSFORM_TWO_CARDS","is_prod":false,"is_daily":false,"chose_seed":false,"campfire_upgraded":3,"win_rate":0,"timestamp":1560129469,"path_taken":["M","?","?","M","M","R","?","R","T","R","M","E"],"build_version":"2019-01-23","purchased_purges":0,"victory":false,"max_hp_per_floor":[75,75,75,75,75,75,75,75,75,75,75,75],"card_choices":[{"not_picked":["Sword Boomerang","Headbutt"],"picked":"Rupture","floor":1},{"not_picked":["Sentinel","Cleave"],"picked":"Armaments","floor":4},{"not_picked":["Pommel Strike","Cleave"],"picked":"Clothesline","floor":5},{"not_picked":["Combust","Dual Wield"],"picked":"Flame Barrier","floor":7},{"not_picked":["Twin Strike","Cleave"],"picked":"Flex+1","floor":11}],"player_experience":1265505,"relics_obtained":[{"floor":7,"key":"Toxic Egg 2"},{"floor":9,"key":"Blue Candle"}],"event_choices":[{"damage_healed":0,"gold_gain":0,"player_choice":"Leave","damage_taken":0,"max_hp_gain":0,"max_hp_loss":0,"event_name":"The Cleric","floor":2,"gold_loss":0},{"damage_healed":0,"gold_gain":150,"player_choice":"AGREE","damage_taken":0,"max_hp_gain":0,"max_hp_loss":0,"event_name":"Liars Game","floor":3,"gold_loss":0,"cards_obtained":["Doubt"]},{"damage_healed":0,"gold_gain":30,"player_choice":"Searched \u00272\u0027 times","damage_taken":0,"max_hp_gain":0,"max_hp_loss":0,"event_name":"Dead Adventurer","floor":7,"gold_loss":0}],"is_beta":false,"boss_relics":[],"items_purged_floors":[],"is_endless":false,"potions_floor_spawned":[5,7],"killed_by":"Lagavulin","ascension_level":16}