{"gold_per_floor":[119,134,151,167,179,179,210,229,229,254,15,15,15,28,28,107,107,122,136,136,151,161,161,190,190,190,190,138,138,153,153],"floor_reached":31,"playtime":1425,"items_purged":[],"score":613,"play_id":"b767bb6e-559e-4c07-ad29-68e657eb42e0","local_time":"20190607233729","is_ascension_mode":true,"campfire_choices":[{"data":"Mind Blast","floor":6.0,"key":"SMITH"},{"floor":12.0,"key":"REST"},{"floor":15.0,"key":"REST"},{"data":"Buffer","floor":23.0,"key":"SMITH"},{"floor":29.0,"key":"REST"}],"neow_cost":"PERCENT_DAMAGE","seed_source_timestamp":275730409182439,"circlet_count":0,"master_deck":["AscendersBane","Defend_B","Defend_B","Defend_B","Defend_B","Zap","Dualcast","Mind Blast+1","The Bomb","Sweeping Beam","Cold Snap","Buffer+1","Glacier","Gash","Stack","Compile Driver","Leap","Metamorphosis","Steam","Conserve Battery","Reboot","Steam","Conserve Battery","Ball Lightning","Static Discharge","Go for the Eyes","Conserve Battery","Buffer+1","Cold Snap","Chill","Bite","Bite","Bite","Bite","Bite","Conserve Battery"],"special_seed":0,"relics":["Cracked Core","Calipers","Letter Opener","Emotion Chip","Orrery","Potion Belt","Singing Bowl"],"potions_floor_usage":[31,31],"damage_taken":[{"damage":7.0,"enemies":"Small Slimes","floor":1.0,"turns":4.0},{"damage":0.0,"enemies":"Cultist","floor":2.0,"turns":3.0},{"damage":2.0,"enemies":"2 Louse","floor":3.0,"turns":3.0},{"damage":5.0,"enemies":"Looter","floor":4.0,"turns":4.0},{"damage":0.0,"enemies":"Blue Slaver","floor":5.0,"turns":4.0},{"damage":15.0,"enemies":"Lagavulin","floor":7.0,"turns":5.0},{"damage":7.0,"enemies":"Exordium Thugs","floor":8.0,"turns":3.0},{"damage":1.0,"enemies":"Gremlin Nob","floor":10.0,"turns":6.0},{"damage":14.0,"enemies":"3 Louse","floor":14.0,"turns":2.0},{"damage":20.0,"enemies":"Slime Boss","floor":16.0,"turns":7.0},{"damage":10.0,"enemies":"Shell Parasite","floor":18.0,"turns":6.0},{"damage":16.0,"enemies":"3 Byrds","floor":19.0,"turns":3.0},{"damage":17.0,"enemies":"Centurion and Healer","floor":21.0,"turns":7.0},{"damage":20.0,"enemies":"Sentry and Sphere","floor":22.0,"turns":6.0},{"damage":46.0,"enemies":"Book of Stabbing","floor":24.0,"turns":6.0},{"damage":12.0,"enemies":"Cultist and Chosen","floor":30.0,"turns":5.0},{"damage":39,"enemies":"Gremlin Leader","floor":31,"turns":11}],"seed_played":"-6482468881767045769","potions_obtained":[{"floor":2.0,"key":"Ancient Potion"},{"floor":7.0,"key":"FocusPotion"},{"floor":8.0,"key":"PowerPotion"},{"floor":10.0,"key":"LiquidBronze"},{"floor":14.0,"key":"Regen Potion"},{"floor":22.0,"key":"Swift Potion"},{"floor":30.0,"key":"FearPotion"}],"is_trial":false,"path_per_floor":["M","M","M","M","M","R","E","M","T","E","$","R","?","M","R","B",null,"M","M","?","M","M","R","E","?","T","?","$","R","M","E"],"character_chosen":"DEFECT","items_purchased":["Metamorphosis","Steam","Conserve Battery"],"campfire_rested":3,"item_purchase_floors":[11,11,28],"current_hp_per_floor":[39,39,37,32,32,32,17,10,10,9,9,30,30,16,37,17,58,48,32,71,54,49,49,3,3,3,13,13,27,19,0],"gold":153,"neow_bonus":"RANDOM_COLORLESS_2","is_prod":false,"is_daily":false,"chose_seed":false,"campfire_upgraded":2,"win_rate":0,"timestamp":1559943449,"path_taken":["M","M","M","M","M","R","E","M","T","E","$","R","?","M","R","BOSS","M","M","?","?","M","R","E","?","T","?","?","R","M","E"],"build_version":"2019-01-23","purchased_purges":0,"victory":false,"max_hp_per_floor":[71,71,71,71,71,71,71,71,71,71,71,71,71,71,71,71,71,71,71,71,71,71,71,71,49,49,49,49,49,51,51],"card_choices":[{"not_picked":["Redo","Barrage"],"picked":"Sweeping Beam","floor":1.0},{"not_picked":["Stack","Turbo"],"picked":"Cold Snap","floor":2.0},{"not_picked":["Turbo","Stack"],"picked":"Buffer","floor":3.0},{"not_picked":["Go for the Eyes","Chill"],"picked":"Glacier","floor":4.0},{"not_picked":["Compile Driver","Redo"],"picked":"Gash","floor":5.0},{"not_picked":["Rip and Tear","Hyperbeam"],"picked":"Stack","floor":7.0},{"not_picked":["Consume","Heatsinks"],"picked":"Compile Driver","floor":8.0},{"not_picked":["Go for the Eyes","Reprogram"],"picked":"Leap","floor":10.0},{"not_picked":["Beam Cell","BootSequence"],"picked":"Conserve Battery","floor":14.0},{"not_picked":["Meteor Strike","Hyperbeam"],"picked":"Reboot","floor":16.0},{"not_picked":["Redo","Heatsinks"],"picked":"Hello World","floor":17.0},{"not_picked":["Stack","Loop"],"picked":"Steam","floor":17.0},{"not_picked":["Rip and Tear","Compile Driver"],"picked":"Conserve Battery","floor":17.0},{"not_picked":["Capacitor","Static Discharge"],"picked":"Ball Lightning","floor":17.0},{"not_picked":["Hologram","Blizzard"],"picked":"Static Discharge","floor":17.0},{"not_picked":["Darkness","Streamline+1"],"picked":"Go for the Eyes","floor":18.0},{"not_picked":["Go for the Eyes","Force Field"],"picked":"Conserve Battery","floor":19.0},{"not_picked":["Hologram","Cold Snap+1"],"picked":"Buffer","floor":21.0},{"not_picked":["Barrage","Skim"],"picked":"Cold Snap","floor":22.0},{"not_picked":["Go for the Eyes","Sweeping Beam"],"picked":"Chill","floor":24.0},{"not_picked":["Reinforced Body","Stack","Coolheaded"],"picked":"Singing Bowl","floor":30.0}],"player_experience":827534,"relics_obtained":[{"floor":7.0,"key":"Calipers"},{"floor":9.0,"key":"Letter Opener"},{"floor":10.0,"key":"Emotion Chip"},{"floor":24.0,"key":"Potion Belt"},{"floor":26.0,"key":"Singing Bowl"}],"event_choices":[{"damage_healed":0.0,"max_hp_gain":0.0,"max_hp_loss":0.0,"gold_gain":0.0,"event_name":"Living Wall","player_choice":"Grow","floor":13.0,"gold_loss":0.0,"damage_taken":0.0,"cards_upgraded":["Buffer"]},{"cards_removed":["Hello World"],"damage_healed":39.0,"max_hp_gain":0.0,"max_hp_loss":0.0,"gold_gain":0.0,"event_name":"Bonfire Elementals","player_choice":"Offered Uncommon","floor":20.0,"gold_loss":0.0,"damage_taken":0.0},{"damage_healed":0.0,"max_hp_gain":0.0,"max_hp_loss":22.0,"gold_gain":0.0,"event_name":"Vampires","player_choice":"Became a vampire","floor":25.0,"gold_loss":0.0,"damage_taken":0.0,"cards_obtained":["Bite","Bite","Bite","Bite","Bite"]},{"damage_healed":10.0,"max_hp_gain":0.0,"max_hp_loss":0.0,"gold_gain":0.0,"event_name":"The Library","player_choice":"Heal","floor":27.0,"gold_loss":0.0,"damage_taken":0.0}],"is_beta":false,"boss_relics":[{"not_picked":["Ectoplasm","Inserter"],"picked":"Orrery"}],"items_purged_floors":[],"is_endless":false,"potions_floor_spawned":[2,7,8,10,14,22,30],"killed_by":"Gremlin Leader","ascension_level":20}