{"gold_per_floor":[110,125,28,44,219,219,219,219,219,229,29,29,53,70,70,166,166,185,60,76,76,94,94,94,94,148,162,162,180,180,199,199,300,300,311,16,26,26,0,0,0,0,24,24,41,41,41,41,41,41],"floor_reached":51,"playtime":725,"items_purged":["Strike_R","Doubt","Strike_R","Defend_R"],"score":713,"play_id":"cbdefa3c-bf7f-4646-82b5-e120baf0773d","local_time":"20190924005408","is_ascension_mode":false,"campfire_choices":[{"data":"Flex","floor":6.0,"key":"SMITH"},{"data":"Bash","floor":8.0,"key":"SMITH"},{"data":"Flex","floor":15.0,"key":"SMITH"},{"data":"Limit Break","floor":23.0,"key":"SMITH"},{"data":"Bash","floor":25.0,"key":"SMITH"},{"data":"Heavy Blade","floor":28.0,"key":"SMITH"},{"data":"Headbutt","floor":30.0,"key":"SMITH"},{"data":"Pommel Strike","floor":32.0,"key":"SMITH"},{"data":"Flex","floor":41.0,"key":"SMITH"},{"data":"Defend_R","floor":44.0,"key":"SMITH"},{"data":"Defend_R","floor":49.0,"key":"SMITH"}],"neow_cost":"NONE","seed_source_timestamp":7272501896631,"circlet_count":0,"master_deck":["Strike_R+1","Defend_R+1","Defend_R+1","Defend_R+1","Bash+1","Flex+1","Pommel Strike+1","Thunderclap+1","Flex+1","Thunderclap+1","Headbutt+1","Limit Break+1","Carnage+1","Bash+1","Good Instincts+1","Heavy Blade+1","Flex+1","Doubt"],"special_seed":0,"relics":["Burning Blood","NeowsBlessing","Dodecahedron","Centennial Puzzle","Snecko Eye","Whetstone","Runic Dome","ClockworkSouvenir","Red Mask","War Paint"],"potions_floor_usage":[50,50],"damage_taken":[{"damage":0.0,"enemies":"Cultist","floor":1.0,"turns":1.0},{"damage":0.0,"enemies":"Jaw Worm","floor":2.0,"turns":1.0},{"damage":0.0,"enemies":"Small Slimes","floor":4.0,"turns":1.0},{"damage":24.0,"enemies":"3 Louse","floor":10.0,"turns":3.0},{"damage":0.0,"enemies":"Looter","floor":14.0,"turns":2.0},{"damage":28.0,"enemies":"Hexaghost","floor":16.0,"turns":7.0},{"damage":5.0,"enemies":"Chosen","floor":18.0,"turns":3.0},{"damage":5.0,"enemies":"2 Thieves","floor":20.0,"turns":2.0},{"damage":11.0,"enemies":"Centurion and Healer","floor":22.0,"turns":3.0},{"damage":14.0,"enemies":"Shelled Parasite and Fungi","floor":27.0,"turns":4.0},{"damage":16.0,"enemies":"Snake Plant","floor":29.0,"turns":2.0},{"damage":7.0,"enemies":"Centurion and Healer","floor":31.0,"turns":2.0},{"damage":24.0,"enemies":"Automaton","floor":33.0,"turns":6.0},{"damage":18.0,"enemies":"3 Shapes","floor":35.0,"turns":3.0},{"damage":0.0,"enemies":"Orb Walker","floor":37.0,"turns":1.0},{"damage":0.0,"enemies":"Giant Head","floor":40.0,"turns":2.0},{"damage":11.0,"enemies":"4 Shapes","floor":45.0,"turns":3.0},{"damage":44,"enemies":"Donu and Deca","floor":50,"turns":5}],"seed_played":"3096514602301360330","potions_obtained":[{"floor":2.0,"key":"AttackPotion"},{"floor":4.0,"key":"SmokeBomb"},{"floor":14.0,"key":"SkillPotion"},{"floor":18.0,"key":"Dexterity Potion"},{"floor":31.0,"key":"SteroidPotion"},{"floor":35.0,"key":"Dexterity Potion"}],"is_trial":false,"path_per_floor":["M","M","$","M","?","R","?","R","T","M","$","?","T","M","R","B",null,"M","$","M","?","M","R","?","R","T","M","R","M","R","M","R","B",null,"M","$","M","?","?","E","R","?","T","R","M","?","?","$","R","B",null],"character_chosen":"IRONCLAD","items_purchased":["Thunderclap","Flex","Thunderclap","ClockworkSouvenir"],"campfire_rested":0,"item_purchase_floors":[3,11,11,36],"current_hp_per_floor":[80,80,80,80,80,80,64,64,64,46,46,39,39,45,45,23,80,80,80,80,80,75,75,75,75,75,67,67,57,57,56,56,38,80,68,68,74,74,74,80,80,76,76,76,71,71,76,76,76,38],"gold":41,"neow_bonus":"THREE_ENEMY_KILL","is_prod":false,"is_daily":false,"chose_seed":false,"campfire_upgraded":11,"win_rate":0,"timestamp":1569308048,"path_taken":["M","?","$","M","?","R","?","R","T","M","$","?","?","?","R","BOSS","M","?","?","?","M","R","?","R","T","M","R","?","R","M","R","BOSS","M","$","M","?","?","E","R","?","T","R","M","?","?","?","R","BOSS"],"build_version":"2019-09-23","purchased_purges":4,"victory":true,"max_hp_per_floor":[80,80,80,80,80,80,80,80,80,80,80,80,80,80,80,80,80,80,80,80,80,80,80,80,80,80,80,80,80,80,80,80,80,80,80,80,80,80,80,80,80,76,76,76,76,76,76,76,76,76],"card_choices":[{"not_picked":["Reckless Charge","Havoc"],"picked":"Flex","floor":1.0},{"not_picked":["Havoc","Sever Soul"],"picked":"Pommel Strike","floor":2.0},{"not_picked":["Bloodletting","Hemokinesis","Clothesline"],"picked":"SKIP","floor":4.0},{"not_picked":["Shrug It Off","Intimidate","Shockwave"],"picked":"SKIP","floor":10.0},{"not_picked":["Sword Boomerang","Shrug It Off"],"picked":"Headbutt","floor":14.0},{"not_picked":["Berserk","Demon Form"],"picked":"Limit Break","floor":16.0},{"not_picked":["Havoc+1","Anger+1","Headbutt"],"picked":"SKIP","floor":18.0},{"not_picked":["Clothesline+1","Iron Wave+1"],"picked":"Carnage+1","floor":20.0},{"not_picked":["Barricade","Body Slam+1","Perfected Strike"],"picked":"SKIP","floor":22.0},{"not_picked":["Intimidate","Anger"],"picked":"Heavy Blade","floor":27.0},{"not_picked":["Armaments","Twin Strike","Warcry+1"],"picked":"SKIP","floor":29.0},{"not_picked":["Clash","Wild Strike","Dropkick"],"picked":"SKIP","floor":31.0},{"not_picked":["Heavy Blade","Iron Wave+1","Sentinel"],"picked":"SKIP","floor":35.0},{"not_picked":["Bloodletting","Infernal Blade+1"],"picked":"Flex","floor":37.0},{"not_picked":["Perfected Strike+1","Corruption+1","Cleave"],"picked":"SKIP","floor":45.0}],"player_experience":1582901,"relics_obtained":[{"floor":9.0,"key":"Dodecahedron"},{"floor":13.0,"key":"Centennial Puzzle"},{"floor":26.0,"key":"Whetstone"},{"floor":43.0,"key":"War Paint"}],"event_choices":[{"damage_healed":0.0,"max_hp_gain":0.0,"max_hp_loss":0.0,"gold_gain":175.0,"event_name":"Liars Game","player_choice":"AGREE","floor":5.0,"gold_loss":0.0,"damage_taken":0.0,"cards_obtained":["Doubt"]},{"damage_healed":0.0,"max_hp_gain":0.0,"max_hp_loss":0.0,"gold_gain":0.0,"event_name":"Shining Light","player_choice":"Entered Light","floor":7.0,"gold_loss":0.0,"damage_taken":16.0,"cards_upgraded":["Thunderclap","Strike_R"]},{"cards_removed":["Strike_R"],"damage_healed":0.0,"max_hp_gain":0.0,"max_hp_loss":0.0,"gold_gain":0.0,"event_name":"Golden Wing","player_choice":"Card Removal","floor":12.0,"gold_loss":0.0,"damage_taken":7.0},{"damage_healed":0.0,"max_hp_gain":0.0,"max_hp_loss":0.0,"gold_gain":0.0,"event_name":"Ghosts","player_choice":"Ignored","floor":21.0,"gold_loss":0.0,"damage_taken":0.0},{"damage_healed":0.0,"max_hp_gain":0.0,"max_hp_loss":0.0,"gold_gain":0.0,"event_name":"Match and Keep!","player_choice":"2 cards matched","floor":24.0,"gold_loss":0.0,"damage_taken":0.0,"cards_obtained":["Bash","Good Instincts"]},{"damage_healed":0.0,"max_hp_gain":0.0,"max_hp_loss":0.0,"gold_gain":0.0,"event_name":"Match and Keep!","player_choice":"2 cards matched","floor":24.0,"gold_loss":0.0,"damage_taken":0.0,"cards_obtained":["Bash","Good Instincts"]},{"cards_removed":["Strike_R"],"damage_healed":0.0,"max_hp_gain":0.0,"max_hp_loss":0.0,"gold_gain":0.0,"event_name":"Falling","player_choice":"Removed Attack","floor":38.0,"gold_loss":0.0,"damage_taken":0.0},{"damage_healed":0.0,"max_hp_gain":0.0,"max_hp_loss":0.0,"gold_gain":0.0,"event_name":"Tomb of Lord Red Mask","player_choice":"Paid","floor":39.0,"gold_loss":26.0,"damage_taken":0.0,"relics_obtained":["Red Mask"]},{"damage_healed":0.0,"max_hp_gain":0.0,"max_hp_loss":4.0,"gold_gain":0.0,"event_name":"Winding Halls","player_choice":"Max HP","floor":42.0,"gold_loss":0.0,"damage_taken":0.0},{"damage_healed":0.0,"max_hp_gain":0.0,"max_hp_loss":0.0,"gold_gain":0.0,"event_name":"Mysterious Sphere","player_choice":"Ignored","floor":46.0,"gold_loss":0.0,"damage_taken":0.0},{"damage_healed":5.0,"max_hp_gain":0.0,"max_hp_loss":0.0,"gold_gain":0.0,"event_name":"MindBloom","player_choice":"Heal","floor":47.0,"gold_loss":0.0,"damage_taken":0.0,"cards_obtained":["Doubt"]}],"is_beta":true,"boss_relics":[{"not_picked":["Runic Cube","Black Star"],"picked":"Snecko Eye"},{"not_picked":["Pandora\u0027s Box","Runic Pyramid"],"picked":"Runic Dome"}],"items_purged_floors":[3,11,19,36],"is_endless":false,"potions_floor_spawned":[2,4,14,18,22,31,35,37],"ascension_level":0}