{"gold_per_floor":[115,115,190,267,285,311,135,160,183,216,216,228,193,206,206,281,281,295,306,221,235,235,235,270,270,270,281,8,8,8,22,22,22],"floor_reached":33,"playtime":1281,"items_purged":["Strike_B","Strike_B"],"score":524,"play_id":"8af0a4b0-f255-498d-9b78-c18ea203438c","local_time":"20190510045612","is_ascension_mode":true,"campfire_choices":[{"floor":11,"key":"REST"},{"data":"Zap","floor":15,"key":"SMITH"},{"data":"Fission","floor":23,"key":"SMITH"},{"data":"Echo Form","floor":25,"key":"SMITH"},{"floor":30,"key":"REST"},{"data":"White Noise","floor":32,"key":"SMITH"}],"neow_cost":"NONE","seed_source_timestamp":113962012138500,"circlet_count":0,"master_deck":["AscendersBane","Strike_B","Defend_B","Defend_B","Defend_B","Defend_B+1","Zap+1","Dualcast","Skim","Cold Snap","Core Surge","Conserve Battery","Ball Lightning","Chaos+1","Leap","Conserve Battery","Sweeping Beam","Fission+1","Redo+1","Coolheaded","Compile Driver","Echo Form+1","White Noise+1","Barrage","Self Repair","Double Energy","Chill"],"relics":["Cracked Core","NeowsBlessing","Mercury Hourglass","Cables","Incense Burner","Blood Vial","Happy Flower","Inserter","War Paint","Kunai","Pen Nib"],"potions_floor_usage":[8,24,24,27],"damage_taken":[{"damage":0,"enemies":"2 Louse","floor":1,"turns":1},{"damage":0,"enemies":"Jaw Worm","floor":5,"turns":1},{"damage":0,"enemies":"Gremlin Nob","floor":6,"turns":1},{"damage":24,"enemies":"3 Sentries","floor":8,"turns":8},{"damage":40,"enemies":"Gremlin Nob","floor":10,"turns":5},{"damage":0,"enemies":"Small Slimes","floor":12,"turns":2},{"damage":2,"enemies":"Red Slaver","floor":14,"turns":3},{"damage":6,"enemies":"The Guardian","floor":16,"turns":13},{"damage":13,"enemies":"3 Byrds","floor":18,"turns":4},{"damage":0,"enemies":"Spheric Guardian","floor":19,"turns":4},{"damage":1,"enemies":"Cultist and Chosen","floor":21,"turns":5},{"damage":27,"enemies":"Slavers","floor":24,"turns":4},{"damage":1,"enemies":"Centurion and Healer","floor":27,"turns":5},{"damage":0,"enemies":"Snecko","floor":31,"turns":4},{"damage":65,"enemies":"Collector","floor":33,"turns":8}],"seed_played":"-2297520777320043242","potions_obtained":[{"floor":1,"key":"Regen Potion"},{"floor":14,"key":"Block Potion"},{"floor":16,"key":"Poison Potion"},{"floor":18,"key":"SteroidPotion"},{"floor":24,"key":"Weak Potion"}],"is_trial":false,"path_per_floor":["M","?","?","T","M","E","$","E","T","E","R","M","?","M","R","B",null,"M","M","?","M","?","R","E","R","T","M","$","$","R","M","R","B"],"character_chosen":"DEFECT","items_purchased":["Conserve Battery","Ball Lightning","Barrage","Self Repair","Double Energy"],"campfire_rested":2,"item_purchase_floors":[7,7,28,28,28],"current_hp_per_floor":[64,64,53,53,53,53,53,44,44,6,27,29,46,46,46,42,64,53,55,55,56,56,56,31,31,31,32,32,32,53,55,55,0],"gold":22,"neow_bonus":"THREE_ENEMY_KILL","is_prod":false,"is_daily":false,"chose_seed":false,"campfire_upgraded":4,"win_rate":0,"timestamp":1557456972,"path_taken":["M","?","?","?","M","E","$","E","T","E","R","M","?","M","R","BOSS","M","M","?","M","?","R","E","R","T","?","?","$","R","M","R","BOSS"],"build_version":"2019-01-23","purchased_purges":2,"victory":false,"max_hp_per_floor":[71,71,71,71,71,71,71,71,71,71,71,71,71,71,71,71,71,71,71,71,71,71,71,71,71,71,71,71,71,71,71,71,71],"card_choices":[{"not_picked":["Skim","Force Field","Turbo"],"picked":"SKIP","floor":1},{"not_picked":["Streamline","Sweeping Beam"],"picked":"Cold Snap","floor":5},{"not_picked":["Gash","Static Discharge"],"picked":"Core Surge","floor":6},{"not_picked":["Hologram","Beam Cell"],"picked":"Chaos","floor":8},{"not_picked":["Genetic Algorithm","Hello World"],"picked":"Leap","floor":10},{"not_picked":["Gash","Streamline"],"picked":"Conserve Battery","floor":12},{"not_picked":["Ball Lightning","Leap"],"picked":"Sweeping Beam","floor":14},{"not_picked":["Machine Learning","Multi-Cast"],"picked":"Fission","floor":16},{"not_picked":["Rebound","Cold Snap"],"picked":"Redo+1","floor":18},{"not_picked":["Cold Snap","Reprogram"],"picked":"Coolheaded","floor":19},{"not_picked":["Auto Shields","Stack"],"picked":"Compile Driver","floor":21},{"not_picked":["Genetic Algorithm","FTL"],"picked":"Echo Form","floor":24},{"not_picked":["Beam Cell","Cold Snap"],"picked":"White Noise","floor":27},{"not_picked":["Go for the Eyes","Rip and Tear"],"picked":"Chill","floor":31}],"player_experience":1073273,"relics_obtained":[{"floor":4,"key":"Mercury Hourglass"},{"floor":6,"key":"Cables"},{"floor":8,"key":"Incense Burner"},{"floor":9,"key":"Blood Vial"},{"floor":10,"key":"Happy Flower"},{"floor":24,"key":"Kunai"},{"floor":26,"key":"Pen Nib"}],"event_choices":[{"damage_healed":0,"gold_gain":0,"cards_transformed":["Strike_B"],"player_choice":"Change","damage_taken":0,"max_hp_gain":0,"max_hp_loss":0,"event_name":"Living Wall","floor":2,"gold_loss":0,"cards_obtained":["Skim"]},{"damage_healed":0,"gold_gain":75,"player_choice":"Gather Gold","damage_taken":11,"max_hp_gain":0,"max_hp_loss":0,"event_name":"World of Goop","floor":3,"gold_loss":0},{"damage_healed":17,"gold_gain":0,"player_choice":"Healed","damage_taken":0,"max_hp_gain":0,"max_hp_loss":0,"event_name":"The Cleric","floor":13,"gold_loss":35},{"damage_healed":0,"gold_gain":0,"player_choice":"Obtained Relic","damage_taken":0,"relics_obtained":["War Paint"],"max_hp_gain":0,"max_hp_loss":0,"event_name":"Addict","floor":20,"gold_loss":85},{"damage_healed":0,"gold_gain":0,"player_choice":"Bought 0 Potions","damage_taken":0,"max_hp_gain":0,"max_hp_loss":0,"event_name":"The Woman in Blue","floor":22,"gold_loss":0}],"is_beta":false,"boss_relics":[{"not_picked":["Busted Crown","Cursed Key"],"picked":"Inserter"}],"items_purged_floors":[7,28],"is_endless":false,"potions_floor_spawned":[1,14,16,18,24],"killed_by":"Collector","ascension_level":14}