{"gold_per_floor":[114,39,39,114,126,126,17,292,292,292,318,329,329,48,48,126,126,145,156,156],"floor_reached":20,"playtime":564,"items_purged":["Strike_B","Regret"],"score":341,"play_id":"dd965d49-32f4-4c82-ab71-2117dac43a02","local_time":"20190520045052","is_ascension_mode":true,"campfire_choices":[{"data":"Zap","floor":6.0,"key":"SMITH"},{"data":"Loop","floor":10.0,"key":"SMITH"},{"data":"Buffer","floor":13.0,"key":"SMITH"},{"data":"Magnetism","floor":15,"key":"SMITH"}],"neow_cost":"NONE","seed_source_timestamp":538678654914899,"circlet_count":0,"master_deck":["AscendersBane","Strike_B","Strike_B","Defend_B","Defend_B","Defend_B","Defend_B","Zap+1","Dualcast","BootSequence","Defragment","Loop+1","Buffer+1","Hologram","Magnetism+1","Rainbow","Chaos","White Noise"],"special_seed":0,"relics":["Cracked Core","NeowsBlessing","Lantern","Oddly Smooth Stone","Cursed Key"],"potions_floor_usage":[16,19],"damage_taken":[{"damage":0.0,"enemies":"Jaw Worm","floor":1.0,"turns":1.0},{"damage":0.0,"enemies":"Small Slimes","floor":5.0,"turns":1.0},{"damage":0.0,"enemies":"3 Sentries","floor":11.0,"turns":1.0},{"damage":0.0,"enemies":"Cultist","floor":12.0,"turns":4.0},{"damage":50,"enemies":"Hexaghost","floor":16,"turns":10},{"damage":0,"enemies":"Spheric Guardian","floor":18,"turns":4},{"damage":43,"enemies":"2 Thieves","floor":19,"turns":4},{"damage":25,"enemies":"Snecko","floor":20,"turns":3}],"seed_played":"4982211006430140133","potions_obtained":[{"floor":5.0,"key":"Explosive Potion"},{"floor":12.0,"key":"GamblersBrew"},{"floor":19,"key":"FearPotion"}],"is_trial":false,"path_per_floor":["M","?","$","?","M","R","$","?","T","R","E","M","R","$","R","B",null,"M","M","M"],"character_chosen":"DEFECT","items_purchased":["Loop","Magnetism"],"campfire_rested":0,"item_purchase_floors":[7,14],"current_hp_per_floor":[64,64,64,53,53,53,53,53,53,53,53,53,53,53,53,3,54,54,11,0],"gold":156,"neow_bonus":"THREE_ENEMY_KILL","is_prod":false,"is_daily":false,"chose_seed":false,"campfire_upgraded":4,"win_rate":0,"timestamp":1558320652,"path_taken":["M","?","$","?","M","R","?","?","T","R","E","?","R","$","R","BOSS","M","?","M"],"build_version":"2019-01-23","purchased_purges":2,"victory":false,"max_hp_per_floor":[71,71,71,71,71,71,71,71,71,71,71,71,71,71,71,71,71,71,71,71],"card_choices":[{"not_picked":["Turbo","Blizzard"],"picked":"BootSequence","floor":1.0},{"not_picked":["Hologram","Sweeping Beam"],"picked":"Defragment","floor":5.0},{"not_picked":["Leap","Coolheaded"],"picked":"Buffer","floor":11.0},{"not_picked":["Hello World","Beam Cell"],"picked":"Hologram","floor":12.0},{"not_picked":["Multi-Cast","All For One"],"picked":"Rainbow","floor":16},{"not_picked":["Ball Lightning","Blizzard"],"picked":"Chaos","floor":18},{"not_picked":["Defragment","Reprogram"],"picked":"White Noise","floor":19}],"player_experience":1172943,"relics_obtained":[{"floor":9.0,"key":"Lantern"},{"floor":11.0,"key":"Oddly Smooth Stone"}],"event_choices":[{"cards_removed":["Strike_B"],"damage_healed":0.0,"max_hp_gain":0.0,"max_hp_loss":0.0,"gold_gain":0.0,"event_name":"The Cleric","player_choice":"Card Removal","floor":2.0,"gold_loss":75.0,"damage_taken":0.0},{"damage_healed":0.0,"max_hp_gain":0.0,"max_hp_loss":0.0,"gold_gain":75.0,"event_name":"World of Goop","player_choice":"Gather Gold","floor":4.0,"gold_loss":0.0,"damage_taken":11.0},{"damage_healed":0.0,"max_hp_gain":0.0,"max_hp_loss":0.0,"gold_gain":275.0,"event_name":"Golden Shrine","player_choice":"Desecrate","floor":8.0,"gold_loss":0.0,"damage_taken":0.0,"cards_obtained":["Regret"]}],"is_beta":false,"boss_relics":[{"not_picked":["Runic Dome","White Beast Statue"],"picked":"Cursed Key"}],"items_purged_floors":[7,14],"is_endless":false,"potions_floor_spawned":[5,12,19],"killed_by":"Snecko","ascension_level":15}