{"gold_per_floor":[13,13,13,37,56,95,114,114,114,137,137,137,152,170,170,266,266,281,49,49,74,99,99],"floor_reached":23,"playtime":1236,"items_purged":["Decay"],"score":361,"play_id":"a0f524f4-8949-43d8-9d6f-1df3073eaf33","local_time":"20190720144358","is_ascension_mode":true,"campfire_choices":[{"floor":8,"key":"REST"},{"data":"Armaments","floor":11,"key":"SMITH"},{"data":"Inflame","floor":15,"key":"SMITH"}],"neow_cost":"NO_GOLD","seed_source_timestamp":669036206235400,"circlet_count":0,"master_deck":["AscendersBane","Strike_R","Strike_R","Strike_R","Defend_R","Defend_R+1","Defend_R","Defend_R","Bash+1","Inflame+1","Injury","Second Wind","Rampage","Armaments+1","Headbutt","Thunderclap","Power Through","Shrug It Off","Double Tap+1","Clothesline","Flame Barrier","Infernal Blade"],"relics":["Burning Blood","Unceasing Top","Golden Idol","FossilizedHelix","Torii","Empty Cage","Bronze Scales"],"potions_floor_usage":[10,22,23],"damage_taken":[{"damage":4,"enemies":"2 Louse","floor":1,"turns":3},{"damage":4,"enemies":"Small Slimes","floor":4,"turns":5},{"damage":7,"enemies":"Cultist","floor":5,"turns":4},{"damage":44,"enemies":"3 Sentries","floor":6,"turns":12},{"damage":0,"enemies":"Blue Slaver","floor":7,"turns":4},{"damage":1,"enemies":"Exordium Thugs","floor":10,"turns":4},{"damage":0,"enemies":"Looter","floor":13,"turns":4},{"damage":27,"enemies":"Lots of Slimes","floor":14,"turns":5},{"damage":13,"enemies":"The Guardian","floor":16,"turns":13},{"damage":0,"enemies":"Chosen","floor":18,"turns":5},{"damage":21,"enemies":"Shell Parasite","floor":21,"turns":6},{"damage":8,"enemies":"Shelled Parasite and Fungi","floor":22,"turns":5},{"damage":56,"enemies":"Slavers","floor":23,"turns":5}],"seed_played":"8683940423705126139","potions_obtained":[{"floor":1,"key":"Fire Potion"},{"floor":6,"key":"Poison Potion"},{"floor":7,"key":"Fire Potion"},{"floor":14,"key":"Ancient Potion"},{"floor":22,"key":"EssenceOfSteel"}],"is_trial":false,"path_per_floor":["M","?","?","M","M","E","M","R","T","M","R","?","M","M","R","B",null,"M","$","?","M","M","E"],"character_chosen":"IRONCLAD","items_purchased":["Bronze Scales"],"campfire_rested":1,"item_purchase_floors":[19],"current_hp_per_floor":[70,70,47,49,48,10,16,38,38,43,43,43,49,28,28,21,62,68,68,68,53,51,0],"gold":99,"neow_bonus":"ONE_RARE_RELIC","is_prod":false,"is_daily":false,"chose_seed":false,"campfire_upgraded":2,"win_rate":0,"timestamp":1563626638,"path_taken":["M","?","?","M","M","E","M","R","T","M","R","?","?","M","R","BOSS","M","$","?","?","M","E"],"build_version":"2019-07-17","purchased_purges":1,"victory":false,"max_hp_per_floor":[75,75,75,75,75,75,75,75,75,75,75,75,75,75,75,75,75,75,75,75,75,75,75],"card_choices":[{"not_picked":["Corruption","Havoc"],"picked":"Inflame","floor":1},{"not_picked":["Thunderclap","Flex"],"picked":"Second Wind","floor":4},{"not_picked":["Body Slam","Power Through"],"picked":"Rampage","floor":5},{"not_picked":["Inflame","Havoc"],"picked":"Armaments","floor":6},{"not_picked":["Body Slam","Warcry"],"picked":"Headbutt","floor":7},{"not_picked":["Sentinel","Clothesline"],"picked":"Thunderclap","floor":10},{"not_picked":["Havoc","Bloodletting"],"picked":"Power Through","floor":13},{"not_picked":["Iron Wave","Sentinel"],"picked":"Shrug It Off","floor":14},{"not_picked":["Offering","Bludgeon"],"picked":"Double Tap","floor":16},{"not_picked":["Shrug It Off","Sentinel"],"picked":"Clothesline","floor":18},{"not_picked":["Perfected Strike","Warcry"],"picked":"Flame Barrier","floor":21},{"not_picked":["Wild Strike","Armaments"],"picked":"Infernal Blade","floor":22}],"player_experience":1706610,"relics_obtained":[{"floor":6,"key":"FossilizedHelix"},{"floor":9,"key":"Torii"}],"event_choices":[{"damage_healed":0,"gold_gain":0,"player_choice":"Take Wound","damage_taken":0,"relics_obtained":["Golden Idol"],"max_hp_gain":0,"max_hp_loss":0,"event_name":"Golden Idol","floor":2,"gold_loss":0,"cards_obtained":["Injury"]},{"damage_healed":0,"gold_gain":0,"player_choice":"Entered Light","damage_taken":23,"max_hp_gain":0,"max_hp_loss":0,"event_name":"Shining Light","floor":3,"gold_loss":0,"cards_upgraded":["Defend_R","Bash"]},{"damage_healed":0,"gold_gain":0,"player_choice":"Cursed","damage_taken":0,"max_hp_gain":0,"max_hp_loss":0,"event_name":"Wheel of Change","floor":12,"gold_loss":0,"cards_obtained":["Decay"]},{"damage_healed":0,"gold_gain":0,"player_choice":"Forge","damage_taken":0,"max_hp_gain":0,"max_hp_loss":0,"event_name":"Accursed Blacksmith","floor":20,"gold_loss":0,"cards_upgraded":["Double Tap"]}],"is_beta":false,"boss_relics":[{"not_picked":["Busted Crown","Runic Dome"],"picked":"Empty Cage"}],"items_purged_floors":[19],"is_endless":false,"potions_floor_spawned":[1,6,7,14,22],"killed_by":"Slavers","ascension_level":17}