{"gold_per_floor":[114,128,128,0,19,19,50,0,24,36,52,52,52],"floor_reached":13,"playtime":390,"items_purged":["Strike_G"],"score":153,"play_id":"707767a4-5af2-4ba1-9013-d1ce43595261","local_time":"20190620121402","is_ascension_mode":true,"campfire_choices":[{"data":"Neutralize","floor":6,"key":"SMITH"},{"floor":12,"key":"REST"}],"neow_cost":"NONE","seed_source_timestamp":216348140246100,"circlet_count":0,"master_deck":["AscendersBane","Defend_G","Defend_G","Defend_G","Defend_G","Defend_G","Strike_G","Strike_G","Strike_G","Survivor","Neutralize+1","Flying Knee","Dodge and Roll","Leg Sweep","Backstab","Dodge and Roll","Deflect"],"relics":["Ring of the Snake","NeowsBlessing","Regal Pillow","Juzu Bracelet"],"potions_floor_usage":[7,11,13,13],"damage_taken":[{"damage":0,"enemies":"Cultist","floor":1,"turns":1},{"damage":0,"enemies":"2 Louse","floor":2,"turns":1},{"damage":0,"enemies":"Jaw Worm","floor":5,"turns":1},{"damage":35,"enemies":"Gremlin Nob","floor":7,"turns":6},{"damage":11,"enemies":"Gremlin Gang","floor":10,"turns":8},{"damage":0,"enemies":"3 Louse","floor":11,"turns":5},{"damage":47,"enemies":"Lagavulin","floor":13,"turns":15}],"seed_played":"8995297831096873704","potions_obtained":[{"floor":2,"key":"SpeedPotion"},{"floor":10,"key":"AttackPotion"},{"floor":11,"key":"Energy Potion"}],"is_trial":false,"path_per_floor":["M","M","?","$","M","R","E","?","T","M","M","R","E"],"character_chosen":"THE_SILENT","items_purchased":["Strength Potion"],"campfire_rested":1,"item_purchase_floors":[4],"current_hp_per_floor":[59,59,59,59,59,59,24,24,24,13,13,47,0],"gold":52,"neow_bonus":"THREE_ENEMY_KILL","is_prod":false,"is_daily":false,"chose_seed":false,"campfire_upgraded":1,"win_rate":0,"timestamp":1561025642,"path_taken":["M","M","?","?","?","R","E","?","T","M","M","R","E"],"build_version":"2019-01-23","purchased_purges":1,"victory":false,"max_hp_per_floor":[66,66,66,66,66,66,66,66,66,66,66,66,66],"card_choices":[{"not_picked":["Bane","Masterful Stab"],"picked":"Flying Knee","floor":1},{"not_picked":["Underhanded Strike","PiercingWail"],"picked":"Dodge and Roll","floor":2},{"not_picked":["Quick Slash","Backstab"],"picked":"Leg Sweep","floor":5},{"not_picked":["Storm of Steel","Noxious Fumes"],"picked":"Backstab","floor":7},{"not_picked":["Bane","Riddle With Holes"],"picked":"Dodge and Roll","floor":10},{"not_picked":["Dodge and Roll","Predator"],"picked":"Deflect","floor":11}],"player_experience":1416380,"relics_obtained":[{"floor":7,"key":"Regal Pillow"},{"floor":9,"key":"Juzu Bracelet"}],"event_choices":[{"cards_removed":["Strike_G"],"damage_healed":0,"gold_gain":0,"player_choice":"Offered Basic","damage_taken":0,"max_hp_gain":0,"max_hp_loss":0,"event_name":"Bonfire Elementals","floor":3,"gold_loss":0},{"damage_healed":0,"gold_gain":0,"player_choice":"Left Gold","damage_taken":0,"max_hp_gain":0,"max_hp_loss":0,"event_name":"World of Goop","floor":8,"gold_loss":50}],"is_beta":false,"boss_relics":[],"items_purged_floors":[4],"is_endless":false,"potions_floor_spawned":[2,10,11],"killed_by":"Lagavulin","ascension_level":16}