{"gold_per_floor":[11,26,26,26,26,26,40,40,65,65,113,140,152,122],"floor_reached":14,"playtime":404,"items_purged":[],"score":150,"play_id":"f38d1a3d-51b0-4c48-976f-c572815601ac","local_time":"20190330183142","is_ascension_mode":true,"campfire_choices":[{"data":"Barricade","floor":6,"key":"SMITH"},{"data":"Shockwave","floor":8,"key":"SMITH"},{"data":"Bash","floor":10,"key":"SMITH"}],"neow_cost":"NO_GOLD","seed_source_timestamp":389524444120200,"circlet_count":0,"master_deck":["AscendersBane","Strike_R","Strike_R","Strike_R","Strike_R","Defend_R","Defend_R","Defend_R","Defend_R","Bash+1","Barricade+1","Shockwave+1","Iron Wave","Body Slam","Demon Form","Rampage"],"relics":["Burning Blood","Bag of Preparation","Dream Catcher","The Courier"],"potions_floor_usage":[],"damage_taken":[{"damage":18,"enemies":"Jaw Worm","floor":1,"turns":5},{"damage":11,"enemies":"Small Slimes","floor":2,"turns":4},{"damage":13,"enemies":"2 Louse","floor":7,"turns":4},{"damage":20,"enemies":"Gremlin Nob","floor":12,"turns":5},{"damage":14,"enemies":"Looter","floor":13,"turns":3},{"damage":23,"enemies":"Exordium Thugs","floor":14,"turns":2}],"seed_played":"-5792433976562105405","potions_obtained":[{"floor":1,"key":"Weak Potion"},{"floor":7,"key":"LiquidBronze"}],"is_trial":false,"path_per_floor":["M","M","?","?","?","R","M","R","T","R","T","E","M","M"],"character_chosen":"IRONCLAD","items_purchased":[],"campfire_rested":0,"item_purchase_floors":[],"current_hp_per_floor":[56,51,56,49,49,49,42,42,42,42,42,28,20,0],"gold":122,"neow_bonus":"THREE_RARE_CARDS","is_prod":false,"is_daily":false,"chose_seed":false,"campfire_upgraded":3,"win_rate":0,"timestamp":1553967102,"path_taken":["M","M","?","?","?","R","M","R","T","R","?","E","?","M"],"build_version":"2019-01-23","purchased_purges":0,"victory":false,"max_hp_per_floor":[75,75,80,80,80,80,80,80,80,80,80,80,80,80],"card_choices":[{"not_picked":["Juggernaut","Feed"],"picked":"Barricade","floor":0},{"not_picked":["Seeing Red","Searing Blow"],"picked":"Shockwave","floor":1},{"not_picked":["Pummel","Thunderclap"],"picked":"Iron Wave","floor":2},{"not_picked":["Havoc","Clash"],"picked":"Body Slam","floor":7},{"not_picked":["Cleave","Thunderclap"],"picked":"Demon Form","floor":12},{"not_picked":["Intimidate","Anger"],"picked":"Rampage","floor":13}],"player_experience":1016252,"relics_obtained":[{"floor":9,"key":"Bag of Preparation"},{"floor":11,"key":"Dream Catcher"},{"floor":12,"key":"The Courier"}],"event_choices":[{"damage_healed":0,"gold_gain":0,"player_choice":"Donut","damage_taken":0,"max_hp_gain":5,"max_hp_loss":0,"event_name":"Big Fish","floor":3,"gold_loss":0},{"cards_removed":["Strike_R"],"damage_healed":0,"gold_gain":0,"player_choice":"Card Removal","damage_taken":7,"max_hp_gain":0,"max_hp_loss":0,"event_name":"Golden Wing","floor":4,"gold_loss":0},{"damage_healed":0,"gold_gain":0,"player_choice":"Leave","damage_taken":0,"max_hp_gain":0,"max_hp_loss":0,"event_name":"The Cleric","floor":5,"gold_loss":0}],"is_beta":false,"boss_relics":[],"items_purged_floors":[],"is_endless":false,"potions_floor_spawned":[1,7],"killed_by":"Exordium Thugs","ascension_level":14}