{"gold_per_floor":[113,113,113,40,40,40,64,79,79,95,110,131,150,173,173,301,301,314,239,253,253,153,153,179,204,204,224,239,254,254,254,254,254],"floor_reached":33,"playtime":1119,"items_purged":["Strike_R","Strike_R"],"score":243,"play_id":"ec8b7cda-01bb-47fb-a7d8-8c6eb12e050c","local_time":"20181225222316","is_ascension_mode":false,"campfire_choices":[{"data":"Bash","floor":6.0,"key":"SMITH"},{"data":"Double Tap","floor":15.0,"key":"SMITH"},{"data":"Dropkick","floor":23.0,"key":"SMITH"},{"data":"Defend_R","floor":30.0,"key":"SMITH"},{"floor":32,"key":"REST"}],"neow_cost":"TEN_PERCENT_HP_LOSS","seed_source_timestamp":0,"circlet_count":0,"master_deck":["Strike_R","Strike_R","Strike_R+1","Defend_R+1","Defend_R","Defend_R","Defend_R+1","Bash+1","Dropkick+1","Double Tap+1"],"special_seed":0,"relics":["Burning Blood","Prayer Wheel","Golden Idol","Meat on the Bone","Philosopher\u0027s Stone","Vajra","Kunai"],"potions_floor_usage":[33],"damage_taken":[{"damage":10.0,"enemies":"Jaw Worm","floor":1.0,"turns":4.0},{"damage":0.0,"enemies":"2 Louse","floor":7.0,"turns":3.0},{"damage":12.0,"enemies":"Small Slimes","floor":8.0,"turns":3.0},{"damage":14.0,"enemies":"Exordium Thugs","floor":10.0,"turns":3.0},{"damage":21.0,"enemies":"Lots of Slimes","floor":11.0,"turns":6.0},{"damage":15.0,"enemies":"3 Louse","floor":12.0,"turns":3.0},{"damage":9.0,"enemies":"Blue Slaver","floor":13.0,"turns":5.0},{"damage":11.0,"enemies":"2 Fungi Beasts","floor":14.0,"turns":4.0},{"damage":51.0,"enemies":"Slime Boss","floor":16.0,"turns":14.0},{"damage":27.0,"enemies":"Spheric Guardian","floor":18.0,"turns":5.0},{"damage":17.0,"enemies":"2 Thieves","floor":20.0,"turns":3.0},{"damage":16.0,"enemies":"Snake Plant","floor":25.0,"turns":3.0},{"damage":5.0,"enemies":"3 Cultists","floor":27.0,"turns":5.0},{"damage":0.0,"enemies":"Centurion and Healer","floor":28.0,"turns":3.0},{"damage":35.0,"enemies":"Snake Plant","floor":29.0,"turns":3.0},{"damage":64,"enemies":"Automaton","floor":33,"turns":6}],"seed_played":"4229810152216389861","potions_obtained":[{"floor":7.0,"key":"AttackPotion"},{"floor":8.0,"key":"PowerPotion"},{"floor":10.0,"key":"SneckoOil"},{"floor":16.0,"key":"Block Potion"},{"floor":20.0,"key":"FearPotion"},{"floor":25.0,"key":"Block Potion"}],"is_trial":false,"path_per_floor":["M","?","?","$","?","R","M","M","T","M","M","M","M","M","R","B",null,"M","$","M","?","$","R","T","M","T","M","M","M","R","?","R","B"],"character_chosen":"IRONCLAD","items_purchased":["Dropkick"],"campfire_rested":1,"item_purchase_floors":[4],"current_hp_per_floor":[68,73,71,71,57,57,63,57,57,49,46,49,46,53,53,20,71,50,50,51,51,51,51,51,53,53,54,60,43,43,43,64,0],"gold":254,"neow_bonus":"ONE_RARE_RELIC","is_prod":false,"is_daily":false,"chose_seed":false,"campfire_upgraded":4,"win_rate":0,"timestamp":1545772996,"path_taken":["M","?","?","$","?","R","M","?","T","M","M","M","M","M","R","BOSS","M","$","M","?","$","R","?","M","T","M","?","M","R","?","R","BOSS"],"build_version":"2018-12-20","purchased_purges":2,"victory":false,"max_hp_per_floor":[72,77,71,71,71,71,71,71,71,71,71,71,71,71,71,71,71,71,71,71,71,71,71,71,71,71,71,71,71,71,71,71,71],"card_choices":[{"not_picked":["Wild Strike","Body Slam","Shrug It Off"],"picked":"SKIP","floor":1.0},{"not_picked":["Searing Blow","Corruption","Burning Pact"],"picked":"SKIP","floor":1.0},{"not_picked":["Fire Breathing","Ghostly Armor","Heavy Blade"],"picked":"SKIP","floor":7.0},{"not_picked":["Anger","Shrug It Off","Body Slam"],"picked":"SKIP","floor":7.0},{"not_picked":["Heavy Blade","Flex"],"picked":"Double Tap","floor":8.0},{"not_picked":["Wild Strike","Clash","Metallicize"],"picked":"SKIP","floor":8.0},{"not_picked":["Searing Blow","True Grit","Thunderclap"],"picked":"SKIP","floor":10.0},{"not_picked":["Armaments","Warcry","Battle Trance"],"picked":"SKIP","floor":10.0},{"not_picked":["Havoc","Whirlwind","Clash"],"picked":"SKIP","floor":11.0},{"not_picked":["Clash","Wild Strike","Pommel Strike"],"picked":"SKIP","floor":11.0},{"not_picked":["True Grit","Thunderclap","Flex"],"picked":"SKIP","floor":12.0},{"not_picked":["Whirlwind","Rage","Impervious"],"picked":"SKIP","floor":12.0},{"not_picked":["Clash","Blood for Blood","Pummel"],"picked":"SKIP","floor":13.0},{"not_picked":["Reckless Charge","Clash","Body Slam"],"picked":"SKIP","floor":13.0},{"not_picked":["Thunderclap","Clash","Dual Wield"],"picked":"SKIP","floor":14.0},{"not_picked":["Corruption","Body Slam","Headbutt"],"picked":"SKIP","floor":14.0},{"not_picked":["Metallicize+1","Heavy Blade","Blood for Blood"],"picked":"SKIP","floor":18.0},{"not_picked":["True Grit","Iron Wave","Rage+1"],"picked":"SKIP","floor":18.0},{"not_picked":["Battle Trance","Seeing Red","Wild Strike"],"picked":"SKIP","floor":20.0},{"not_picked":["Juggernaut","Ghostly Armor","Clothesline"],"picked":"SKIP","floor":20.0},{"not_picked":["Shockwave","Twin Strike","Power Through"],"picked":"SKIP","floor":25.0},{"not_picked":["Reckless Charge+1","Corruption","Shrug It Off"],"picked":"SKIP","floor":25.0},{"not_picked":["Combust","Rupture","Searing Blow"],"picked":"SKIP","floor":27.0},{"not_picked":["Entrench","Searing Blow+1","Warcry"],"picked":"SKIP","floor":27.0},{"not_picked":["Sword Boomerang","Second Wind+1","Anger"],"picked":"SKIP","floor":28.0},{"not_picked":["Flame Barrier+1","Ghostly Armor","Combust"],"picked":"SKIP","floor":28.0},{"not_picked":["Whirlwind","Anger+1","Rampage"],"picked":"SKIP","floor":29.0},{"not_picked":["Anger","Flame Barrier+1","Sentinel"],"picked":"SKIP","floor":29.0}],"player_experience":545293,"relics_obtained":[{"floor":9.0,"key":"Meat on the Bone"},{"floor":24.0,"key":"Vajra"},{"floor":26.0,"key":"Kunai"}],"event_choices":[{"damage_healed":0.0,"max_hp_gain":5.0,"max_hp_loss":0.0,"gold_gain":0.0,"event_name":"Big Fish","player_choice":"Donut","floor":2.0,"gold_loss":0.0,"damage_taken":0.0},{"damage_healed":0.0,"max_hp_gain":0.0,"max_hp_loss":6.0,"gold_gain":0.0,"event_name":"Golden Idol","player_choice":"Lose Max HP","floor":3.0,"gold_loss":0.0,"damage_taken":0.0,"relics_obtained":["Golden Idol"]},{"damage_healed":0.0,"max_hp_gain":0.0,"max_hp_loss":0.0,"gold_gain":0.0,"event_name":"Shining Light","player_choice":"Entered Light","floor":5.0,"gold_loss":0.0,"damage_taken":14.0,"cards_upgraded":["Strike_R","Defend_R"]},{"damage_healed":0.0,"max_hp_gain":0.0,"max_hp_loss":0.0,"gold_gain":0.0,"event_name":"Cursed Tome","player_choice":"Ignored","floor":21.0,"gold_loss":0.0,"damage_taken":0.0},{"damage_healed":0,"gold_gain":0,"player_choice":"Ignored","damage_taken":0,"max_hp_gain":0,"max_hp_loss":0,"event_name":"Ghosts","floor":31,"gold_loss":0}],"is_beta":false,"boss_relics":[{"not_picked":["Black Star","Cursed Key"],"picked":"Philosopher\u0027s Stone"}],"items_purged_floors":[19,22],"is_endless":false,"potions_floor_spawned":[7,8,10,14,16,20,25],"killed_by":"Automaton","ascension_level":0}