{"gold_per_floor":[119,137,137,150,163,190,190,209,258,315,315,315,359,380,380,380],"floor_reached":16,"playtime":479,"items_purged":[],"score":196,"play_id":"836db9cc-27b4-47bb-a1d9-35dc25fcc643","local_time":"20190526194734","is_ascension_mode":true,"campfire_choices":[{"data":"Fusion","floor":7,"key":"SMITH"},{"data":"Hyperbeam","floor":12,"key":"SMITH"},{"floor":15,"key":"REST"}],"neow_cost":"NONE","seed_source_timestamp":1111007963455400,"circlet_count":0,"master_deck":["AscendersBane","Strike_B","Strike_B","Strike_B","Strike_B","Defend_B","Defend_B","Defend_B","Defend_B","Zap+1","Dualcast","Self Repair","Go for the Eyes","Hyperbeam+1","Fusion+1","Meteor Strike+1","Redo","Gash+1","Injury","Rebound+1","Conserve Battery"],"relics":["Cracked Core","Molten Egg 2","Bag of Marbles","Gremlin Horn","Golden Idol","Anchor"],"potions_floor_usage":[6,10,14],"damage_taken":[{"damage":2,"enemies":"Jaw Worm","floor":1,"turns":3},{"damage":1,"enemies":"Cultist","floor":2,"turns":3},{"damage":3,"enemies":"Small Slimes","floor":4,"turns":3},{"damage":0,"enemies":"3 Louse","floor":5,"turns":2},{"damage":15,"enemies":"3 Sentries","floor":6,"turns":4},{"damage":12,"enemies":"2 Fungi Beasts","floor":8,"turns":3},{"damage":22,"enemies":"Gremlin Nob","floor":10,"turns":4},{"damage":34,"enemies":"Gremlin Nob","floor":13,"turns":4},{"damage":8,"enemies":"Exordium Wildlife","floor":14,"turns":4},{"damage":47,"enemies":"Slime Boss","floor":16,"turns":8}],"seed_played":"-213883911618533992","potions_obtained":[{"floor":2,"key":"SteroidPotion"},{"floor":8,"key":"Swift Potion"},{"floor":10,"key":"SpeedPotion"}],"is_trial":false,"path_per_floor":["M","M","?","M","M","E","R","M","T","?","?","R","E","M","R","B"],"character_chosen":"DEFECT","items_purchased":[],"campfire_rested":1,"item_purchase_floors":[],"current_hp_per_floor":[69,75,75,78,78,70,70,65,65,50,50,50,23,22,45,0],"gold":380,"neow_bonus":"TEN_PERCENT_HP_BONUS","is_prod":false,"is_daily":false,"chose_seed":false,"campfire_upgraded":2,"win_rate":0,"timestamp":1558892854,"path_taken":["M","M","?","M","?","E","R","M","T","?","?","R","E","M","R","BOSS"],"build_version":"2019-01-23","purchased_purges":0,"victory":false,"max_hp_per_floor":[78,78,78,78,78,78,78,78,78,78,78,78,78,78,78,78],"card_choices":[{"not_picked":["Gash","Cold Snap"],"picked":"Self Repair","floor":1},{"not_picked":["Turbo","Barrage"],"picked":"Go for the Eyes","floor":2},{"not_picked":["Beam Cell","Steam"],"picked":"Hyperbeam","floor":4},{"not_picked":["BootSequence","Steam"],"picked":"Fusion","floor":5},{"not_picked":["Static Discharge","Self Repair"],"picked":"Meteor Strike","floor":6},{"not_picked":["Coolheaded","Chill"],"picked":"Redo","floor":8},{"not_picked":["Steam Power","Turbo"],"picked":"Gash+1","floor":10},{"not_picked":["Biased Cognition","Leap"],"picked":"Rebound+1","floor":13},{"not_picked":["Consume","Storm"],"picked":"Conserve Battery","floor":14}],"player_experience":1215231,"relics_obtained":[{"floor":6,"key":"Molten Egg 2"},{"floor":9,"key":"Bag of Marbles"},{"floor":13,"key":"Anchor"}],"event_choices":[{"damage_healed":0,"gold_gain":0,"player_choice":"Forge","damage_taken":0,"max_hp_gain":0,"max_hp_loss":0,"event_name":"Accursed Blacksmith","floor":3,"gold_loss":0,"cards_upgraded":["Zap"]},{"damage_healed":0,"gold_gain":0,"player_choice":"Searched \u00273\u0027 times","damage_taken":0,"relics_obtained":["Gremlin Horn"],"max_hp_gain":0,"max_hp_loss":0,"event_name":"Dead Adventurer","floor":10,"gold_loss":0},{"damage_healed":0,"gold_gain":0,"player_choice":"Take Wound","damage_taken":0,"relics_obtained":["Golden Idol"],"max_hp_gain":0,"max_hp_loss":0,"event_name":"Golden Idol","floor":11,"gold_loss":0,"cards_obtained":["Injury"]}],"is_beta":false,"boss_relics":[],"items_purged_floors":[],"is_endless":false,"potions_floor_spawned":[2,8,10],"killed_by":"Slime Boss","ascension_level":15}