{"gold_per_floor":[112,130,130,141,141,175,175,200,200,200,220,220],"floor_reached":12,"playtime":497,"items_purged":[],"score":154,"play_id":"d33240a2-e564-4474-82f6-114e690a7cea","local_time":"20190517233805","is_ascension_mode":true,"campfire_choices":[{"data":"Zap","floor":7,"key":"SMITH"},{"data":"Buffer","floor":10,"key":"SMITH"}],"neow_cost":"NONE","seed_source_timestamp":347189817110300,"circlet_count":0,"master_deck":["AscendersBane","Strike_B","Strike_B","Strike_B","Defend_B","Defend_B","Defend_B","Defend_B","Zap+1","Dualcast","Chaos","Sweeping Beam","Redo","Fusion","Genetic Algorithm","Buffer+1","Static Discharge"],"relics":["Runic Pyramid","Oddly Smooth Stone","Kunai","Art of War"],"potions_floor_usage":[6,11],"damage_taken":[{"damage":4,"enemies":"Jaw Worm","floor":1,"turns":4},{"damage":0,"enemies":"Small Slimes","floor":2,"turns":4},{"damage":1,"enemies":"2 Louse","floor":4,"turns":3},{"damage":14,"enemies":"Lagavulin","floor":6,"turns":6},{"damage":38,"enemies":"3 Sentries","floor":8,"turns":8},{"damage":8,"enemies":"Large Slime","floor":11,"turns":6},{"damage":5,"enemies":"Gremlin Gang","floor":12,"turns":1}],"seed_played":"3527687675427347257","potions_obtained":[{"floor":4,"key":"PowerPotion"},{"floor":6,"key":"Energy Potion"}],"is_trial":false,"path_per_floor":["M","M","?","M","?","E","R","E","T","R","M","M"],"character_chosen":"DEFECT","items_purchased":[],"campfire_rested":0,"item_purchase_floors":[],"current_hp_per_floor":[60,60,60,59,64,50,50,12,12,12,4,0],"gold":220,"neow_bonus":"BOSS_RELIC","is_prod":false,"is_daily":false,"chose_seed":false,"campfire_upgraded":2,"win_rate":0,"timestamp":1558129085,"path_taken":["M","M","?","M","?","E","R","E","T","R","M","M"],"build_version":"2019-01-23","purchased_purges":0,"victory":false,"max_hp_per_floor":[71,71,71,71,76,76,76,76,76,76,76,76],"card_choices":[{"not_picked":["Coolheaded","Gash"],"picked":"Chaos","floor":1},{"not_picked":["Go for the Eyes","Redo"],"picked":"Sweeping Beam","floor":2},{"not_picked":["Ball Lightning","Steam"],"picked":"Fusion","floor":4},{"not_picked":["Gash","Streamline"],"picked":"Genetic Algorithm","floor":6},{"not_picked":["Ball Lightning","Beam Cell"],"picked":"Buffer","floor":8},{"not_picked":["Redo","Streamline"],"picked":"Static Discharge","floor":11}],"player_experience":1134709,"relics_obtained":[{"floor":6,"key":"Oddly Smooth Stone"},{"floor":8,"key":"Kunai"},{"floor":9,"key":"Art of War"}],"event_choices":[{"damage_healed":0,"gold_gain":0,"cards_transformed":["Strike_B"],"player_choice":"Change","damage_taken":0,"max_hp_gain":0,"max_hp_loss":0,"event_name":"Living Wall","floor":3,"gold_loss":0,"cards_obtained":["Redo"]},{"damage_healed":0,"gold_gain":0,"player_choice":"Donut","damage_taken":0,"max_hp_gain":5,"max_hp_loss":0,"event_name":"Big Fish","floor":5,"gold_loss":0}],"is_beta":false,"boss_relics":[],"items_purged_floors":[],"is_endless":false,"potions_floor_spawned":[4,6],"killed_by":"Gremlin Gang","ascension_level":15}