{"gold_per_floor":[116,191,171,189,22,48,61,87,110,110,129,129,159,34,34,34],"floor_reached":16,"playtime":442,"items_purged":["Strike_R","Strike_R"],"score":272,"play_id":"2f7759af-ce94-448b-a445-e086cc3eb972","local_time":"20190814212854","is_ascension_mode":true,"campfire_choices":[{"data":"Flex","floor":10.0,"key":"SMITH"},{"data":"True Grit","floor":12.0,"key":"SMITH"},{"floor":15.0,"key":"REST"}],"neow_cost":"NONE","seed_source_timestamp":59153806448000,"circlet_count":0,"master_deck":["AscendersBane","Strike_R","Strike_R","Strike_R","Defend_R","Defend_R","Defend_R","Defend_R","Bash","Flex+1","True Grit+1","Madness","Anger","Anger","Headbutt","Feed","Limit Break","Flex"],"special_seed":0,"relics":["Burning Blood","NeowsBlessing","Centennial Puzzle","Art of War","Regal Pillow","Bottled Lightning"],"potions_floor_usage":[16],"damage_taken":[{"damage":0.0,"enemies":"Jaw Worm","floor":1.0,"turns":1.0},{"damage":0.0,"enemies":"Small Slimes","floor":4.0,"turns":1.0},{"damage":0.0,"enemies":"3 Sentries","floor":6.0,"turns":2.0},{"damage":6.0,"enemies":"Cultist","floor":7.0,"turns":4.0},{"damage":11.0,"enemies":"Gremlin Nob","floor":8.0,"turns":3.0},{"damage":19.0,"enemies":"Lots of Slimes","floor":11.0,"turns":3.0},{"damage":36.0,"enemies":"3 Sentries","floor":13.0,"turns":9.0},{"damage":65,"enemies":"The Guardian","floor":16,"turns":6}],"seed_played":"-343619027361873704","potions_obtained":[{"floor":3.0,"key":"Energy Potion"},{"floor":4.0,"key":"Ancient Potion"},{"floor":13.0,"key":"SteroidPotion"}],"is_trial":false,"path_per_floor":["M","?","?","M","$","E","M","E","T","R","M","R","E","$","R","B"],"character_chosen":"IRONCLAD","items_purchased":["Madness","Flex"],"campfire_rested":1,"item_purchase_floors":[5,14],"current_hp_per_floor":[74,63,63,69,69,75,75,70,70,70,57,57,27,27,64,0],"gold":34,"neow_bonus":"THREE_ENEMY_KILL","is_prod":false,"is_daily":false,"chose_seed":false,"campfire_upgraded":2,"win_rate":0,"timestamp":1565810934,"path_taken":["M","?","?","?","$","E","M","E","T","R","M","R","E","?","R","BOSS"],"build_version":"2019-07-17","purchased_purges":2,"victory":false,"max_hp_per_floor":[75,75,75,75,75,75,75,75,75,75,75,75,75,75,75,75],"card_choices":[{"not_picked":["Sword Boomerang","Perfected Strike"],"picked":"Flex","floor":1.0},{"not_picked":["Headbutt","Reckless Charge"],"picked":"True Grit","floor":4.0},{"not_picked":["Pommel Strike","Cleave"],"picked":"Anger","floor":6.0},{"not_picked":["Clothesline","Inflame"],"picked":"Anger","floor":7.0},{"not_picked":["Shrug It Off","Power Through"],"picked":"Headbutt","floor":8.0},{"not_picked":["Armaments","Iron Wave"],"picked":"Feed","floor":11.0},{"not_picked":["Twin Strike","Anger"],"picked":"Limit Break","floor":13.0}],"player_experience":1898574,"relics_obtained":[{"floor":6.0,"key":"Centennial Puzzle"},{"floor":8.0,"key":"Art of War"},{"floor":9.0,"key":"Regal Pillow"},{"floor":13.0,"key":"Bottled Lightning"}],"event_choices":[{"damage_healed":0.0,"max_hp_gain":0.0,"max_hp_loss":0.0,"gold_gain":75.0,"event_name":"World of Goop","player_choice":"Gather Gold","floor":2.0,"gold_loss":0.0,"damage_taken":11.0},{"damage_healed":0.0,"max_hp_gain":0.0,"max_hp_loss":0.0,"gold_gain":0.0,"event_name":"The Woman in Blue","player_choice":"Bought 1 Potion","floor":3.0,"gold_loss":0.0,"damage_taken":0.0}],"is_beta":false,"boss_relics":[],"items_purged_floors":[5,14],"is_endless":false,"potions_floor_spawned":[4,6,13],"killed_by":"The Guardian","ascension_level":18}