{"gold_per_floor":[119,119,119,146,161,161,179,179,259,288,304,379,379,397,397,472,472,489,504,554,572,49,49,83,83,83,83,108,121,21,21,21,95,95,112,112,60,77,29,44,61,71,71,71,83,83,93,107,107,107],"floor_reached":51,"playtime":2923,"items_purged":["Strike_R","Normality"],"score":1121,"play_id":"7b99ecc4-e330-4b21-8044-9712d6dd3f63","local_time":"20180903185123","is_ascension_mode":true,"campfire_choices":[{"data":"Spot Weakness","floor":6,"key":"SMITH"},{"data":"Bash","floor":8,"key":"SMITH"},{"floor":13,"key":"REST"},{"data":"Wild Strike","floor":15,"key":"SMITH"},{"data":"Limit Break","floor":23,"key":"SMITH"},{"floor":25,"key":"REST"},{"floor":27,"key":"REST"},{"data":"True Grit","floor":32,"key":"SMITH"},{"floor":44,"key":"REST"},{"floor":49,"key":"REST"}],"neow_cost":"NONE","seed_source_timestamp":1408829879001090,"circlet_count":0,"master_deck":["Strike_R+1","Strike_R","Strike_R","Strike_R","Defend_R","Defend_R","Defend_R","Defend_R","Bash+1","AscendersBane","Infernal Blade+1","Spot Weakness+1","Clothesline","Evolve+1","Pommel Strike","Wild Strike+1","Limit Break+1","Headbutt","Cleave","True Grit+1","Rage","Shrug It Off","Fiend Fire","Battle Trance","Pommel Strike","Shrug It Off","Uppercut","Shrug It Off+1","Discovery"],"relics":["Burning Blood","Blood Vial","Anchor","Frozen Egg 2","Vajra","Cursed Key","Bronze Scales","Torii","Charon\u0027s Ashes","Omamori","Fusion Hammer","Champion Belt","Meat on the Bone"],"potions_floor_usage":[33,33,41,41,50,50],"damage_taken":[{"damage":13,"enemies":"Jaw Worm","floor":1,"turns":5},{"damage":8,"enemies":"2 Louse","floor":5,"turns":3},{"damage":0,"enemies":"Small Slimes","floor":7,"turns":1},{"damage":25,"enemies":"3 Sentries","floor":10,"turns":6},{"damage":5,"enemies":"2 Fungi Beasts","floor":11,"turns":3},{"damage":0,"enemies":"Looter","floor":14,"turns":2},{"damage":15,"enemies":"Slime Boss","floor":16,"turns":7},{"damage":44,"enemies":"3 Byrds","floor":18,"turns":5},{"damage":13,"enemies":"2 Thieves","floor":19,"turns":3},{"damage":0,"enemies":"Snecko","floor":21,"turns":3},{"damage":38,"enemies":"Slavers","floor":24,"turns":5},{"damage":0,"enemies":"Gremlin Leader","floor":28,"turns":4},{"damage":25,"enemies":"Sentry and Sphere","floor":29,"turns":5},{"damage":21,"enemies":"Champ","floor":33,"turns":8},{"damage":0,"enemies":"Orb Walker","floor":35,"turns":3},{"damage":2,"enemies":"Mind Bloom Boss Battle","floor":36,"turns":6},{"damage":4,"enemies":"3 Shapes","floor":38,"turns":6},{"damage":1,"enemies":"Maw","floor":40,"turns":6},{"damage":8,"enemies":"Reptomancer","floor":41,"turns":4},{"damage":0,"enemies":"Transient","floor":42,"turns":5},{"damage":10,"enemies":"3 Darklings","floor":45,"turns":4},{"damage":12,"enemies":"4 Shapes","floor":47,"turns":3},{"damage":32,"enemies":"Maw","floor":48,"turns":5},{"damage":41,"enemies":"Donu and Deca","floor":50,"turns":8}],"seed_played":"8023525761020394315","potions_obtained":[{"floor":1,"key":"Strength Potion"},{"floor":7,"key":"Dexterity Potion"},{"floor":35,"key":"SkillPotion"},{"floor":41,"key":"Dexterity Potion"},{"floor":47,"key":"LiquidBronze"},{"floor":48,"key":"Energy Potion"}],"is_trial":false,"path_per_floor":["M","?","?","T","M","R","M","R","T","E","M","?","R","M","R","B",null,"M","M","?","M","$","R","E","R","T","R","E","M","$","?","R","B",null,"M","?","$","M","$","M","M","M","T","R","M","?","M","M","R","B"],"character_chosen":"IRONCLAD","items_purchased":["Bronze Scales","Torii","Block Potion","Shrug It Off"],"campfire_rested":5,"item_purchase_floors":[22,22,37,39],"current_hp_per_floor":[67,51,51,51,51,51,59,59,59,42,45,34,58,66,66,59,75,39,34,34,42,42,42,12,36,36,60,68,51,51,77,77,64,76,80,80,80,80,80,80,78,80,80,80,76,76,72,48,72,51],"gold":107,"neow_bonus":"RANDOM_COMMON_RELIC","is_prod":false,"is_daily":false,"chose_seed":false,"campfire_upgraded":5,"win_rate":0,"timestamp":1535997083,"path_taken":["M","?","?","?","M","R","M","R","T","E","M","?","R","M","R","BOSS","M","?","?","?","?","R","E","R","T","R","E","M","$","?","R","BOSS","M","?","$","M","$","M","M","M","T","R","M","?","?","M","R","BOSS"],"build_version":"2018-08-30","purchased_purges":2,"victory":true,"max_hp_per_floor":[80,80,80,80,80,80,80,80,80,80,80,80,80,80,80,80,80,80,80,80,80,80,80,80,80,80,80,80,80,80,80,80,80,80,80,80,80,80,80,80,80,80,80,80,80,80,80,80,80,80],"card_choices":[{"not_picked":["Rage","Heavy Blade"],"picked":"Infernal Blade","floor":1},{"not_picked":["Hemokinesis","Corruption"],"picked":"Spot Weakness","floor":5},{"not_picked":["Flame Barrier","Flex"],"picked":"Clothesline","floor":7},{"not_picked":["Combust+1","Brutality+1"],"picked":"Evolve+1","floor":10},{"not_picked":["Perfected Strike","Entrench"],"picked":"Pommel Strike","floor":11},{"not_picked":["Warcry","Body Slam"],"picked":"Wild Strike","floor":14},{"not_picked":["Demon Form+1","Brutality+1"],"picked":"Limit Break","floor":16},{"not_picked":["Havoc","Perfected Strike"],"picked":"Headbutt","floor":18},{"not_picked":["Wild Strike","Thunderclap"],"picked":"Cleave","floor":19},{"not_picked":["Wild Strike","Flex","Twin Strike"],"picked":"SKIP","floor":21},{"not_picked":["Combust+1","Sentinel"],"picked":"True Grit","floor":24},{"not_picked":["Wild Strike","Combust+1"],"picked":"Rage","floor":28},{"not_picked":["Berserk+1","Infernal Blade"],"picked":"Shrug It Off","floor":29},{"not_picked":["Reaper","Immolate"],"picked":"Fiend Fire","floor":33},{"not_picked":["Havoc","Wild Strike+1"],"picked":"Battle Trance","floor":35},{"not_picked":["Fire Breathing+1","Reckless Charge"],"picked":"Pommel Strike","floor":36},{"not_picked":["Thunderclap+1","Headbutt","Armaments"],"picked":"SKIP","floor":38},{"not_picked":["Iron Wave","Warcry"],"picked":"Uppercut","floor":40},{"not_picked":["Armaments","Ghostly Armor"],"picked":"Shrug It Off+1","floor":41},{"not_picked":["Perfected Strike","Berserk+1","Wild Strike"],"picked":"SKIP","floor":42},{"not_picked":["Heavy Blade","Cleave","Reckless Charge"],"picked":"SKIP","floor":45},{"not_picked":["Heavy Blade","Cleave","Reckless Charge"],"picked":"SKIP","floor":45},{"not_picked":["Mind Blast","Impatience"],"picked":"Discovery","floor":46},{"not_picked":["Power Through","True Grit","Hemokinesis"],"picked":"SKIP","floor":47},{"not_picked":["Clothesline","Flex+1","Shockwave"],"picked":"SKIP","floor":48}],"player_experience":626847,"relics_obtained":[{"floor":4,"key":"Anchor"},{"floor":9,"key":"Frozen Egg 2"},{"floor":10,"key":"Vajra"},{"floor":24,"key":"Charon\u0027s Ashes"},{"floor":28,"key":"Omamori"},{"floor":36,"key":"Champion Belt"},{"floor":43,"key":"Meat on the Bone"}],"event_choices":[{"event_name":"Shining Light","player_choice":"Entered Light","floor":2,"damage_taken":0},{"event_name":"Liars Game","player_choice":"disagreed","floor":3,"damage_taken":0},{"event_name":"World of Goop","player_choice":"Gather Gold","floor":12,"damage_taken":0},{"event_name":"The Joust","player_choice":"Bet on Murderer","floor":20,"damage_taken":0},{"event_name":"The Library","player_choice":"Heal","floor":31,"damage_taken":0},{"event_name":"MindBloom","player_choice":"Fight","floor":36,"damage_taken":0},{"event_name":"SensoryStone","player_choice":"Memory 1","floor":46,"damage_taken":0}],"is_beta":false,"boss_relics":[{"not_picked":["Lizard Tail","White Beast Statue"],"picked":"Cursed Key"},{"not_picked":["Philosopher\u0027s Stone","Coffee Dripper"],"picked":"Fusion Hammer"}],"items_purged_floors":[22,30],"is_endless":false,"potions_floor_spawned":[1,7,14,16,21,29,35,41,47,48],"ascension_level":13}