{"gold_per_floor":[18,18,28,39,57,57,69,69,69,69,81,81],"floor_reached":12,"playtime":527,"items_purged":[],"score":119,"play_id":"a18e91a2-4b3b-41b5-962e-f202ae7a627b","local_time":"20190306031240","is_ascension_mode":true,"campfire_choices":[{"data":"Bash","floor":6,"key":"SMITH"},{"data":"Entrench","floor":8,"key":"SMITH"}],"neow_cost":"NO_GOLD","seed_source_timestamp":82327947172400,"circlet_count":0,"master_deck":["AscendersBane","Strike_R","Strike_R","Strike_R","Strike_R","Defend_R","Defend_R","Defend_R","Defend_R","Bash+1","Body Slam","Entrench+1","Iron Wave","Flex","Corruption","Inflame","Body Slam"],"relics":["Burning Blood","Calipers","Pear","Singing Bowl"],"potions_floor_usage":[11,12],"damage_taken":[{"damage":10,"enemies":"Small Slimes","floor":1,"turns":4},{"damage":6,"enemies":"Jaw Worm","floor":3,"turns":5},{"damage":1,"enemies":"Cultist","floor":4,"turns":4},{"damage":14,"enemies":"Blue Slaver","floor":5,"turns":4},{"damage":6,"enemies":"3 Louse","floor":7,"turns":4},{"damage":16,"enemies":"Exordium Wildlife","floor":11,"turns":5},{"damage":80,"enemies":"3 Sentries","floor":12,"turns":11}],"seed_played":"2105134277465371893","potions_obtained":[{"floor":5,"key":"SteroidPotion"},{"floor":11,"key":"BloodPotion"}],"is_trial":false,"path_per_floor":["M","?","M","M","M","R","M","R","T","T","M","E"],"character_chosen":"IRONCLAD","items_purchased":[],"campfire_rested":0,"item_purchase_floors":[],"current_hp_per_floor":[68,68,68,73,65,65,65,65,75,75,65,0],"gold":81,"neow_bonus":"ONE_RARE_RELIC","is_prod":false,"is_daily":false,"chose_seed":false,"campfire_upgraded":2,"win_rate":0,"timestamp":1551838360,"path_taken":["M","?","M","M","M","R","M","R","T","?","?","E"],"build_version":"2019-01-23","purchased_purges":0,"victory":false,"max_hp_per_floor":[80,80,80,80,80,80,80,80,90,90,90,90],"card_choices":[{"not_picked":["Twin Strike","Battle Trance"],"picked":"Body Slam","floor":1},{"not_picked":["True Grit","Immolate"],"picked":"Iron Wave","floor":3},{"not_picked":["Clash","Perfected Strike"],"picked":"Flex","floor":4},{"not_picked":["Pommel Strike","Anger"],"picked":"Corruption","floor":5},{"not_picked":["Anger","Corruption"],"picked":"Inflame","floor":7},{"not_picked":["Spot Weakness","Havoc"],"picked":"Body Slam","floor":11}],"player_experience":936166,"relics_obtained":[{"floor":9,"key":"Pear"},{"floor":10,"key":"Singing Bowl"}],"event_choices":[{"damage_healed":0,"gold_gain":0,"cards_transformed":["Strike_R"],"player_choice":"Change","damage_taken":0,"max_hp_gain":0,"max_hp_loss":0,"event_name":"Living Wall","floor":2,"gold_loss":0,"cards_obtained":["Entrench"]}],"is_beta":false,"boss_relics":[],"items_purged_floors":[],"is_endless":false,"potions_floor_spawned":[5,11],"killed_by":"3 Sentries","ascension_level":13}