{"path_per_floor":["M","M","T","M","?","R","E","M","T","R","M","?","M","$","R","B",null,"M","M","?","?","M","R","M","$","T","R","M","M","$"],"character_chosen":"THE_SILENT","items_purchased":["Pen Nib","Fire Potion"],"gold_per_floor":[109,128,128,142,217,217,245,261,261,261,275,240,256,30,30,135,135,155,172,87,87,105,105,115,15,15,15,32,51,3],"floor_reached":31,"campfire_rested":0,"playtime":2011,"current_hp_per_floor":[60,60,60,49,38,38,40,40,40,40,28,49,47,47,47,46,84,84,77,77,77,67,67,45,45,45,45,39,6,6],"items_purged":["Defend_G","After Image"],"gold":3,"play_id":"bc78ae2e-1054-4743-9df4-b504250146d0","is_prod":false,"is_daily":false,"campfire_rituals":0,"campfire_upgraded":2,"is_hardmode":false,"path_taken":["M","M","?","M","?","R","E","M","T","R","M","?","M","$","R","BOSS","M","M","?","?","M","R","M","$","T","R","M","M","$","M"],"build_version":"2018-01-18-PROD4","purchased_purges":4,"victory":false,"master_deck":["Defend_G","Defend_G","Defend_G","Defend_G","Strike_G","Strike_G","Strike_G","Strike_G","Strike_G","Survivor","Neutralize","Well Laid Plans","Dagger Throw","Sucker Punch","Blade Dance","Flying Knee","Heel Hook","Terror","Choke","Bouncing Flask","Sucker Punch","Dagger Throw","Pain","All Out Attack","Dagger Throw","Deadly Poison"],"max_hp_per_floor":[70,70,70,70,70,70,84,84,84,84,84,84,84,84,84,84,84,84,84,84,84,84,84,84,84,84,84,84,84,84],"relics":["Orrery","Omamori","Mango","Girya","Pen Nib","Calling Bell","Frozen Eye","Orichalcum","Gremlin Horn","Shuriken","Calipers"],"campfire_meditates":0,"card_choices":[{"not_picked":["Poisoned Stab","Dagger Throw"],"picked":"Well Laid Plans"},{"not_picked":["PiercingWail","Unload"],"picked":"Dagger Throw"},{"not_picked":["PiercingWail","Backstab"],"picked":"Sucker Punch"},{"not_picked":["Outmaneuver","Acrobatics"],"picked":"Blade Dance"},{"not_picked":["Endless Agony","Bane"],"picked":"Flying Knee"},{"not_picked":["Poisoned Stab","PiercingWail"],"picked":"Heel Hook"},{"not_picked":["Bane","Noxious Fumes"],"picked":"Terror"},{"not_picked":["Dodge and Roll","Outmaneuver"],"picked":"Choke"},{"not_picked":["Deadly Poison","Dagger Throw"],"picked":"Bouncing Flask"},{"not_picked":["Crippling Poison","Flechettes"],"picked":"Sucker Punch"},{"not_picked":["Sucker Punch","Quick Slash"],"picked":"Dagger Throw"},{"not_picked":["A Thousand Cuts","Wraith Form"],"picked":"After Image"},{"not_picked":["Deadly Poison","PiercingWail"],"picked":"All Out Attack"},{"not_picked":["Endless Agony","Dodge and Roll"],"picked":"Dagger Throw"},{"not_picked":["After Image","Prepared"],"picked":"Deadly Poison"}],"player_experience":86157,"potions_floor_usage":[7,16,19,28,31,31],"damage_taken":[{"damage":10,"enemies":"Blue Slaver","floor":1,"turns":3},{"damage":0,"enemies":"Small Slimes","floor":2,"turns":3},{"damage":11,"enemies":"Jaw Worm","floor":4,"turns":2},{"damage":21,"enemies":"Lagavulin","floor":7,"turns":5},{"damage":0,"enemies":"2 Fungi Beasts","floor":8,"turns":3},{"damage":12,"enemies":"Exordium Wildlife","floor":11,"turns":3},{"damage":2,"enemies":"Large Slime","floor":13,"turns":4},{"damage":1,"enemies":"Slime Boss","floor":16,"turns":6},{"damage":0,"enemies":"Chosen","floor":18,"turns":3},{"damage":7,"enemies":"Spheric Guardian","floor":19,"turns":3},{"damage":10,"enemies":"Centurion and Healer","floor":22,"turns":5},{"damage":22,"enemies":"Snake Plant","floor":24,"turns":3},{"damage":6,"enemies":"Snecko","floor":28,"turns":3},{"damage":33,"enemies":"Slaver and Parasite","floor":29,"turns":4},{"damage":9,"enemies":"Snake Plant","floor":31,"turns":1}],"event_choices":[{"event_name":"World of Goop","player_choice":"Gather Gold","floor":5,"damage_taken":0},{"event_name":"The Cleric","player_choice":"Healed","floor":12,"damage_taken":0},{"event_name":"Addict","player_choice":"Obtained Relic","floor":20,"damage_taken":0},{"event_name":"Drug Dealer","player_choice":"Ignored","floor":21,"damage_taken":0}],"boss_relics":[{"not_picked":["The Specimen","Ectoplasm"],"picked":"Calling Bell"}],"potions_floor_spawned":[1,13,18,19,29],"seed_played":"-3615323622723119942","killed_by":"Snake Plant","is_trial":false}