{"gold_per_floor":[110,120,270,167,92,127,127,153,179,179,193,206,206,217,217,292,292,306,326,326,34,34,34,49,66,112,112],"floor_reached":27,"playtime":859,"items_purged":["Doubt","Decay"],"score":446,"play_id":"3d3f3b80-4e30-42eb-8724-f271578f8738","local_time":"20190622134754","is_ascension_mode":true,"campfire_choices":[{"data":"Fission","floor":7,"key":"SMITH"},{"data":"Zap","floor":10,"key":"SMITH"},{"data":"Capacitor","floor":13,"key":"SMITH"},{"data":"Barrage","floor":15,"key":"SMITH"},{"data":"Seek","floor":23,"key":"SMITH"}],"neow_cost":"NONE","seed_source_timestamp":394313888712900,"circlet_count":0,"master_deck":["AscendersBane","Defend_B","Defend_B","Defend_B+1","Zap+1","Dualcast+1","Ball Lightning","Capacitor+1","Leap","Fission+1","Barrage+1","Auto Shields","Barrage","Tempest","Seek+1","Machine Learning+1","Creative AI+1","Consume+1","Cold Snap","Genetic Algorithm","Self Repair","Coolheaded","Sweeping Beam","Hologram"],"relics":["Cracked Core","NeowsBlessing","DataDisk","Bag of Marbles","War Paint","Astrolabe","Pen Nib"],"potions_floor_usage":[8,8,12,16,16,19,24,24],"damage_taken":[{"damage":0,"enemies":"Jaw Worm","floor":1,"turns":1},{"damage":0,"enemies":"2 Louse","floor":2,"turns":1},{"damage":0,"enemies":"3 Sentries","floor":6,"turns":1},{"damage":37,"enemies":"Gremlin Nob","floor":8,"turns":5},{"damage":0,"enemies":"Cultist","floor":11,"turns":3},{"damage":0,"enemies":"Large Slime","floor":12,"turns":4},{"damage":11,"enemies":"Exordium Thugs","floor":14,"turns":2},{"damage":20,"enemies":"Hexaghost","floor":16,"turns":7},{"damage":7,"enemies":"Shell Parasite","floor":18,"turns":6},{"damage":7,"enemies":"Chosen","floor":19,"turns":4},{"damage":19,"enemies":"Shelled Parasite and Fungi","floor":24,"turns":6},{"damage":15,"enemies":"Sentry and Sphere","floor":25,"turns":7},{"damage":26,"enemies":"Centurion and Healer","floor":27,"turns":2}],"seed_played":"971822433758775622","potions_obtained":[{"floor":2,"key":"EntropicBrew"},{"floor":6,"key":"Regen Potion"},{"floor":8,"key":"GamblersBrew"},{"floor":14,"key":"Swift Potion"},{"floor":18,"key":"SneckoOil"},{"floor":19,"key":"PowerPotion"}],"is_trial":false,"path_per_floor":["M","M","?","$","?","E","R","E","T","R","M","M","R","M","R","B",null,"M","M","?","$","?","R","M","M","T","M"],"character_chosen":"DEFECT","items_purchased":["Leap","Self Repair","Coolheaded","Energy Potion"],"campfire_rested":0,"item_purchase_floors":[4,21,21,21],"current_hp_per_floor":[64,64,64,64,64,64,64,39,39,39,39,44,44,33,33,13,57,50,43,43,43,43,43,31,16,16,0],"gold":112,"neow_bonus":"THREE_ENEMY_KILL","is_prod":false,"is_daily":false,"chose_seed":false,"campfire_upgraded":5,"win_rate":0,"timestamp":1561204074,"path_taken":["M","M","?","$","?","E","R","E","T","R","M","M","R","M","R","BOSS","M","M","?","$","?","R","M","?","T","M"],"build_version":"2019-01-23","purchased_purges":2,"victory":false,"max_hp_per_floor":[71,71,71,71,71,71,71,71,71,71,71,71,71,71,71,71,71,71,71,71,71,71,71,71,71,71,71],"card_choices":[{"not_picked":["Conserve Battery","Sweeping Beam"],"picked":"Ball Lightning","floor":1},{"not_picked":["Sweeping Beam","Cold Snap"],"picked":"Capacitor","floor":2},{"not_picked":["Blizzard","Turbo"],"picked":"Fission","floor":6},{"not_picked":["Go for the Eyes","Chill"],"picked":"Barrage","floor":8},{"not_picked":["Turbo","Steam"],"picked":"Auto Shields","floor":11},{"not_picked":["Streamline","Rip and Tear"],"picked":"Barrage","floor":12},{"not_picked":["Streamline","Recycle"],"picked":"Tempest","floor":14},{"not_picked":["Reboot","Machine Learning"],"picked":"Seek","floor":16},{"not_picked":["Go for the Eyes","Barrage"],"picked":"Cold Snap","floor":18},{"not_picked":["Compile Driver","Streamline"],"picked":"Genetic Algorithm","floor":19},{"not_picked":["Genetic Algorithm","Streamline"],"picked":"Sweeping Beam","floor":24},{"not_picked":["Sweeping Beam","Compile Driver"],"picked":"Hologram","floor":25}],"player_experience":1438050,"relics_obtained":[{"floor":6,"key":"DataDisk"},{"floor":8,"key":"Bag of Marbles"},{"floor":9,"key":"War Paint"},{"floor":26,"key":"Pen Nib"}],"event_choices":[{"damage_healed":0,"gold_gain":150,"player_choice":"AGREE","damage_taken":0,"max_hp_gain":0,"max_hp_loss":0,"event_name":"Liars Game","floor":3,"gold_loss":0,"cards_obtained":["Doubt"]},{"cards_removed":["Strike_B"],"damage_healed":0,"gold_gain":0,"player_choice":"Card Removal","damage_taken":0,"max_hp_gain":0,"max_hp_loss":0,"event_name":"The Cleric","floor":5,"gold_loss":75},{"damage_healed":0,"gold_gain":0,"player_choice":"Smashed Altar","damage_taken":0,"max_hp_gain":0,"max_hp_loss":0,"event_name":"Forgotten Altar","floor":20,"gold_loss":0,"cards_obtained":["Decay"]},{"cards_removed":["Defend_B"],"damage_healed":0,"gold_gain":0,"player_choice":"Elegance","damage_taken":0,"max_hp_gain":0,"max_hp_loss":0,"event_name":"Back to Basics","floor":22,"gold_loss":0}],"is_beta":false,"boss_relics":[{"not_picked":["Pandora\u0027s Box","Eternal Feather"],"picked":"Astrolabe"}],"items_purged_floors":[4,21],"is_endless":false,"potions_floor_spawned":[2,6,8,14,18,19],"killed_by":"Centurion and Healer","ascension_level":16}