{"gold_per_floor":[16,16,16,33,33,67,87,87,87,12,12,26,37,53,53,157,157,169,69,80,100,112,112,112],"floor_reached":24,"playtime":2210,"items_purged":["Strike_G","Tactician"],"score":200,"play_id":"2d4c3975-73ac-4ad6-aa85-0a5342d37ded","local_time":"20190602145114","is_ascension_mode":false,"campfire_choices":[{"data":"Bouncing Flask","floor":8,"key":"SMITH"},{"data":"Noxious Fumes","floor":11,"key":"SMITH"},{"floor":15,"key":"REST"},{"floor":23,"key":"REST"}],"neow_cost":"NO_GOLD","seed_source_timestamp":767390233804548,"circlet_count":0,"master_deck":["Survivor","Neutralize","Doppelganger","Dash","Storm of Steel","Bouncing Flask+1","Noxious Fumes+1","Poisoned Stab","Adrenaline","Bouncing Flask","Calculated Gamble","Outmaneuver","Endless Agony","Quick Slash","Night Terror","Backflip","Bullet Time","Catalyst"],"relics":["Ring of the Snake","Paper Crane","Pear","Pandora\u0027s Box"],"potions_floor_usage":[12,13,16,20,24],"damage_taken":[{"damage":0,"enemies":"Jaw Worm","floor":1,"turns":4},{"damage":0,"enemies":"2 Louse","floor":4,"turns":4},{"damage":8,"enemies":"Lagavulin","floor":6,"turns":6},{"damage":0,"enemies":"Cultist","floor":7,"turns":3},{"damage":0,"enemies":"2 Fungi Beasts","floor":12,"turns":2},{"damage":4,"enemies":"Exordium Thugs","floor":13,"turns":4},{"damage":12,"enemies":"Gremlin Gang","floor":14,"turns":4},{"damage":42,"enemies":"Hexaghost","floor":16,"turns":7},{"damage":15,"enemies":"3 Byrds","floor":18,"turns":5},{"damage":0,"enemies":"Spheric Guardian","floor":20,"turns":2},{"damage":53,"enemies":"3 Cultists","floor":21,"turns":6},{"damage":10,"enemies":"Snake Plant","floor":22,"turns":4},{"damage":34,"enemies":"Sentry and Sphere","floor":24,"turns":5}],"seed_played":"-2624667149011829062","potions_obtained":[{"floor":1,"key":"Fire Potion"},{"floor":12,"key":"AttackPotion"},{"floor":14,"key":"LiquidBronze"},{"floor":18,"key":"Poison Potion"},{"floor":20,"key":"Ancient Potion"},{"floor":22,"key":"PowerPotion"}],"is_trial":false,"path_per_floor":["M","?","?","M","?","E","M","R","T","$","R","M","M","M","R","B",null,"M","$","M","M","M","R","M"],"character_chosen":"THE_SILENT","items_purchased":[],"campfire_rested":2,"item_purchase_floors":[],"current_hp_per_floor":[70,70,70,70,70,62,62,62,72,72,72,72,68,56,80,38,80,65,65,65,12,2,26,0],"gold":112,"neow_bonus":"THREE_RARE_CARDS","is_prod":false,"is_daily":false,"chose_seed":false,"campfire_upgraded":2,"win_rate":0,"timestamp":1559501474,"path_taken":["M","?","?","?","?","E","M","R","T","?","R","M","M","M","R","BOSS","M","$","M","M","?","R","M"],"build_version":"2019-01-23","purchased_purges":2,"victory":false,"max_hp_per_floor":[70,70,70,70,70,70,70,70,80,80,80,80,80,80,80,80,80,80,80,80,80,80,80,80],"card_choices":[{"not_picked":["Night Terror","Storm of Steel"],"picked":"Doppelganger","floor":0},{"not_picked":["Crippling Poison","PiercingWail"],"picked":"Dash","floor":1},{"not_picked":["Heel Hook","Underhanded Strike"],"picked":"Bouncing Flask","floor":4},{"not_picked":["Expertise","Flying Knee","Flechettes"],"picked":"SKIP","floor":6},{"not_picked":["Reflex","Dagger Throw"],"picked":"Noxious Fumes","floor":7},{"not_picked":["Blade Dance","Cloak And Dagger"],"picked":"Poisoned Stab","floor":12},{"not_picked":["Flying Knee","A Thousand Cuts","Skewer"],"picked":"SKIP","floor":13},{"not_picked":["Acrobatics","Slice","Sucker Punch"],"picked":"SKIP","floor":14},{"not_picked":["A Thousand Cuts","Glass Knife"],"picked":"Adrenaline","floor":16},{"not_picked":["Cloak And Dagger","Bane"],"picked":"Backflip","floor":18},{"not_picked":["Flying Knee+1","Outmaneuver"],"picked":"Bullet Time","floor":20},{"not_picked":["Flechettes","Acrobatics","Endless Agony"],"picked":"SKIP","floor":21},{"not_picked":["Slice","Poisoned Stab+1"],"picked":"Catalyst","floor":22}],"player_experience":98710,"relics_obtained":[{"floor":6,"key":"Paper Crane"},{"floor":9,"key":"Pear"}],"event_choices":[{"damage_healed":0,"gold_gain":0,"player_choice":"Ignored","damage_taken":0,"max_hp_gain":0,"max_hp_loss":0,"event_name":"Liars Game","floor":2,"gold_loss":0},{"damage_healed":0,"gold_gain":0,"cards_transformed":["Strike_G"],"player_choice":"Transformed","damage_taken":0,"max_hp_gain":0,"max_hp_loss":0,"event_name":"Transmorgrifier","floor":3,"gold_loss":0,"cards_obtained":["Storm of Steel"]},{"cards_removed":["Strike_G"],"damage_healed":0,"gold_gain":0,"player_choice":"Forget","damage_taken":0,"max_hp_gain":0,"max_hp_loss":0,"event_name":"Living Wall","floor":5,"gold_loss":0}],"is_beta":false,"boss_relics":[{"not_picked":["Black Star","Velvet Choker"],"picked":"Pandora\u0027s Box"}],"items_purged_floors":[10,19],"is_endless":false,"potions_floor_spawned":[1,12,14,18,20,22],"killed_by":"Sentry and Sphere","ascension_level":0}