{"gold_per_floor":[119,119,138,138,63,63,74,74,143,169,183,133,133,151,151,247,247,266,266,266,39,57,57,73,73,73,100,116,39,39,71,71,176,176,187,197,72,0,0,25,25,25,25,39,71,71,81,110,110,110,110,110,14,43,43],"floor_reached":55,"playtime":2415,"items_purged":["Regret","Iron Wave","Shame"],"score":766,"play_id":"0f861881-b318-43cc-82cb-df7e3ee1867f","local_time":"20190728160900","is_ascension_mode":false,"campfire_choices":[{"data":"Spot Weakness","floor":6,"key":"SMITH"},{"data":"Rampage","floor":8,"key":"SMITH"},{"data":"Spot Weakness","floor":15,"key":"SMITH"},{"data":"Rampage","floor":23,"key":"SMITH"},{"data":"Shockwave","floor":25,"key":"SMITH"},{"floor":30,"key":"REST"},{"data":"Battle Trance","floor":32,"key":"SMITH"},{"floor":41,"key":"RECALL"},{"floor":46,"key":"REST"},{"floor":49,"key":"REST"},{"floor":52,"key":"REST"}],"neow_cost":"NONE","seed_source_timestamp":1613729810280444,"circlet_count":0,"master_deck":["Defend_R","Defend_R","Defend_R","Defend_R","Bash","Anger","Spot Weakness+1","Rampage+1","Rampage+1","Spot Weakness+1","Ghostly Armor","Shockwave+1","Demon Form","Shrug It Off","Metallicize","Inflame","Headbutt","Headbutt","Battle Trance+1","Brutality","Offering","Ghostly Armor+1","Twin Strike+1","Writhe","Rampage+1","Uppercut","Sword Boomerang+1","Shrug It Off","Intimidate","Intimidate"],"relics":["Burning Blood","Mercury Hourglass","Sundial","Letter Opener","Cursed Key","WingedGreaves","Kunai","Shuriken","Fusion Hammer","Red Mask","Bag of Preparation","Red Skull","Ancient Tea Set","Charon\u0027s Ashes"],"potions_floor_usage":[27,27,27,33,36,44,45,48,55,55],"damage_taken":[{"damage":5,"enemies":"2 Louse","floor":1,"turns":2},{"damage":6,"enemies":"Cultist","floor":3,"turns":3},{"damage":2,"enemies":"Small Slimes","floor":7,"turns":4},{"damage":20,"enemies":"Lagavulin","floor":10,"turns":4},{"damage":9,"enemies":"3 Louse","floor":11,"turns":2},{"damage":2,"enemies":"2 Fungi Beasts","floor":14,"turns":2},{"damage":42,"enemies":"The Guardian","floor":16,"turns":7},{"damage":15,"enemies":"2 Thieves","floor":18,"turns":3},{"damage":11,"enemies":"3 Byrds","floor":22,"turns":4},{"damage":16,"enemies":"Shelled Parasite and Fungi","floor":24,"turns":4},{"damage":30,"enemies":"Slavers","floor":27,"turns":5},{"damage":15,"enemies":"Cultist and Chosen","floor":28,"turns":5},{"damage":18,"enemies":"Book of Stabbing","floor":31,"turns":5},{"damage":37,"enemies":"Champ","floor":33,"turns":7},{"damage":11,"enemies":"Orb Walker","floor":35,"turns":2},{"damage":4,"enemies":"3 Shapes","floor":36,"turns":3},{"damage":22,"enemies":"Reptomancer","floor":40,"turns":5},{"damage":10,"enemies":"3 Darklings","floor":44,"turns":5},{"damage":18,"enemies":"Giant Head","floor":45,"turns":6},{"damage":6,"enemies":"Jaw Worm Horde","floor":47,"turns":2},{"damage":12,"enemies":"Reptomancer","floor":48,"turns":3},{"damage":29,"enemies":"Donu and Deca","floor":50,"turns":7},{"damage":26,"enemies":"Shield and Spear","floor":54,"turns":4},{"damage":61,"enemies":"The Heart","floor":55,"turns":5}],"seed_played":"-4489924473665135889","potions_obtained":[{"floor":1,"key":"Swift Potion"},{"floor":7,"key":"Swift Potion"},{"floor":11,"key":"BloodPotion"},{"floor":22,"key":"Strength Potion"},{"floor":31,"key":"Weak Potion"},{"floor":33,"key":"Fire Potion"},{"floor":36,"key":"LiquidBronze"},{"floor":40,"key":"EntropicBrew"},{"floor":47,"key":"SkillPotion"},{"floor":48,"key":"SpeedPotion"}],"is_trial":false,"path_per_floor":["M","?","M","?","$","R","M","R","T","E","M","?","?","M","R","B",null,"M","?","?","$","M","R","M","R","T","E","M","$","R","E","R","B",null,"M","M","$","?","?","E","R","?","T","M","E","R","M","E","R","B",null,"R","$","E","B"],"character_chosen":"IRONCLAD","items_purchased":["Shrug It Off","Metallicize","Battle Trance","Shrug It Off","Intimidate"],"campfire_rested":4,"item_purchase_floors":[21,21,29,53,53],"current_hp_per_floor":[80,80,80,80,80,80,80,80,80,66,63,63,63,67,67,31,80,71,71,71,71,66,66,56,56,56,52,43,43,67,55,55,24,80,75,77,77,77,67,51,51,51,51,47,35,57,57,51,73,50,76,76,76,56,0],"gold":43,"neow_bonus":"TRANSFORM_CARD","is_prod":false,"is_daily":false,"chose_seed":false,"campfire_upgraded":6,"win_rate":0,"timestamp":1564344540,"path_taken":["M","?","?","?","$","R","M","R","T","E","M","?","?","?","R","BOSS","M","?","?","$","M","R","M","R","T","E","?","$","R","E","R","BOSS","M","M","$","?","?","E","R","?","T","M","E","R","M","E","R","BOSS","R","$","E","BOSS"],"build_version":"2019-07-17","purchased_purges":3,"victory":false,"max_hp_per_floor":[80,80,80,80,80,80,80,80,80,80,80,80,80,80,80,80,80,80,80,80,80,80,80,80,80,80,80,80,80,80,80,80,80,80,80,80,80,80,80,80,80,76,76,76,76,76,76,76,76,76,76,76,76,76,76],"card_choices":[{"not_picked":["Dual Wield","Wild Strike"],"picked":"Spot Weakness","floor":1},{"not_picked":["Searing Blow","Clash","Flex"],"picked":"SKIP","floor":3},{"not_picked":["Thunderclap","Fire Breathing"],"picked":"Rampage","floor":7},{"not_picked":["True Grit","Metallicize"],"picked":"Rampage","floor":10},{"not_picked":["True Grit","Entrench"],"picked":"Spot Weakness","floor":11},{"not_picked":["Pummel","Bludgeon"],"picked":"Shockwave","floor":14},{"not_picked":["Brutality","Feed"],"picked":"Demon Form","floor":16},{"not_picked":["Cleave","Power Through","Clash"],"picked":"SKIP","floor":18},{"not_picked":["Wild Strike","True Grit"],"picked":"Inflame","floor":22},{"not_picked":["Dual Wield","Sword Boomerang"],"picked":"Headbutt","floor":24},{"not_picked":["Armaments","Rage+1","Body Slam"],"picked":"SKIP","floor":27},{"not_picked":["Carnage","Sever Soul"],"picked":"Headbutt","floor":28},{"not_picked":["Battle Trance","Perfected Strike"],"picked":"Brutality","floor":31},{"not_picked":["Immolate","Exhume"],"picked":"Offering","floor":33},{"not_picked":["Warcry+1","Thunderclap","Corruption+1"],"picked":"SKIP","floor":35},{"not_picked":["Body Slam+1","Evolve+1"],"picked":"Ghostly Armor+1","floor":36},{"not_picked":["Pommel Strike","Iron Wave"],"picked":"Twin Strike+1","floor":40},{"not_picked":["Headbutt","Havoc+1"],"picked":"Rampage+1","floor":44},{"not_picked":["Wild Strike","Sword Boomerang+1"],"picked":"Uppercut","floor":45},{"not_picked":["Bloodletting+1","Shrug It Off"],"picked":"Sword Boomerang+1","floor":47},{"not_picked":["Clothesline","Reckless Charge","Brutality"],"picked":"SKIP","floor":48},{"not_picked":["Rampage","Spot Weakness"],"picked":"Intimidate","floor":54}],"player_experience":314402,"relics_obtained":[{"floor":9,"key":"Sundial"},{"floor":10,"key":"Letter Opener"},{"floor":26,"key":"WingedGreaves"},{"floor":27,"key":"Kunai"},{"floor":31,"key":"Shuriken"},{"floor":40,"key":"Bag of Preparation"},{"floor":45,"key":"Red Skull"},{"floor":48,"key":"Ancient Tea Set"},{"floor":54,"key":"Charon\u0027s Ashes"}],"event_choices":[{"cards_removed":["Strike_R"],"damage_healed":0,"gold_gain":0,"player_choice":"Offered Basic","damage_taken":0,"max_hp_gain":0,"max_hp_loss":0,"event_name":"Bonfire Elementals","floor":2,"gold_loss":0},{"damage_healed":0,"gold_gain":0,"player_choice":"Box","damage_taken":0,"relics_obtained":["Mercury Hourglass"],"max_hp_gain":0,"max_hp_loss":0,"event_name":"Big Fish","floor":4,"gold_loss":0,"cards_obtained":["Regret"]},{"cards_removed":["Strike_R"],"damage_healed":0,"gold_gain":0,"player_choice":"Card Removal","damage_taken":0,"max_hp_gain":0,"max_hp_loss":0,"event_name":"The Cleric","floor":12,"gold_loss":50},{"damage_healed":0,"gold_gain":0,"cards_transformed":["Strike_R"],"player_choice":"Transformed","damage_taken":0,"max_hp_gain":0,"max_hp_loss":0,"event_name":"Transmorgrifier","floor":13,"gold_loss":0,"cards_obtained":["Ghostly Armor"]},{"damage_healed":0,"gold_gain":0,"player_choice":"Ignored","damage_taken":0,"max_hp_gain":0,"max_hp_loss":0,"event_name":"Vampires","floor":19,"gold_loss":0},{"damage_healed":0,"gold_gain":0,"cards_transformed":["Strike_R"],"player_choice":"Transformed","damage_taken":0,"max_hp_gain":0,"max_hp_loss":0,"event_name":"Transmorgrifier","floor":20,"gold_loss":0,"cards_obtained":["Iron Wave"]},{"damage_healed":0,"gold_gain":0,"player_choice":"Paid","damage_taken":0,"relics_obtained":["Red Mask"],"max_hp_gain":0,"max_hp_loss":0,"event_name":"Tomb of Lord Red Mask","floor":38,"gold_loss":72},{"damage_healed":0,"gold_gain":0,"player_choice":"Memory 3","damage_taken":10,"max_hp_gain":0,"max_hp_loss":0,"event_name":"SensoryStone","floor":39,"gold_loss":0},{"damage_healed":0,"gold_gain":0,"player_choice":"Max HP","damage_taken":0,"max_hp_gain":0,"max_hp_loss":4,"event_name":"Winding Halls","floor":42,"gold_loss":0}],"is_beta":false,"boss_relics":[{"not_picked":["Orrery","Runic Pyramid"],"picked":"Cursed Key"},{"not_picked":["Astrolabe","Mark of Pain"],"picked":"Fusion Hammer"}],"items_purged_floors":[5,21,37],"is_endless":false,"potions_floor_spawned":[1,7,11,22,31,33,36,40,47,48],"killed_by":"The Heart","ascension_level":0}