{"gold_per_floor":[109,109,109,124,89,89,125,48,129,129,144,144,28,28,28,121,121,136,136,150,150,174,213,213],"floor_reached":24,"playtime":1101,"items_purged":["Strike_B"],"score":450,"play_id":"18d20117-c201-47ef-bbfb-f65a7cc1eca1","local_time":"20190217110907","is_ascension_mode":true,"campfire_choices":[{"data":"Dualcast","floor":6,"key":"SMITH"},{"data":"Reinforced Body","floor":10,"key":"SMITH"},{"data":"Loop","floor":12,"key":"SMITH"},{"data":"Doom and Gloom","floor":15,"key":"SMITH"}],"neow_cost":"NONE","seed_source_timestamp":44911837508952,"circlet_count":0,"master_deck":["AscendersBane","Defend_B","Defend_B","Defend_B","Zap+1","Dualcast+1","Reinforced Body+1","Rip and Tear","Glacier","Loop+1","Doom and Gloom+1","Echo Form","All For One+1","Electrodynamics+1","Reinforced Body+1","Self Repair","Go for the Eyes","Consume"],"relics":["Cracked Core","NeowsBlessing","Golden Idol","Pear","Dodecahedron","Astrolabe","Happy Flower"],"potions_floor_usage":[16,22,24],"damage_taken":[{"damage":0,"enemies":"Jaw Worm","floor":1,"turns":1},{"damage":0,"enemies":"Small Slimes","floor":4,"turns":1},{"damage":0,"enemies":"3 Sentries","floor":7,"turns":1},{"damage":0,"enemies":"Cultist","floor":11,"turns":2},{"damage":4,"enemies":"The Guardian","floor":16,"turns":10},{"damage":4,"enemies":"Spheric Guardian","floor":18,"turns":4},{"damage":14,"enemies":"Shell Parasite","floor":20,"turns":8},{"damage":19,"enemies":"Snake Plant","floor":22,"turns":4},{"damage":53,"enemies":"Book of Stabbing","floor":23,"turns":7},{"damage":8,"enemies":"3 Cultists","floor":24,"turns":2}],"seed_played":"-8341339462167320312","potions_obtained":[{"floor":4,"key":"GamblersBrew"},{"floor":7,"key":"Weak Potion"},{"floor":11,"key":"PowerPotion"},{"floor":22,"key":"Strength Potion"}],"is_trial":false,"path_per_floor":["M","?","?","M","?","R","E","$","T","R","M","R","$","$","R","B",null,"M","$","M","?","M","E","M"],"character_chosen":"DEFECT","items_purchased":["Glacier","Doom and Gloom"],"campfire_rested":0,"item_purchase_floors":[8,13],"current_hp_per_floor":[64,40,40,40,57,57,67,67,67,67,67,67,67,67,67,63,77,73,73,66,66,54,8,0],"gold":213,"neow_bonus":"THREE_ENEMY_KILL","is_prod":false,"is_daily":false,"chose_seed":false,"campfire_upgraded":4,"win_rate":0,"timestamp":1550401747,"path_taken":["M","?","?","?","?","R","E","$","T","R","M","R","?","$","R","BOSS","M","$","M","?","?","E","M"],"build_version":"2019-01-23","purchased_purges":1,"victory":false,"max_hp_per_floor":[71,71,71,71,71,71,81,81,81,81,81,81,81,81,81,81,81,81,81,81,81,81,81,81],"card_choices":[{"not_picked":["Gash","Go for the Eyes"],"picked":"Reinforced Body","floor":1},{"not_picked":["Fusion","Leap"],"picked":"Rip and Tear","floor":4},{"not_picked":["Redo","Beam Cell","Scrape"],"picked":"SKIP","floor":7},{"not_picked":["Go for the Eyes","Stack"],"picked":"Loop","floor":11},{"not_picked":["Hyperbeam","Buffer"],"picked":"Echo Form","floor":16},{"not_picked":["Barrage","Loop"],"picked":"Self Repair","floor":18},{"not_picked":["Conserve Battery","Turbo"],"picked":"Go for the Eyes","floor":20},{"not_picked":["Doom and Gloom","Barrage"],"picked":"Consume","floor":22},{"not_picked":["Coolheaded","Blizzard","Leap"],"picked":"SKIP","floor":23}],"player_experience":1009439,"relics_obtained":[{"floor":7,"key":"Pear"},{"floor":9,"key":"Dodecahedron"},{"floor":23,"key":"Happy Flower"}],"event_choices":[{"damage_healed":0,"gold_gain":0,"player_choice":"Take Damage","damage_taken":24,"relics_obtained":["Golden Idol"],"max_hp_gain":0,"max_hp_loss":0,"event_name":"Golden Idol","floor":2,"gold_loss":0},{"damage_healed":0,"gold_gain":0,"player_choice":"Forge","damage_taken":0,"max_hp_gain":0,"max_hp_loss":0,"event_name":"Accursed Blacksmith","floor":3,"gold_loss":0,"cards_upgraded":["Zap"]},{"damage_healed":17,"gold_gain":0,"player_choice":"Healed","damage_taken":0,"max_hp_gain":0,"max_hp_loss":0,"event_name":"The Cleric","floor":5,"gold_loss":35},{"cards_removed":["Defend_B"],"damage_healed":0,"gold_gain":0,"player_choice":"Purged","damage_taken":0,"max_hp_gain":0,"max_hp_loss":0,"event_name":"Purifier","floor":21,"gold_loss":0}],"is_beta":false,"boss_relics":[{"not_picked":["Tiny House","Philosopher\u0027s Stone"],"picked":"Astrolabe"}],"items_purged_floors":[13],"is_endless":false,"potions_floor_spawned":[4,7,11,22],"killed_by":"3 Cultists","ascension_level":18}