{"gold_per_floor":[365,285,285,361,372,385,385,64,119,129,129,53,86,98,98,203,203,214,264,277,132,132,132,159,159,159,159,159,178,188,201,201,201],"floor_reached":33,"playtime":1160,"items_purged":["Force Field","Strike_B"],"score":356,"play_id":"6ba694a4-fa29-48f6-a135-530e67748057","local_time":"20191004183543","is_ascension_mode":true,"campfire_choices":[{"data":"Doom and Gloom","floor":7,"key":"SMITH"},{"floor":15,"key":"REST"},{"floor":23,"key":"REST"},{"floor":25,"key":"REST"},{"data":"Biased Cognition","floor":27,"key":"SMITH"},{"floor":32,"key":"REST"}],"neow_cost":"CURSE","seed_source_timestamp":2020915506707330,"circlet_count":0,"master_deck":["Strike_B","Defend_B","Defend_B","Defend_B","Defend_B","Zap","Dualcast+1","Self Repair+1","Doom and Gloom+1","Doom and Gloom","Doom and Gloom+1","Doom and Gloom","Defragment","Leap","Loop","Conserve Battery","Leap","Defragment","Biased Cognition+1","Coolheaded+1","Hologram+1","Turbo","Conserve Battery","Compile Driver","Doom and Gloom","Hologram","Chill"],"relics":["Cracked Core","DollysMirror","Smiling Mask","Art of War","Sozu","War Paint","Torii"],"potions_floor_usage":[13,13,33],"damage_taken":[{"damage":16,"enemies":"Small Slimes","floor":1,"turns":3},{"damage":2,"enemies":"2 Louse","floor":5,"turns":2},{"damage":6,"enemies":"Cultist","floor":6,"turns":3},{"damage":25,"enemies":"Exordium Thugs","floor":10,"turns":3},{"damage":39,"enemies":"Gremlin Nob","floor":13,"turns":5},{"damage":0,"enemies":"2 Fungi Beasts","floor":14,"turns":3},{"damage":29,"enemies":"Slime Boss","floor":16,"turns":5},{"damage":38,"enemies":"2 Thieves","floor":18,"turns":4},{"damage":21,"enemies":"3 Byrds","floor":20,"turns":4},{"damage":18,"enemies":"Gremlin Leader","floor":24,"turns":5},{"damage":14,"enemies":"Centurion and Healer","floor":29,"turns":4},{"damage":12,"enemies":"Chosen and Byrds","floor":30,"turns":3},{"damage":8,"enemies":"Snake Plant","floor":31,"turns":3},{"damage":52,"enemies":"Collector","floor":33,"turns":6}],"seed_played":"-7990478935000288474","potions_obtained":[{"floor":1,"key":"DuplicationPotion"},{"floor":6,"key":"Regen Potion"},{"floor":13,"key":"FearPotion"},{"floor":16,"key":"EssenceOfSteel"}],"is_trial":false,"path_per_floor":["M","$","?","?","M","M","R","$","T","M","?","$","E","M","R","B",null,"M","?","M","$","?","R","E","R","T","R","?","M","M","M","R","B"],"character_chosen":"DEFECT","items_purchased":["Doom and Gloom","DollysMirror","Doom and Gloom","Defragment","Leap","Conserve Battery","Turbo","Conserve Battery"],"campfire_rested":4,"item_purchase_floors":[2,8,8,8,8,12,21,21],"current_hp_per_floor":[59,59,59,59,57,58,58,58,58,33,33,33,15,22,43,21,59,28,28,14,14,14,35,24,45,45,45,45,41,29,31,52,0],"gold":201,"neow_bonus":"TWO_FIFTY_GOLD","is_prod":false,"is_daily":false,"chose_seed":false,"campfire_upgraded":2,"win_rate":0,"timestamp":1570228543,"path_taken":["M","$","?","?","M","M","R","$","T","M","?","$","E","M","R","BOSS","M","?","?","$","?","R","E","R","T","R","?","M","M","M","R","BOSS"],"build_version":"2019-10-04","purchased_purges":2,"victory":false,"max_hp_per_floor":[75,75,72,72,72,72,72,72,72,72,72,72,72,72,72,72,72,72,72,72,72,72,72,72,72,72,72,72,72,72,72,72,72],"card_choices":[{"not_picked":["Stack","Streamline"],"picked":"Self Repair","floor":1},{"not_picked":["Barrage","Redo","Gash"],"picked":"SKIP","floor":5},{"not_picked":["Leap","Hologram"],"picked":"Doom and Gloom","floor":6},{"not_picked":["Gash","Go for the Eyes"],"picked":"Loop","floor":10},{"not_picked":["Streamline","White Noise"],"picked":"Leap","floor":13},{"not_picked":["Leap","Lockon"],"picked":"Defragment","floor":14},{"not_picked":["Meteor Strike","Creative AI"],"picked":"Biased Cognition","floor":16},{"not_picked":["Genetic Algorithm","Leap"],"picked":"Coolheaded+1","floor":18},{"not_picked":["Recycle","Static Discharge"],"picked":"Hologram","floor":20},{"not_picked":["Creative AI","Cold Snap"],"picked":"Compile Driver","floor":24},{"not_picked":["Recycle","Reinforced Body"],"picked":"Doom and Gloom","floor":29},{"not_picked":["Beam Cell","Gash"],"picked":"Hologram","floor":30},{"not_picked":["Go for the Eyes","Conserve Battery"],"picked":"Chill","floor":31}],"player_experience":465122,"relics_obtained":[{"floor":9,"key":"Smiling Mask"},{"floor":13,"key":"Art of War"},{"floor":24,"key":"War Paint"},{"floor":26,"key":"Torii"}],"event_choices":[{"cards_removed":["Parasite"],"damage_healed":0,"gold_gain":0,"player_choice":"Forget","damage_taken":0,"max_hp_gain":0,"max_hp_loss":0,"event_name":"Living Wall","floor":3,"gold_loss":0},{"damage_healed":0,"gold_gain":76,"player_choice":"Gained Gold","damage_taken":0,"max_hp_gain":0,"max_hp_loss":0,"event_name":"Golden Wing","floor":4,"gold_loss":0},{"damage_healed":0,"gold_gain":0,"cards_transformed":["Strike_B"],"player_choice":"Transformed","damage_taken":0,"max_hp_gain":0,"max_hp_loss":0,"event_name":"Transmorgrifier","floor":11,"gold_loss":0,"cards_obtained":["Force Field"]},{"damage_healed":0,"gold_gain":100,"player_choice":"Bet on Murderer","damage_taken":0,"max_hp_gain":0,"max_hp_loss":0,"event_name":"The Joust","floor":19,"gold_loss":50},{"cards_removed":["Strike_B"],"damage_healed":0,"gold_gain":0,"player_choice":"Elegance","damage_taken":0,"max_hp_gain":0,"max_hp_loss":0,"event_name":"Back to Basics","floor":22,"gold_loss":0},{"damage_healed":0,"gold_gain":0,"player_choice":"Upgraded","damage_taken":0,"max_hp_gain":0,"max_hp_loss":0,"event_name":"Upgrade Shrine","floor":28,"gold_loss":0,"cards_upgraded":["Self Repair"]}],"is_beta":true,"boss_relics":[{"not_picked":["Astrolabe","Velvet Choker"],"picked":"Sozu"}],"items_purged_floors":[12,21],"is_endless":false,"potions_floor_spawned":[1,6,13,16,18,20,24],"killed_by":"Collector","ascension_level":5}