{"gold_per_floor":[119,119,138,152,178,211,211,211,236,236,236,236,272,25,25,121,121,137,150,100,124,49,49,74,74,153,153,173,197,197,197],"floor_reached":31,"playtime":1149,"items_purged":["Decay"],"score":536,"play_id":"4e9741d4-6a76-4d05-9ce1-7f2993c3535e","local_time":"20190509221513","is_ascension_mode":true,"campfire_choices":[{"floor":8.0,"key":"REST"},{"data":"Carnage","floor":11.0,"key":"SMITH"},{"floor":15.0,"key":"REST"},{"floor":23.0,"key":"REST"},{"floor":27,"key":"REST"},{"data":"Body Slam","floor":30,"key":"SMITH"}],"neow_cost":"NONE","seed_source_timestamp":2345036544049637,"circlet_count":0,"master_deck":["AscendersBane","Strike_R","Defend_R","Defend_R+1","Defend_R","Defend_R","Bash","Body Slam+1","Carnage+1","Spot Weakness","Intimidate","Battle Trance","Shrug It Off","Immolate","Spot Weakness","Rupture","Sword Boomerang","Shrug It Off","Iron Wave","Pommel Strike+1"],"special_seed":0,"relics":["Burning Blood","NeowsBlessing","Pen Nib","FossilizedHelix","Golden Idol","Dream Catcher","Oddly Smooth Stone","Bronze Scales","Empty Cage","Blue Candle"],"potions_floor_usage":[24,29],"damage_taken":[{"damage":0.0,"enemies":"Jaw Worm","floor":1.0,"turns":1.0},{"damage":0.0,"enemies":"Cultist","floor":3.0,"turns":1.0},{"damage":0.0,"enemies":"2 Louse","floor":4.0,"turns":1.0},{"damage":64.0,"enemies":"3 Sentries","floor":6.0,"turns":11.0},{"damage":24.0,"enemies":"Gremlin Nob","floor":13.0,"turns":4.0},{"damage":32.0,"enemies":"The Guardian","floor":16.0,"turns":7.0},{"damage":28.0,"enemies":"Shell Parasite","floor":18.0,"turns":7.0},{"damage":8.0,"enemies":"2 Thieves","floor":19.0,"turns":2.0},{"damage":17.0,"enemies":"Centurion and Healer","floor":21.0,"turns":9.0},{"damage":24,"enemies":"Sentry and Sphere","floor":24,"turns":6},{"damage":22,"enemies":"Snecko","floor":28,"turns":6},{"damage":18,"enemies":"3 Cultists","floor":29,"turns":5},{"damage":21,"enemies":"Slavers","floor":31,"turns":1}],"seed_played":"4240128465685172600","potions_obtained":[{"floor":4.0,"key":"Swift Potion"},{"floor":6.0,"key":"SkillPotion"},{"floor":13.0,"key":"GamblersBrew"},{"floor":16.0,"key":"Dexterity Potion"},{"floor":21.0,"key":"PowerPotion"},{"floor":28,"key":"Energy Potion"},{"floor":29,"key":"Fire Potion"}],"is_trial":false,"path_per_floor":["M","?","M","M","T","E","?","R","T","?","R","?","E","$","R","B",null,"M","M","?","M","?","R","M","$","T","R","M","M","R","E"],"character_chosen":"IRONCLAD","items_purchased":["Bronze Scales"],"campfire_rested":4,"item_purchase_floors":[14],"current_hp_per_floor":[74,74,75,75,75,17,17,37,37,42,42,42,24,24,45,19,60,38,36,36,25,25,46,28,28,28,49,33,21,21,0],"gold":197,"neow_bonus":"THREE_ENEMY_KILL","is_prod":false,"is_daily":false,"chose_seed":false,"campfire_upgraded":2,"win_rate":0,"timestamp":1557432913,"path_taken":["M","?","?","M","?","E","?","R","T","?","R","?","E","$","R","BOSS","M","?","?","?","?","R","M","$","T","R","M","M","R","E"],"build_version":"2019-01-23","purchased_purges":1,"victory":false,"max_hp_per_floor":[75,75,75,75,75,75,68,68,68,73,73,73,73,73,73,73,73,73,73,73,73,73,73,73,73,73,73,73,73,73,73],"card_choices":[{"not_picked":["Headbutt","Sever Soul"],"picked":"Body Slam","floor":1.0},{"not_picked":["Second Wind","Metallicize"],"picked":"Carnage","floor":3.0},{"not_picked":["Dual Wield","Dropkick","Perfected Strike"],"picked":"SKIP","floor":4.0},{"not_picked":["Reckless Charge","Flex"],"picked":"Spot Weakness","floor":6.0},{"not_picked":["Sword Boomerang","Ghostly Armor"],"picked":"Battle Trance","floor":13.0},{"not_picked":["Twin Strike","Dropkick"],"picked":"Shrug It Off","floor":15.0},{"not_picked":["Brutality","Impervious"],"picked":"Immolate","floor":16.0},{"not_picked":["Hemokinesis","Flex"],"picked":"Spot Weakness","floor":18.0},{"not_picked":["Dual Wield","Anger","Flex"],"picked":"SKIP","floor":19.0},{"not_picked":["Burning Pact","Battle Trance"],"picked":"Rupture","floor":21.0},{"not_picked":["Headbutt","Rage"],"picked":"Sword Boomerang","floor":23.0},{"not_picked":["Burning Pact","Rage","Perfected Strike"],"picked":"SKIP","floor":24},{"not_picked":["Twin Strike","Bloodletting"],"picked":"Shrug It Off","floor":27},{"not_picked":["Clothesline","Rampage"],"picked":"Iron Wave","floor":28},{"not_picked":["Havoc","Immolate"],"picked":"Pommel Strike+1","floor":29}],"player_experience":783343,"relics_obtained":[{"floor":5.0,"key":"Pen Nib"},{"floor":6.0,"key":"FossilizedHelix"},{"floor":9.0,"key":"Dream Catcher"},{"floor":13.0,"key":"Oddly Smooth Stone"},{"floor":26,"key":"Blue Candle"}],"event_choices":[{"damage_healed":0.0,"max_hp_gain":0.0,"max_hp_loss":0.0,"gold_gain":0.0,"event_name":"Wheel of Change","player_choice":"Cursed","floor":2.0,"gold_loss":0.0,"damage_taken":0.0,"cards_obtained":["Decay"]},{"damage_healed":0.0,"max_hp_gain":0.0,"max_hp_loss":7.0,"gold_gain":0.0,"event_name":"Golden Idol","player_choice":"Lose Max HP","floor":7.0,"gold_loss":0.0,"damage_taken":0.0,"relics_obtained":["Golden Idol"]},{"damage_healed":0.0,"max_hp_gain":5.0,"max_hp_loss":0.0,"gold_gain":0.0,"event_name":"Big Fish","player_choice":"Donut","floor":10.0,"gold_loss":0.0,"damage_taken":0.0},{"damage_healed":0.0,"max_hp_gain":0.0,"max_hp_loss":0.0,"gold_gain":0.0,"cards_transformed":["Strike_R"],"event_name":"Transmorgrifier","player_choice":"Transformed","floor":12.0,"gold_loss":0.0,"damage_taken":0.0,"cards_obtained":["Intimidate"]},{"damage_healed":0.0,"max_hp_gain":0.0,"max_hp_loss":0.0,"gold_gain":0.0,"event_name":"Designer","player_choice":"Upgraded Two","floor":20.0,"gold_loss":50.0,"damage_taken":0.0,"cards_upgraded":["Defend_R","Strike_R"]},{"cards_removed":["Strike_R"],"damage_healed":0.0,"max_hp_gain":0.0,"max_hp_loss":0.0,"gold_gain":0.0,"event_name":"Beggar","player_choice":"Gave Gold","floor":22.0,"gold_loss":75.0,"damage_taken":0.0}],"is_beta":false,"boss_relics":[{"not_picked":["Eternal Feather","Pandora\u0027s Box"],"picked":"Empty Cage"}],"items_purged_floors":[14],"is_endless":false,"potions_floor_spawned":[4,6,13,16,21,28,29],"killed_by":"Slavers","ascension_level":20}