{"gold_per_floor":[115,135,10,10,29,58,58,90,90,90,90,108,18,31,31,104,104,123,142,158,0,0,29,29,79,105,105,105,118,118,130,130,130],"floor_reached":33,"playtime":1280,"items_purged":[],"score":495,"play_id":"c6e28b3f-35cc-4c18-bfac-7f3ec8c89d1e","local_time":"20190612015213","is_ascension_mode":true,"campfire_choices":[{"floor":7,"key":"REST"},{"data":"Neutralize","floor":10,"key":"SMITH"},{"data":"Caltrops","floor":15,"key":"SMITH"},{"floor":24,"key":"REST"},{"floor":27,"key":"REST"},{"data":"Crippling Poison","floor":30,"key":"SMITH"},{"floor":32,"key":"REST"}],"neow_cost":"NONE","seed_source_timestamp":4865432027700,"circlet_count":0,"master_deck":["AscendersBane","Defend_G","Defend_G","Defend_G","Defend_G","Defend_G","Strike_G","Strike_G","Strike_G","Strike_G","Strike_G","Survivor","Neutralize+1","Dagger Spray","Dodge and Roll","Backstab","Noxious Fumes","Crippling Poison+1","Bane","Backflip","Poisoned Stab+1","Caltrops+1","Flying Knee+1","Bullet Time","Corpse Explosion","Poisoned Stab+1","Deadly Poison","Bane+1","Well Laid Plans","After Image","Blur"],"relics":["Ring of the Snake","Vajra","Bottled Lightning","Molten Egg 2","Cursed Key","Sundial","Snake Skull"],"potions_floor_usage":[6,12,14,16,19],"damage_taken":[{"damage":2,"enemies":"Small Slimes","floor":1,"turns":4},{"damage":0,"enemies":"Jaw Worm","floor":2,"turns":4},{"damage":0,"enemies":"2 Louse","floor":5,"turns":3},{"damage":32,"enemies":"Gremlin Nob","floor":6,"turns":5},{"damage":15,"enemies":"3 Sentries","floor":8,"turns":8},{"damage":0,"enemies":"Large Slime","floor":12,"turns":5},{"damage":3,"enemies":"Lots of Slimes","floor":14,"turns":3},{"damage":8,"enemies":"Hexaghost","floor":16,"turns":8},{"damage":21,"enemies":"Spheric Guardian","floor":18,"turns":5},{"damage":12,"enemies":"Shell Parasite","floor":19,"turns":5},{"damage":13,"enemies":"Snecko","floor":20,"turns":5},{"damage":14,"enemies":"Slavers","floor":23,"turns":3},{"damage":21,"enemies":"Cultist and Chosen","floor":29,"turns":5},{"damage":8,"enemies":"Chosen and Byrds","floor":31,"turns":3},{"damage":43,"enemies":"Automaton","floor":33,"turns":4}],"seed_played":"-2930692534996544760","potions_obtained":[{"floor":5,"key":"FearPotion"},{"floor":6,"key":"Energy Potion"},{"floor":8,"key":"GhostInAJar"},{"floor":14,"key":"Regen Potion"},{"floor":18,"key":"Swift Potion"}],"is_trial":false,"path_per_floor":["M","M","$","?","M","E","R","E","T","R","$","M","$","M","R","B",null,"M","M","M","?","?","E","R","?","T","R","?","M","R","M","R","B"],"character_chosen":"THE_SILENT","items_purchased":["Backstab","Noxious Fumes","Caltrops","Flying Knee+1"],"campfire_rested":4,"item_purchase_floors":[3,3,13,13],"current_hp_per_floor":[63,63,63,63,63,31,52,37,37,37,37,37,37,34,34,41,64,43,31,18,18,18,4,25,25,25,46,46,25,25,17,38,0],"gold":130,"neow_bonus":"TEN_PERCENT_HP_BONUS","is_prod":false,"is_daily":false,"chose_seed":false,"campfire_upgraded":3,"win_rate":0,"timestamp":1560297133,"path_taken":["M","M","$","?","M","E","R","E","T","R","?","M","$","M","R","BOSS","M","M","M","?","?","E","R","?","T","R","?","M","R","M","R","BOSS"],"build_version":"2019-01-23","purchased_purges":0,"victory":false,"max_hp_per_floor":[72,72,72,72,72,72,72,72,72,72,72,72,72,72,72,72,72,72,72,72,72,72,72,72,72,72,72,72,72,72,72,72,72],"card_choices":[{"not_picked":["Acrobatics","Masterful Stab"],"picked":"Dagger Spray","floor":1},{"not_picked":["All Out Attack","Flechettes"],"picked":"Dodge and Roll","floor":2},{"not_picked":["Calculated Gamble","Sucker Punch"],"picked":"Crippling Poison","floor":5},{"not_picked":["Cloak And Dagger","Eviscerate"],"picked":"Bane","floor":6},{"not_picked":["Blade Dance","Backstab"],"picked":"Backflip","floor":8},{"not_picked":["Prepared","Riddle With Holes+1"],"picked":"Poisoned Stab+1","floor":12},{"not_picked":["Escape Plan","Leg Sweep"],"picked":"Bullet Time","floor":14},{"not_picked":["Glass Knife+1","Grand Finale+1"],"picked":"Corpse Explosion","floor":16},{"not_picked":["Backstab+1","Expertise"],"picked":"Poisoned Stab+1","floor":18},{"not_picked":["Slice+1","Underhanded Strike+1"],"picked":"Deadly Poison","floor":19},{"not_picked":["Slice+1","Flying Knee+1"],"picked":"Bane+1","floor":20},{"not_picked":["Predator+1","Deadly Poison"],"picked":"Well Laid Plans","floor":23},{"not_picked":["Cloak And Dagger","Backflip"],"picked":"After Image","floor":29},{"not_picked":["Outmaneuver","Reflex"],"picked":"Blur","floor":31}],"player_experience":1306463,"relics_obtained":[{"floor":6,"key":"Vajra"},{"floor":8,"key":"Bottled Lightning"},{"floor":9,"key":"Molten Egg 2"},{"floor":23,"key":"Sundial"},{"floor":26,"key":"Snake Skull"}],"event_choices":[{"damage_healed":0,"gold_gain":0,"player_choice":"Leave","damage_taken":0,"max_hp_gain":0,"max_hp_loss":0,"event_name":"The Cleric","floor":4,"gold_loss":0},{"damage_healed":0,"gold_gain":0,"player_choice":"Paid Fearfully","damage_taken":0,"max_hp_gain":0,"max_hp_loss":0,"event_name":"Masked Bandits","floor":21,"gold_loss":158},{"damage_healed":0,"gold_gain":50,"player_choice":"Stole From Cult","damage_taken":0,"max_hp_gain":0,"max_hp_loss":0,"event_name":"Nest","floor":25,"gold_loss":0},{"cards_removed":["Writhe"],"damage_healed":0,"gold_gain":0,"player_choice":"Removed Curses","damage_taken":0,"max_hp_gain":0,"max_hp_loss":0,"event_name":"Fountain of Cleansing","floor":28,"gold_loss":0}],"is_beta":false,"boss_relics":[{"not_picked":["Busted Crown","Black Star"],"picked":"Cursed Key"}],"items_purged_floors":[],"is_endless":false,"potions_floor_spawned":[5,6,8,14,18],"killed_by":"Automaton","ascension_level":16}