{"gold_per_floor":[119,269,283,293,308,308,308,308,308,237,269,269,280,290,290,290],"floor_reached":16,"playtime":465,"items_purged":[],"score":189,"play_id":"d53c5180-1f35-4515-9e1a-661f0599415e","local_time":"20190722184544","is_ascension_mode":true,"campfire_choices":[{"data":"Zap","floor":6,"key":"SMITH"},{"data":"Creative AI","floor":8,"key":"SMITH"},{"floor":12,"key":"REST"},{"floor":15,"key":"REST"}],"neow_cost":"NONE","seed_source_timestamp":118622337141300,"circlet_count":0,"master_deck":["AscendersBane","Strike_B","Strike_B","Strike_B","Defend_B","Defend_B","Defend_B","Defend_B+1","Zap+1","Dualcast","Creative AI+1","Ball Lightning+1","Doubt","Glacier","Conserve Battery","Leap","Compile Driver","Fusion","Redo"],"relics":["Cracked Core","Dodecahedron","Bottled Lightning"],"potions_floor_usage":[14],"damage_taken":[{"damage":3,"enemies":"Small Slimes","floor":1,"turns":3},{"damage":2,"enemies":"Jaw Worm","floor":3,"turns":3},{"damage":2,"enemies":"2 Louse","floor":4,"turns":3},{"damage":9,"enemies":"Blue Slaver","floor":5,"turns":5},{"damage":17,"enemies":"3 Sentries","floor":11,"turns":8},{"damage":0,"enemies":"2 Fungi Beasts","floor":13,"turns":4},{"damage":29,"enemies":"Exordium Thugs","floor":14,"turns":6},{"damage":32,"enemies":"Slime Boss","floor":16,"turns":7}],"seed_played":"8794742079472394907","potions_obtained":[{"floor":5,"key":"Ancient Potion"},{"floor":13,"key":"Energy Potion"}],"is_trial":false,"path_per_floor":["M","?","M","M","M","R","?","R","T","?","E","R","M","M","R","B"],"character_chosen":"DEFECT","items_purchased":[],"campfire_rested":2,"item_purchase_floors":[],"current_hp_per_floor":[61,61,59,57,48,48,27,27,27,27,10,31,31,2,23,0],"gold":290,"neow_bonus":"TRANSFORM_CARD","is_prod":false,"is_daily":false,"chose_seed":false,"campfire_upgraded":2,"win_rate":0,"timestamp":1563813944,"path_taken":["M","?","M","M","M","R","?","R","T","?","E","R","?","M","R","BOSS"],"build_version":"2019-07-17","purchased_purges":0,"victory":false,"max_hp_per_floor":[71,71,71,71,71,71,71,71,71,71,71,71,71,71,71,71],"card_choices":[{"not_picked":["Rebound","Redo"],"picked":"Ball Lightning","floor":1},{"not_picked":["Darkness","Stack"],"picked":"Glacier","floor":3},{"not_picked":["Steam","Cold Snap"],"picked":"Conserve Battery","floor":4},{"not_picked":["Compile Driver","Creative AI"],"picked":"Leap","floor":5},{"not_picked":["Heatsinks","Blizzard","Compile Driver"],"picked":"SKIP","floor":11},{"not_picked":["Heatsinks","Blizzard"],"picked":"Compile Driver","floor":11},{"not_picked":["Sweeping Beam","Compile Driver"],"picked":"Fusion","floor":13},{"not_picked":["Fusion","Rebound"],"picked":"Redo","floor":14}],"player_experience":1742478,"relics_obtained":[{"floor":9,"key":"Dodecahedron"},{"floor":11,"key":"Bottled Lightning"}],"event_choices":[{"damage_healed":0,"gold_gain":150,"player_choice":"AGREE","damage_taken":0,"max_hp_gain":0,"max_hp_loss":0,"event_name":"Liars Game","floor":2,"gold_loss":0,"cards_obtained":["Doubt"]},{"damage_healed":0,"gold_gain":0,"player_choice":"Entered Light","damage_taken":21,"max_hp_gain":0,"max_hp_loss":0,"event_name":"Shining Light","floor":7,"gold_loss":0,"cards_upgraded":["Ball Lightning","Defend_B"]},{"damage_healed":0,"gold_gain":0,"player_choice":"Left Gold","damage_taken":0,"max_hp_gain":0,"max_hp_loss":0,"event_name":"World of Goop","floor":10,"gold_loss":71}],"is_beta":false,"boss_relics":[],"items_purged_floors":[],"is_endless":false,"potions_floor_spawned":[5,13],"killed_by":"Slime Boss","ascension_level":17}