{"gold_per_floor":[13,33,33,56,56,56,89,108,134,134,157,111,111,68,68,161,161,176,22,22],"floor_reached":20,"playtime":944,"items_purged":["Doubt"],"score":310,"play_id":"8ac544ad-1230-493c-aec2-6bfc1737b7ec","local_time":"20190626164851","is_ascension_mode":true,"campfire_choices":[{"data":"Neutralize","floor":6,"key":"SMITH"},{"floor":13,"key":"REST"},{"data":"Caltrops","floor":15,"key":"SMITH"}],"neow_cost":"NO_GOLD","seed_source_timestamp":750693868726900,"circlet_count":0,"master_deck":["AscendersBane","Defend_G","Defend_G","Defend_G","Defend_G","Strike_G","Strike_G","Strike_G","Strike_G","Survivor+1","Neutralize+1","Sucker Punch","Flying Knee","Injury","Quick Slash","Footwork","Deflect+1","Footwork","Caltrops+1","Bullet Time","Doubt","Shame","Crippling Poison"],"relics":["Ring of the Snake","Golden Idol","Oddly Smooth Stone","Anchor","War Paint","Calling Bell","Dream Catcher","Mummified Hand","FossilizedHelix"],"potions_floor_usage":[16,16,18,20],"damage_taken":[{"damage":0,"enemies":"Cultist","floor":1,"turns":4},{"damage":4,"enemies":"Small Slimes","floor":2,"turns":5},{"damage":2,"enemies":"Jaw Worm","floor":4,"turns":5},{"damage":34,"enemies":"3 Sentries","floor":7,"turns":11},{"damage":5,"enemies":"3 Louse","floor":8,"turns":4},{"damage":8,"enemies":"Lots of Slimes","floor":11,"turns":6},{"damage":18,"enemies":"Hexaghost","floor":16,"turns":15},{"damage":44,"enemies":"Chosen","floor":18,"turns":7},{"damage":6,"enemies":"3 Byrds","floor":20,"turns":3}],"seed_played":"-4812990052547047128","potions_obtained":[{"floor":8,"key":"Dexterity Potion"},{"floor":11,"key":"EssenceOfSteel"},{"floor":16,"key":"FearPotion"},{"floor":18,"key":"AttackPotion"}],"is_trial":false,"path_per_floor":["M","M","?","M","$","R","E","M","T","?","M","?","R","$","R","B",null,"M","$","M"],"character_chosen":"THE_SILENT","items_purchased":["Caltrops","GhostInAJar"],"campfire_rested":1,"item_purchase_floors":[14,19],"current_hp_per_floor":[59,55,55,53,53,53,19,14,14,9,1,1,20,20,20,2,50,6,6,0],"gold":22,"neow_bonus":"REMOVE_TWO","is_prod":false,"is_daily":false,"chose_seed":false,"campfire_upgraded":2,"win_rate":0,"timestamp":1561560531,"path_taken":["M","M","?","M","$","R","E","M","T","?","M","?","R","?","R","BOSS","M","$","M"],"build_version":"2019-01-23","purchased_purges":1,"victory":false,"max_hp_per_floor":[66,66,66,66,66,66,66,66,66,66,66,66,66,66,66,66,66,66,66,66],"card_choices":[{"not_picked":["Acrobatics","Bane"],"picked":"Sucker Punch","floor":1},{"not_picked":["Deadly Poison","Flechettes"],"picked":"Flying Knee","floor":2},{"not_picked":["Prepared","Dagger Throw"],"picked":"Quick Slash","floor":4},{"not_picked":["Backflip","Phantasmal Killer"],"picked":"Footwork","floor":7},{"not_picked":["Acrobatics","Prepared"],"picked":"Deflect","floor":8},{"not_picked":["Dagger Throw","Deadly Poison"],"picked":"Footwork","floor":11},{"not_picked":["Burst","Venomology"],"picked":"Bullet Time","floor":16},{"not_picked":["Dagger Spray","Slice"],"picked":"Crippling Poison","floor":18}],"player_experience":1483135,"relics_obtained":[{"floor":7,"key":"Oddly Smooth Stone"},{"floor":9,"key":"Anchor"},{"floor":17,"key":"Dream Catcher"},{"floor":17,"key":"Mummified Hand"},{"floor":17,"key":"FossilizedHelix"}],"event_choices":[{"damage_healed":0,"gold_gain":0,"player_choice":"Take Wound","damage_taken":0,"relics_obtained":["Golden Idol"],"max_hp_gain":0,"max_hp_loss":0,"event_name":"Golden Idol","floor":3,"gold_loss":0,"cards_obtained":["Injury"]},{"damage_healed":0,"gold_gain":0,"player_choice":"Success","damage_taken":5,"relics_obtained":["War Paint"],"max_hp_gain":0,"max_hp_loss":0,"event_name":"Scrap Ooze","floor":10,"gold_loss":0},{"damage_healed":0,"gold_gain":0,"player_choice":"Left Gold","damage_taken":0,"max_hp_gain":0,"max_hp_loss":0,"event_name":"World of Goop","floor":12,"gold_loss":46}],"is_beta":false,"boss_relics":[{"not_picked":["Philosopher\u0027s Stone","Fusion Hammer"],"picked":"Calling Bell"}],"items_purged_floors":[19],"is_endless":false,"potions_floor_spawned":[8,11,16,18],"killed_by":"3 Byrds","ascension_level":16}