{"gold_per_floor":[209,229,246,171,171,171,205,221,221,41,66,66,66,84,84,157,157,168,43,55,66,66,66,66],"floor_reached":24,"playtime":1166,"items_purged":["Strike_R","Pain","Strike_R"],"score":412,"play_id":"6f0564f8-1c23-4d17-8c42-fd27c6f46eba","local_time":"20190605193653","is_ascension_mode":true,"campfire_choices":[{"data":"Bash","floor":6,"key":"SMITH"},{"data":"Combust","floor":12,"key":"SMITH"},{"data":"Bludgeon","floor":15,"key":"SMITH"},{"data":"Shockwave","floor":23,"key":"SMITH"}],"neow_cost":"NONE","seed_source_timestamp":63314576896357,"circlet_count":0,"master_deck":["AscendersBane","Strike_R","Strike_R","Defend_R","Defend_R","Defend_R+1","Defend_R+1","Bash+1","Shockwave+1","Clothesline","Combust+1","Pommel Strike","Flame Barrier","Bludgeon+1","Disarm","Twin Strike","Demon Form","Whirlwind","Impervious","Shrug It Off","Inflame+1","Havoc+1"],"relics":["Burning Blood","WarpedTongs","War Paint","Strawberry","Bottled Tornado","Orrery","Bottled Lightning"],"potions_floor_usage":[7,8,16,21],"damage_taken":[{"damage":1,"enemies":"Cultist","floor":1,"turns":3},{"damage":2,"enemies":"2 Louse","floor":2,"turns":3},{"damage":2,"enemies":"Jaw Worm","floor":3,"turns":6},{"damage":16,"enemies":"Gremlin Nob","floor":7,"turns":4},{"damage":4,"enemies":"3 Louse","floor":8,"turns":6},{"damage":16,"enemies":"3 Sentries","floor":11,"turns":4},{"damage":3,"enemies":"Looter","floor":14,"turns":3},{"damage":42,"enemies":"Slime Boss","floor":16,"turns":9},{"damage":46,"enemies":"Spheric Guardian","floor":18,"turns":9},{"damage":9,"enemies":"2 Thieves","floor":20,"turns":4},{"damage":7,"enemies":"Snake Plant","floor":21,"turns":5},{"damage":27,"enemies":"Shelled Parasite and Fungi","floor":24,"turns":5}],"seed_played":"-6548414426445389631","potions_obtained":[{"floor":1,"key":"Regen Potion"},{"floor":3,"key":"Block Potion"},{"floor":11,"key":"Swift Potion"},{"floor":20,"key":"SkillPotion"},{"floor":21,"key":"Poison Potion"}],"is_trial":false,"path_per_floor":["M","M","M","$","?","R","E","M","T","$","E","R","?","M","R","B",null,"M","$","M","M","T","R","M"],"character_chosen":"IRONCLAD","items_purchased":["Bludgeon"],"campfire_rested":0,"item_purchase_floors":[10],"current_hp_per_floor":[73,75,75,75,75,75,65,75,82,82,72,72,72,75,75,39,71,31,31,28,27,27,27,0],"gold":66,"neow_bonus":"HUNDRED_GOLD","is_prod":false,"is_daily":false,"chose_seed":false,"campfire_upgraded":4,"win_rate":0,"timestamp":1559759813,"path_taken":["M","M","M","$","?","R","E","?","T","$","E","R","?","M","R","BOSS","M","?","M","M","?","R","M"],"build_version":"2019-01-23","purchased_purges":3,"victory":false,"max_hp_per_floor":[75,75,75,75,75,75,75,75,82,82,82,82,82,82,82,82,82,82,82,82,82,82,82,82],"card_choices":[{"not_picked":["Carnage","Body Slam"],"picked":"Shockwave","floor":1},{"not_picked":["Anger","Havoc"],"picked":"Clothesline","floor":2},{"not_picked":["Reckless Charge","Wild Strike"],"picked":"Combust","floor":3},{"not_picked":["Dropkick","Wild Strike"],"picked":"Pommel Strike","floor":7},{"not_picked":["Flex","Wild Strike"],"picked":"Flame Barrier","floor":8},{"not_picked":["Body Slam","Juggernaut"],"picked":"Disarm","floor":11},{"not_picked":["Burning Pact","Searing Blow"],"picked":"Twin Strike","floor":14},{"not_picked":["Brutality","Limit Break"],"picked":"Demon Form","floor":16},{"not_picked":["Clash","Headbutt"],"picked":"Whirlwind","floor":17},{"not_picked":["Carnage","Warcry"],"picked":"Impervious","floor":17},{"not_picked":["Armaments","Warcry"],"picked":"Shrug It Off","floor":17},{"not_picked":["Heavy Blade","Clothesline"],"picked":"Inflame+1","floor":18},{"not_picked":["Thunderclap","Anger"],"picked":"Havoc+1","floor":20},{"not_picked":["Clothesline","Bloodletting","Havoc"],"picked":"SKIP","floor":21}],"player_experience":1068474,"relics_obtained":[{"floor":7,"key":"War Paint"},{"floor":9,"key":"Strawberry"},{"floor":11,"key":"Bottled Tornado"},{"floor":22,"key":"Bottled Lightning"}],"event_choices":[{"damage_healed":0,"gold_gain":0,"player_choice":"Rummage","damage_taken":0,"relics_obtained":["WarpedTongs"],"max_hp_gain":0,"max_hp_loss":0,"event_name":"Accursed Blacksmith","floor":5,"gold_loss":0,"cards_obtained":["Pain"]},{"cards_removed":["Strike_R"],"damage_healed":0,"gold_gain":0,"player_choice":"Offered Basic","damage_taken":0,"max_hp_gain":0,"max_hp_loss":0,"event_name":"Bonfire Elementals","floor":13,"gold_loss":0}],"is_beta":false,"boss_relics":[{"not_picked":["Ectoplasm","Coffee Dripper"],"picked":"Orrery"}],"items_purged_floors":[4,10,19],"is_endless":false,"potions_floor_spawned":[1,3,11,20,21],"killed_by":"Shelled Parasite and Fungi","ascension_level":20}