{"gold_per_floor":[18,38,38,50,65,97,114,114,114,114,114],"floor_reached":11,"playtime":433,"items_purged":[],"score":120,"play_id":"913cce9c-7767-4ab7-bc0a-b6816b6a871c","local_time":"20190221032652","is_ascension_mode":true,"campfire_choices":[{"floor":8,"key":"REST"},{"data":"True Grit","floor":10,"key":"SMITH"}],"neow_cost":"NO_GOLD","seed_source_timestamp":85644458774600,"circlet_count":0,"master_deck":["AscendersBane","Strike_R","Strike_R","Strike_R","Strike_R","Defend_R","Defend_R","Defend_R","Defend_R","Bash","Inflame","Flex","Burning Pact","Inflame","Pommel Strike","Feel No Pain","True Grit+1"],"relics":["Burning Blood","Ice Cream","Pen Nib","Question Card"],"potions_floor_usage":[7,11],"damage_taken":[{"damage":2,"enemies":"Small Slimes","floor":1,"turns":4},{"damage":6,"enemies":"Cultist","floor":2,"turns":4},{"damage":0,"enemies":"2 Louse","floor":4,"turns":3},{"damage":15,"enemies":"Exordium Wildlife","floor":5,"turns":4},{"damage":45,"enemies":"3 Sentries","floor":6,"turns":9},{"damage":30,"enemies":"Red Slaver","floor":7,"turns":6},{"damage":45,"enemies":"Gremlin Nob","floor":11,"turns":4}],"seed_played":"-4675582306505491947","potions_obtained":[{"floor":2,"key":"PowerPotion"},{"floor":6,"key":"PowerPotion"}],"is_trial":false,"path_per_floor":["M","M","?","M","M","E","M","R","T","R","E"],"character_chosen":"IRONCLAD","items_purchased":[],"campfire_rested":1,"item_purchase_floors":[],"current_hp_per_floor":[76,76,76,80,71,32,8,32,32,32,0],"gold":114,"neow_bonus":"ONE_RARE_RELIC","is_prod":false,"is_daily":false,"chose_seed":false,"campfire_upgraded":1,"win_rate":0,"timestamp":1550716012,"path_taken":["M","M","?","M","?","E","M","R","T","R","E"],"build_version":"2019-01-23","purchased_purges":0,"victory":false,"max_hp_per_floor":[80,80,80,80,80,80,80,80,80,80,80],"card_choices":[{"not_picked":["Anger","Carnage"],"picked":"Inflame","floor":1},{"not_picked":["Body Slam","Carnage"],"picked":"Flex","floor":2},{"not_picked":["Cleave","Warcry"],"picked":"Inflame","floor":4},{"not_picked":["Sever Soul","Inflame"],"picked":"Pommel Strike","floor":5},{"not_picked":["Rage","Shrug It Off"],"picked":"Feel No Pain","floor":6},{"not_picked":["Rage","Intimidate"],"picked":"True Grit","floor":7}],"player_experience":829147,"relics_obtained":[{"floor":6,"key":"Pen Nib"},{"floor":9,"key":"Question Card"}],"event_choices":[{"damage_healed":0,"gold_gain":0,"cards_transformed":["Strike_R"],"player_choice":"Transformed","damage_taken":0,"max_hp_gain":0,"max_hp_loss":0,"event_name":"Transmorgrifier","floor":3,"gold_loss":0,"cards_obtained":["Burning Pact"]}],"is_beta":false,"boss_relics":[],"items_purged_floors":[],"is_endless":false,"potions_floor_spawned":[2,6],"killed_by":"Gremlin Nob","ascension_level":12}