{"gold_per_floor":[118,43,43,43,53,68,68,78,103,114,114,147,21,40,40,117,117,117,117,117,117],"floor_reached":21,"playtime":23104,"items_purged":["Strike_G"],"score":329,"play_id":"4f85712f-a194-44c5-af02-361048d9cba5","local_time":"20190616050138","is_ascension_mode":true,"campfire_choices":[{"data":"Neutralize","floor":7,"key":"SMITH"},{"floor":11,"key":"REST"},{"data":"Skewer","floor":15,"key":"SMITH"}],"neow_cost":"NONE","seed_source_timestamp":339968784503000,"circlet_count":0,"master_deck":["AscendersBane","Defend_G","Defend_G","Defend_G","Defend_G","Defend_G","Strike_G","Strike_G","Strike_G","Survivor","Neutralize+1","Skewer+1","Doppelganger","Deflect","Adrenaline","Flechettes","Deadly Poison","Glass Knife","Deflect","Crippling Poison","Corpse Explosion","PiercingWail","Backstab","Caltrops"],"relics":["Ring of the Snake","Regal Pillow","Bronze Scales","Bag of Marbles","Ectoplasm"],"potions_floor_usage":[12,14,20],"damage_taken":[{"damage":1,"enemies":"Small Slimes","floor":1,"turns":6},{"damage":0,"enemies":"2 Louse","floor":5,"turns":2},{"damage":2,"enemies":"Cultist","floor":6,"turns":5},{"damage":13,"enemies":"Gremlin Gang","floor":8,"turns":9},{"damage":10,"enemies":"Exordium Wildlife","floor":10,"turns":5},{"damage":6,"enemies":"Lagavulin","floor":12,"turns":4},{"damage":6,"enemies":"Exordium Thugs","floor":14,"turns":6},{"damage":52,"enemies":"Slime Boss","floor":16,"turns":14},{"damage":16,"enemies":"Spheric Guardian","floor":18,"turns":3},{"damage":0,"enemies":"3 Byrds","floor":19,"turns":2},{"damage":13,"enemies":"Snake Plant","floor":20,"turns":3},{"damage":25,"enemies":"Snecko","floor":21,"turns":3}],"seed_played":"899527086031570400","potions_obtained":[{"floor":10,"key":"SkillPotion"},{"floor":12,"key":"Weak Potion"},{"floor":14,"key":"Ancient Potion"}],"is_trial":false,"path_per_floor":["M","?","$","?","M","M","R","M","T","M","R","E","$","M","R","B",null,"M","M","M","M"],"character_chosen":"THE_SILENT","items_purchased":["Deflect"],"campfire_rested":1,"item_purchase_floors":[13],"current_hp_per_floor":[58,58,58,58,58,56,56,43,43,33,66,60,60,54,54,2,50,34,34,21,0],"gold":117,"neow_bonus":"RANDOM_COMMON_RELIC","is_prod":false,"is_daily":false,"chose_seed":false,"campfire_upgraded":2,"win_rate":0,"timestamp":1560654098,"path_taken":["M","?","$","?","M","M","R","M","T","M","R","E","$","?","R","BOSS","M","M","M","?"],"build_version":"2019-01-23","purchased_purges":1,"victory":false,"max_hp_per_floor":[66,66,66,66,66,66,66,66,66,66,66,66,66,66,66,66,66,66,66,66,66],"card_choices":[{"not_picked":["Backflip","PiercingWail"],"picked":"Skewer","floor":1},{"not_picked":["Quick Slash","Prepared"],"picked":"Deflect","floor":5},{"not_picked":["Terror","Bane"],"picked":"Adrenaline","floor":6},{"not_picked":["Setup","Predator"],"picked":"Flechettes","floor":8},{"not_picked":["Dagger Throw","Outmaneuver"],"picked":"Deadly Poison","floor":10},{"not_picked":["Grand Finale","Setup"],"picked":"Glass Knife","floor":12},{"not_picked":["Riddle With Holes","Tactician"],"picked":"Crippling Poison","floor":14},{"not_picked":["Tools of the Trade","Envenom"],"picked":"Corpse Explosion","floor":16},{"not_picked":["Masterful Stab","Underhanded Strike"],"picked":"PiercingWail","floor":18},{"not_picked":["Cloak And Dagger","Deadly Poison"],"picked":"Backstab","floor":19},{"not_picked":["Crippling Poison","Concentrate"],"picked":"Caltrops","floor":20}],"player_experience":1339244,"relics_obtained":[{"floor":9,"key":"Bronze Scales"},{"floor":12,"key":"Bag of Marbles"}],"event_choices":[{"cards_removed":["Strike_G"],"damage_healed":0,"gold_gain":0,"player_choice":"Card Removal","damage_taken":0,"max_hp_gain":0,"max_hp_loss":0,"event_name":"The Cleric","floor":2,"gold_loss":75},{"damage_healed":0,"gold_gain":0,"player_choice":"1 cards matched","damage_taken":0,"max_hp_gain":0,"max_hp_loss":0,"event_name":"Match and Keep!","floor":4,"gold_loss":0,"cards_obtained":["Doppelganger"]}],"is_beta":false,"boss_relics":[{"not_picked":["Calling Bell","HoveringKite"],"picked":"Ectoplasm"}],"items_purged_floors":[13],"is_endless":false,"potions_floor_spawned":[10,12,14],"killed_by":"Snecko","ascension_level":16}