{"gold_per_floor":[17,36,48,59,59,59,79,104,104,151,163],"floor_reached":11,"playtime":421,"items_purged":[],"score":162,"play_id":"f2d4bf8b-2dd4-4a0e-b7eb-b93da75cf9b0","local_time":"20190720175749","is_ascension_mode":true,"campfire_choices":[{"data":"Distraction","floor":6,"key":"SMITH"}],"neow_cost":"NO_GOLD","seed_source_timestamp":681484025619100,"circlet_count":0,"master_deck":["AscendersBane","Strike_G","Strike_G","Strike_G","Strike_G","Defend_G","Defend_G","Defend_G","Defend_G","Survivor","Neutralize+1","Calculated Gamble","Sucker Punch","Poisoned Stab","Distraction+1","Flying Knee","Terror","Blur"],"relics":["Ring of the Snake","Gambling Chip","MawBank","PreservedInsect"],"potions_floor_usage":[8,10,11],"damage_taken":[{"damage":3,"enemies":"Cultist","floor":1,"turns":5},{"damage":0,"enemies":"Small Slimes","floor":2,"turns":4},{"damage":7,"enemies":"2 Louse","floor":3,"turns":3},{"damage":0,"enemies":"Looter","floor":4,"turns":4},{"damage":0,"enemies":"2 Fungi Beasts","floor":7,"turns":4},{"damage":21,"enemies":"Lagavulin","floor":8,"turns":8},{"damage":26,"enemies":"Gremlin Nob","floor":10,"turns":5},{"damage":12,"enemies":"Large Slime","floor":11,"turns":3}],"seed_played":"3147663596723388494","potions_obtained":[{"floor":3,"key":"LiquidBronze"},{"floor":8,"key":"Block Potion"},{"floor":10,"key":"SpeedPotion"}],"is_trial":false,"path_per_floor":["M","M","M","M","?","R","M","E","T","E","M"],"character_chosen":"THE_SILENT","items_purchased":[],"campfire_rested":0,"item_purchase_floors":[],"current_hp_per_floor":[56,56,49,49,49,49,49,28,28,2,0],"gold":163,"neow_bonus":"REMOVE_TWO","is_prod":false,"is_daily":false,"chose_seed":false,"campfire_upgraded":1,"win_rate":0,"timestamp":1563638269,"path_taken":["M","M","?","M","?","R","M","E","T","E","M"],"build_version":"2019-07-17","purchased_purges":0,"victory":false,"max_hp_per_floor":[66,66,66,66,66,66,66,66,66,66,66],"card_choices":[{"not_picked":["Cloak And Dagger","Prepared"],"picked":"Calculated Gamble","floor":1},{"not_picked":["Calculated Gamble","Prepared"],"picked":"Sucker Punch","floor":2},{"not_picked":["Dagger Throw","Distraction"],"picked":"Poisoned Stab","floor":3},{"not_picked":["Dagger Throw","Prepared"],"picked":"Distraction","floor":4},{"not_picked":["Heel Hook","Quick Slash"],"picked":"Flying Knee","floor":7},{"not_picked":["Masterful Stab","Concentrate"],"picked":"Terror","floor":8},{"not_picked":["Deadly Poison","Blade Dance"],"picked":"Blur","floor":10}],"player_experience":1714433,"relics_obtained":[{"floor":8,"key":"Gambling Chip"},{"floor":9,"key":"MawBank"},{"floor":10,"key":"PreservedInsect"}],"event_choices":[{"damage_healed":0,"gold_gain":0,"player_choice":"Forge","damage_taken":0,"max_hp_gain":0,"max_hp_loss":0,"event_name":"Accursed Blacksmith","floor":5,"gold_loss":0,"cards_upgraded":["Neutralize"]}],"is_beta":false,"boss_relics":[],"items_purged_floors":[],"is_endless":false,"potions_floor_spawned":[3,8,10],"killed_by":"Large Slime","ascension_level":18}