{"gold_per_floor":[112,131,131,155,170,170,203,203,282,207,207,207,207,107,107,232,232,256,355,378,392,324,324,343,343,343,218,218,15,15,15,15,139,139,159,173,173,173,193,193,57,57,57,57,75,75,75,99,99,99],"floor_reached":51,"playtime":1101,"items_purged":["Strike_R","Strike_R","Strike_R","Strike_R"],"score":866,"play_id":"a8f99cc9-6f43-4059-a794-9dd8740d3c78","local_time":"20191012004333","is_ascension_mode":false,"campfire_choices":[{"data":"Heavy Blade","floor":6,"key":"SMITH"},{"data":"Inflame","floor":8,"key":"SMITH"},{"data":"Battle Trance","floor":11,"key":"SMITH"},{"floor":15,"key":"REST"},{"data":"Barricade","floor":23,"key":"SMITH"},{"data":"Defend_R","floor":25,"key":"SMITH"},{"data":"Defend_R","floor":28,"key":"SMITH"},{"data":"Shrug It Off","floor":30,"key":"SMITH"},{"data":"Offering","floor":32,"key":"SMITH"},{"floor":40,"key":"RECALL"},{"data":"Impervious","floor":42,"key":"SMITH"}],"neow_cost":"NONE","seed_source_timestamp":59176442324984,"circlet_count":0,"master_deck":["Defend_R+1","Defend_R+1","Defend_R+1","Defend_R+1","Bash+1","Inflame+1","Heavy Blade+1","Cleave+1","Battle Trance+1","Barricade+1","Body Slam+1","Shrug It Off+1","Offering+1","Impervious+1"],"relics":["Burning Blood","Golden Idol","WingedGreaves","Mummified Hand","Coffee Dripper","PreservedInsect","Bottled Flame","White Beast Statue","Mercury Hourglass"],"potions_floor_usage":[5,16,17,36,50,50,50],"damage_taken":[{"damage":6,"enemies":"Cultist","floor":1,"turns":3},{"damage":8,"enemies":"Jaw Worm","floor":2,"turns":3},{"damage":5,"enemies":"Small Slimes","floor":4,"turns":4},{"damage":15,"enemies":"Exordium Thugs","floor":5,"turns":4},{"damage":28,"enemies":"Gremlin Nob","floor":7,"turns":4},{"damage":26,"enemies":"Slime Boss","floor":16,"turns":6},{"damage":7,"enemies":"2 Thieves","floor":18,"turns":3},{"damage":0,"enemies":"Spheric Guardian","floor":20,"turns":2},{"damage":15,"enemies":"Snake Plant","floor":21,"turns":3},{"damage":0,"enemies":"3 Cultists","floor":24,"turns":4},{"damage":6,"enemies":"Collector","floor":33,"turns":6},{"damage":13,"enemies":"Orb Walker","floor":35,"turns":2},{"damage":23,"enemies":"3 Darklings","floor":36,"turns":3},{"damage":6,"enemies":"Maw","floor":39,"turns":5},{"damage":19,"enemies":"Writhing Mass","floor":45,"turns":4},{"damage":10,"enemies":"Transient","floor":48,"turns":5},{"damage":6,"enemies":"Time Eater","floor":50,"turns":8}],"seed_played":"-785062801064851111","potions_obtained":[{"floor":1,"key":"SkillPotion"},{"floor":7,"key":"Regen Potion"},{"floor":16,"key":"Fruit Juice"},{"floor":18,"key":"PowerPotion"},{"floor":24,"key":"SpeedPotion"},{"floor":33,"key":"Dexterity Potion"},{"floor":36,"key":"Fire Potion"},{"floor":45,"key":"Weak Potion"}],"is_trial":false,"path_per_floor":["M","M","?","M","M","R","E","R","T","$","R","?","?","$","R","B",null,"M","?","M","M","?","R","M","R","T","$","R","$","R","?","R","B",null,"M","M","$","?","M","R","$","R","T","R","M","?","R","M","R","B",null],"character_chosen":"IRONCLAD","items_purchased":["Shrug It Off","Impervious"],"campfire_rested":1,"item_purchase_floors":[29,41],"current_hp_per_floor":[80,78,58,59,50,50,28,28,28,28,28,12,12,12,36,31,85,84,84,85,76,76,76,82,82,82,82,82,82,82,82,82,82,85,78,61,61,61,61,61,61,61,61,61,48,48,48,44,44,44],"gold":99,"neow_bonus":"UPGRADE_CARD","is_prod":false,"is_daily":false,"chose_seed":false,"campfire_upgraded":9,"win_rate":0,"timestamp":1570866213,"path_taken":["M","?","?","M","M","R","E","R","T","$","R","?","?","$","R","BOSS","M","?","M","M","?","R","?","R","T","$","R","$","R","?","R","BOSS","M","M","$","?","M","R","$","R","T","R","?","?","R","M","R","BOSS"],"build_version":"2019-07-17","purchased_purges":4,"victory":true,"max_hp_per_floor":[80,80,80,80,80,80,80,80,80,80,80,80,80,80,80,80,85,85,85,85,85,85,85,85,85,85,85,85,85,85,85,85,85,85,85,85,85,85,85,85,85,85,85,85,85,81,81,81,81,81],"card_choices":[{"not_picked":["Clothesline","Iron Wave"],"picked":"Inflame","floor":1},{"not_picked":["Body Slam","Clothesline"],"picked":"Heavy Blade","floor":2},{"not_picked":["Intimidate","Combust","Rampage"],"picked":"SKIP","floor":4},{"not_picked":["Wild Strike","Twin Strike"],"picked":"Cleave","floor":5},{"not_picked":["Infernal Blade","Cleave"],"picked":"Battle Trance","floor":7},{"not_picked":["Bludgeon","Immolate"],"picked":"Barricade","floor":16},{"not_picked":["Thunderclap","Cleave+1","Perfected Strike"],"picked":"SKIP","floor":18},{"not_picked":["Pommel Strike","Uppercut","Burning Pact+1"],"picked":"SKIP","floor":20},{"not_picked":["Seeing Red+1","Perfected Strike+1","Fire Breathing"],"picked":"SKIP","floor":21},{"not_picked":["Battle Trance","Havoc"],"picked":"Body Slam+1","floor":24},{"not_picked":["Clothesline","Power Through+1","Cleave+1"],"picked":"SKIP","floor":35},{"not_picked":["Wild Strike+1","Flame Barrier","Twin Strike"],"picked":"SKIP","floor":36},{"not_picked":["Combust","Heavy Blade","Cleave"],"picked":"SKIP","floor":39},{"not_picked":["Cleave","Sentinel","Sword Boomerang"],"picked":"SKIP","floor":45},{"not_picked":["Pommel Strike","Brutality","Reckless Charge"],"picked":"SKIP","floor":48}],"player_experience":401067,"relics_obtained":[{"floor":7,"key":"WingedGreaves"},{"floor":9,"key":"Mummified Hand"},{"floor":26,"key":"Bottled Flame"},{"floor":43,"key":"Mercury Hourglass"}],"event_choices":[{"damage_healed":0,"gold_gain":0,"player_choice":"Take Damage","damage_taken":20,"relics_obtained":["Golden Idol"],"max_hp_gain":0,"max_hp_loss":0,"event_name":"Golden Idol","floor":3,"gold_loss":0},{"damage_healed":0,"gold_gain":0,"player_choice":"Entered Light","damage_taken":16,"max_hp_gain":0,"max_hp_loss":0,"event_name":"Shining Light","floor":12,"gold_loss":0,"cards_upgraded":["Defend_R","Cleave"]},{"cards_removed":["Strike_R"],"damage_healed":0,"gold_gain":0,"player_choice":"Offered Basic","damage_taken":0,"max_hp_gain":0,"max_hp_loss":0,"event_name":"Bonfire Elementals","floor":13,"gold_loss":0},{"damage_healed":0,"gold_gain":99,"player_choice":"Stole From Cult","damage_taken":0,"max_hp_gain":0,"max_hp_loss":0,"event_name":"Nest","floor":19,"gold_loss":0},{"damage_healed":0,"gold_gain":0,"player_choice":"Paid Gold","damage_taken":0,"relics_obtained":["PreservedInsect"],"max_hp_gain":0,"max_hp_loss":0,"event_name":"WeMeetAgain","floor":22,"gold_loss":68},{"damage_healed":0,"gold_gain":0,"player_choice":"Read","damage_taken":0,"max_hp_gain":0,"max_hp_loss":0,"event_name":"The Library","floor":31,"gold_loss":0,"cards_obtained":["Offering"]},{"damage_healed":0,"gold_gain":0,"player_choice":"Forge","damage_taken":0,"max_hp_gain":0,"max_hp_loss":0,"event_name":"Accursed Blacksmith","floor":38,"gold_loss":0,"cards_upgraded":["Defend_R"]},{"damage_healed":0,"gold_gain":0,"player_choice":"Max HP","damage_taken":0,"max_hp_gain":0,"max_hp_loss":4,"event_name":"Winding Halls","floor":46,"gold_loss":0}],"is_beta":false,"boss_relics":[{"not_picked":["Runic Cube","Runic Pyramid"],"picked":"Coffee Dripper"},{"not_picked":["Philosopher\u0027s Stone","Astrolabe"],"picked":"White Beast Statue"}],"items_purged_floors":[10,14,27,29],"is_endless":false,"potions_floor_spawned":[1,7,16,18,24,33,35,36,39,45,48],"ascension_level":0}