{"gold_per_floor":[117,267,267,267,267,267,307,307,307,332,46,46,69,94,94,94],"floor_reached":16,"playtime":431,"items_purged":["Doubt"],"score":176,"play_id":"af9a55c5-a64d-490c-ad8b-49cd98d2069e","local_time":"20190616073806","is_ascension_mode":true,"campfire_choices":[{"data":"Neutralize","floor":6,"key":"SMITH"},{"floor":8,"key":"REST"},{"data":"Skewer","floor":12,"key":"SMITH"},{"data":"Flechettes","floor":15,"key":"SMITH"}],"neow_cost":"NONE","seed_source_timestamp":372082248284000,"circlet_count":0,"master_deck":["AscendersBane","Defend_G+1","Defend_G","Defend_G+1","Defend_G","Defend_G","Strike_G+1","Strike_G+1","Strike_G","Strike_G","Survivor","Neutralize+1","Deadly Poison","Injury","Choke","Flechettes+1","Deadly Poison","Skewer+1","Escape Plan","Sucker Punch","Backflip"],"relics":["Ring of the Snake","Whetstone","War Paint","Golden Idol","Darkstone Periapt","Snake Skull"],"potions_floor_usage":[14,16,16],"damage_taken":[{"damage":0,"enemies":"2 Louse","floor":1,"turns":3},{"damage":40,"enemies":"3 Sentries","floor":7,"turns":13},{"damage":9,"enemies":"Small Slimes","floor":10,"turns":3},{"damage":0,"enemies":"Cultist","floor":13,"turns":2},{"damage":0,"enemies":"2 Fungi Beasts","floor":14,"turns":4},{"damage":38,"enemies":"Slime Boss","floor":16,"turns":8}],"seed_played":"-7476762402616908084","potions_obtained":[{"floor":10,"key":"SpeedPotion"},{"floor":14,"key":"Dexterity Potion"}],"is_trial":false,"path_per_floor":["M","?","?","?","?","R","E","R","T","M","$","R","M","M","R","B"],"character_chosen":"THE_SILENT","items_purchased":["Skewer","Regen Potion","Escape Plan"],"campfire_rested":1,"item_purchase_floors":[11,11,11],"current_hp_per_floor":[59,59,54,54,54,54,14,33,33,24,24,24,24,33,33,0],"gold":94,"neow_bonus":"RANDOM_COMMON_RELIC","is_prod":false,"is_daily":false,"chose_seed":false,"campfire_upgraded":3,"win_rate":0,"timestamp":1560663486,"path_taken":["M","?","?","?","?","R","E","R","T","?","$","R","M","M","R","BOSS"],"build_version":"2019-01-23","purchased_purges":1,"victory":false,"max_hp_per_floor":[66,66,66,66,66,66,66,66,66,66,66,66,66,66,66,66],"card_choices":[{"not_picked":["Deflect","Heel Hook"],"picked":"Deadly Poison","floor":1},{"not_picked":["PiercingWail","Dagger Spray"],"picked":"Flechettes","floor":7},{"not_picked":["Underhanded Strike","All Out Attack"],"picked":"Deadly Poison","floor":10},{"not_picked":["Riddle With Holes","Terror"],"picked":"Sucker Punch","floor":13},{"not_picked":["Masterful Stab","Accuracy"],"picked":"Backflip","floor":14}],"player_experience":1370251,"relics_obtained":[{"floor":7,"key":"Darkstone Periapt"},{"floor":9,"key":"Snake Skull"}],"event_choices":[{"damage_healed":0,"gold_gain":150,"player_choice":"AGREE","damage_taken":0,"max_hp_gain":0,"max_hp_loss":0,"event_name":"Liars Game","floor":2,"gold_loss":0,"cards_obtained":["Doubt"]},{"damage_healed":0,"gold_gain":0,"player_choice":"Success","damage_taken":5,"relics_obtained":["War Paint"],"max_hp_gain":0,"max_hp_loss":0,"event_name":"Scrap Ooze","floor":3,"gold_loss":0},{"damage_healed":0,"gold_gain":0,"player_choice":"Take Wound","damage_taken":0,"relics_obtained":["Golden Idol"],"max_hp_gain":0,"max_hp_loss":0,"event_name":"Golden Idol","floor":4,"gold_loss":0,"cards_obtained":["Injury"]},{"damage_healed":0,"gold_gain":0,"cards_transformed":["Strike_G"],"player_choice":"Transformed","damage_taken":0,"max_hp_gain":0,"max_hp_loss":0,"event_name":"Transmorgrifier","floor":5,"gold_loss":0,"cards_obtained":["Choke"]}],"is_beta":false,"boss_relics":[],"items_purged_floors":[11],"is_endless":false,"potions_floor_spawned":[10,13,14],"killed_by":"Slime Boss","ascension_level":16}