{"gold_per_floor":[112,112,130,140,157,184,184,199,199,199],"floor_reached":10,"playtime":437,"items_purged":[],"score":126,"play_id":"3897963f-f2a3-49a9-9ea3-aa8472c44c51","local_time":"20190610120441","is_ascension_mode":true,"campfire_choices":[{"floor":7,"key":"REST"}],"neow_cost":"NONE","seed_source_timestamp":286129849642300,"circlet_count":0,"master_deck":["AscendersBane","Strike_R","Strike_R","Strike_R","Strike_R","Defend_R","Defend_R","Defend_R","Defend_R","Bash","Purity","Rampage","Rage","Battle Trance","Feel No Pain","Shrug It Off","Flex","Power Through"],"relics":["Burning Blood","Pocketwatch","Gambling Chip"],"potions_floor_usage":[5,6,10],"damage_taken":[{"damage":11,"enemies":"Jaw Worm","floor":1,"turns":4},{"damage":0,"enemies":"Cultist","floor":3,"turns":4},{"damage":9,"enemies":"Small Slimes","floor":4,"turns":4},{"damage":21,"enemies":"3 Louse","floor":5,"turns":6},{"damage":45,"enemies":"Lagavulin","floor":6,"turns":8},{"damage":13,"enemies":"Red Slaver","floor":8,"turns":5},{"damage":62,"enemies":"Gremlin Nob","floor":10,"turns":5}],"seed_played":"5314715176221557851","potions_obtained":[{"floor":3,"key":"Ancient Potion"},{"floor":4,"key":"EssenceOfSteel"},{"floor":8,"key":"PowerPotion"}],"is_trial":false,"path_per_floor":["M","?","M","M","M","E","R","M","T","E"],"character_chosen":"IRONCLAD","items_purchased":[],"campfire_rested":1,"item_purchase_floors":[],"current_hp_per_floor":[63,63,69,66,51,12,34,27,27,0],"gold":199,"neow_bonus":"RANDOM_COLORLESS","is_prod":false,"is_daily":false,"chose_seed":false,"campfire_upgraded":0,"win_rate":0,"timestamp":1560161081,"path_taken":["M","?","?","M","M","E","R","M","T","E"],"build_version":"2019-01-23","purchased_purges":0,"victory":false,"max_hp_per_floor":[75,75,75,75,75,75,75,75,75,75],"card_choices":[{"not_picked":["Flex","Iron Wave"],"picked":"Rampage","floor":1},{"not_picked":["Clash","Impervious"],"picked":"Battle Trance","floor":3},{"not_picked":["Ghostly Armor","Twin Strike"],"picked":"Feel No Pain","floor":4},{"not_picked":["Fire Breathing","Thunderclap"],"picked":"Shrug It Off","floor":5},{"not_picked":["Warcry","Havoc"],"picked":"Flex","floor":6},{"not_picked":["Clash","Iron Wave"],"picked":"Power Through","floor":8}],"player_experience":1278112,"relics_obtained":[{"floor":6,"key":"Pocketwatch"},{"floor":9,"key":"Gambling Chip"}],"event_choices":[{"damage_healed":0,"gold_gain":0,"cards_transformed":["Strike_R"],"player_choice":"Transformed","damage_taken":0,"max_hp_gain":0,"max_hp_loss":0,"event_name":"Transmorgrifier","floor":2,"gold_loss":0,"cards_obtained":["Rage"]}],"is_beta":false,"boss_relics":[],"items_purged_floors":[],"is_endless":false,"potions_floor_spawned":[3,4,8],"killed_by":"Gremlin Nob","ascension_level":16}