{"gold_per_floor":[10,10,10,21,35,35,60,60,112,112,37,49,49,124,124,219,219,243,264,264,264],"floor_reached":21,"playtime":815,"items_purged":["Strike_R"],"score":317,"play_id":"981fffa9-1e7f-47eb-b7dd-be1e5ea305c8","local_time":"20190304133328","is_ascension_mode":true,"campfire_choices":[{"data":"Armaments","floor":6,"key":"SMITH"},{"data":"Shrug It Off","floor":8,"key":"SMITH"},{"floor":15,"key":"REST"}],"neow_cost":"NO_GOLD","seed_source_timestamp":236204099910500,"circlet_count":0,"master_deck":["AscendersBane","Strike_R","Strike_R","Strike_R+1","Defend_R","Defend_R","Defend_R","Defend_R","Bash+1","Headbutt","Armaments+1","Shrug It Off+1","Spot Weakness","Offering","Carnage","Juggernaut","Iron Wave","Feel No Pain","RitualDagger"],"relics":["Burning Blood","Dream Catcher","Calipers","Omamori","Golden Idol","Eternal Feather"],"potions_floor_usage":[7,16,21],"damage_taken":[{"damage":8,"enemies":"Jaw Worm","floor":1,"turns":4},{"damage":13,"enemies":"2 Louse","floor":4,"turns":2},{"damage":0,"enemies":"Small Slimes","floor":5,"turns":4},{"damage":35,"enemies":"Gremlin Nob","floor":7,"turns":5},{"damage":1,"enemies":"2 Fungi Beasts","floor":12,"turns":5},{"damage":21,"enemies":"The Guardian","floor":16,"turns":10},{"damage":34,"enemies":"Spheric Guardian","floor":18,"turns":5},{"damage":26,"enemies":"3 Byrds","floor":19,"turns":6},{"damage":42,"enemies":"3 Cultists","floor":21,"turns":4}],"seed_played":"3551398858209172806","potions_obtained":[{"floor":1,"key":"Ancient Potion"},{"floor":7,"key":"Regen Potion"},{"floor":19,"key":"BloodPotion"}],"is_trial":false,"path_per_floor":["M","?","?","M","M","R","E","R","T","?","$","M","?","?","R","B",null,"M","M","?","M"],"character_chosen":"IRONCLAD","items_purchased":[],"campfire_rested":1,"item_purchase_floors":[],"current_hp_per_floor":[86,74,55,48,54,54,25,25,25,25,25,30,30,19,47,47,84,56,36,30,0],"gold":264,"neow_bonus":"TWENTY_PERCENT_HP_BONUS","is_prod":false,"is_daily":false,"chose_seed":false,"campfire_upgraded":2,"win_rate":0,"timestamp":1551702808,"path_taken":["M","?","?","M","M","R","E","R","T","?","$","M","?","?","R","BOSS","M","M","?","M"],"build_version":"2019-01-23","purchased_purges":1,"victory":false,"max_hp_per_floor":[96,96,96,96,96,96,96,96,96,96,96,96,96,96,96,96,96,96,96,96,96],"card_choices":[{"not_picked":["Power Through","Sword Boomerang"],"picked":"Headbutt","floor":1},{"not_picked":["Entrench","Thunderclap"],"picked":"Armaments","floor":4},{"not_picked":["Havoc","Reckless Charge","Wild Strike"],"picked":"SKIP","floor":5},{"not_picked":["Havoc","Anger"],"picked":"Shrug It Off","floor":7},{"not_picked":["Anger","Flex"],"picked":"Offering","floor":12},{"not_picked":["Twin Strike","Power Through"],"picked":"Carnage","floor":15},{"not_picked":["Fiend Fire","Impervious"],"picked":"Juggernaut","floor":16},{"not_picked":["Havoc","Inflame"],"picked":"Iron Wave","floor":18},{"not_picked":["Hemokinesis","Shrug It Off"],"picked":"Feel No Pain","floor":19}],"player_experience":934141,"relics_obtained":[{"floor":7,"key":"Calipers"},{"floor":9,"key":"Omamori"}],"event_choices":[{"damage_healed":0,"gold_gain":0,"player_choice":"Success","damage_taken":12,"relics_obtained":["Dream Catcher"],"max_hp_gain":0,"max_hp_loss":0,"event_name":"Scrap Ooze","floor":2,"gold_loss":0},{"damage_healed":0,"gold_gain":0,"player_choice":"Entered Light","damage_taken":19,"max_hp_gain":0,"max_hp_loss":0,"event_name":"Shining Light","floor":3,"gold_loss":0,"cards_upgraded":["Strike_R","Bash"]},{"damage_healed":0,"gold_gain":0,"cards_transformed":["Strike_R"],"player_choice":"Change","damage_taken":0,"max_hp_gain":0,"max_hp_loss":0,"event_name":"Living Wall","floor":10,"gold_loss":0,"cards_obtained":["Spot Weakness"]},{"damage_healed":0,"gold_gain":0,"player_choice":"Take Wound","damage_taken":0,"relics_obtained":["Golden Idol"],"max_hp_gain":0,"max_hp_loss":0,"event_name":"Golden Idol","floor":13,"gold_loss":0,"cards_obtained":["Injury"]},{"damage_healed":0,"gold_gain":75,"player_choice":"Gather Gold","damage_taken":11,"max_hp_gain":0,"max_hp_loss":0,"event_name":"World of Goop","floor":14,"gold_loss":0},{"damage_healed":0,"gold_gain":0,"player_choice":"Joined the Cult","damage_taken":6,"max_hp_gain":0,"max_hp_loss":0,"event_name":"Nest","floor":20,"gold_loss":0,"cards_obtained":["RitualDagger"]}],"is_beta":false,"boss_relics":[{"not_picked":["Ectoplasm","White Beast Statue"],"picked":"Eternal Feather"}],"items_purged_floors":[11],"is_endless":false,"potions_floor_spawned":[1,7,19],"killed_by":"3 Cultists","ascension_level":13}