{"gold_per_floor":[117,128,4,24,43,78,78,106,131,156,156],"floor_reached":11,"playtime":385,"items_purged":[],"score":186,"play_id":"e6c3182b-3cd2-400b-b17b-75127a34907e","local_time":"20190625190016","is_ascension_mode":true,"campfire_choices":[{"floor":7.0,"key":"REST"}],"neow_cost":"NONE","seed_source_timestamp":1037825996844911,"circlet_count":0,"master_deck":["AscendersBane","Strike_B","Strike_B","Strike_B","Strike_B","Defend_B","Defend_B","Defend_B","Defend_B","Zap+1","Dualcast","Gash","Ball Lightning","Conserve Battery","Trip","Rip and Tear","Undo","Loop","Conserve Battery","Biased Cognition"],"special_seed":0,"relics":["Cracked Core","Mummified Hand","Orichalcum","Happy Flower","Regal Pillow"],"potions_floor_usage":[8],"damage_taken":[{"damage":12.0,"enemies":"Small Slimes","floor":1.0,"turns":3.0},{"damage":8.0,"enemies":"2 Louse","floor":2.0,"turns":3.0},{"damage":7.0,"enemies":"Jaw Worm","floor":4.0,"turns":2.0},{"damage":0.0,"enemies":"Large Slime","floor":5.0,"turns":4.0},{"damage":12.0,"enemies":"Lagavulin","floor":6.0,"turns":5.0},{"damage":38,"enemies":"3 Sentries","floor":8,"turns":7},{"damage":5,"enemies":"Lagavulin","floor":10,"turns":5},{"damage":6,"enemies":"Blue Slaver","floor":11,"turns":1}],"seed_played":"234505718222072177","potions_obtained":[{"floor":5.0,"key":"Poison Potion"},{"floor":6.0,"key":"LiquidBronze"}],"is_trial":false,"path_per_floor":["M","M","$","M","M","E","R","E","T","E","M"],"character_chosen":"DEFECT","items_purchased":["Conserve Battery","Trip"],"campfire_rested":1,"item_purchase_floors":[3,3],"current_hp_per_floor":[52,44,44,37,37,25,46,8,8,3,0],"gold":156,"neow_bonus":"UPGRADE_CARD","is_prod":false,"is_daily":false,"chose_seed":false,"campfire_upgraded":0,"win_rate":0,"timestamp":1561482016,"path_taken":["M","M","$","M","M","E","R","E","T","E","M"],"build_version":"2019-01-23","purchased_purges":0,"victory":false,"max_hp_per_floor":[71,71,71,71,71,71,71,71,71,71,71],"card_choices":[{"not_picked":["Hologram","Go for the Eyes"],"picked":"Gash","floor":1.0},{"not_picked":["Force Field","Conserve Battery"],"picked":"Ball Lightning","floor":2.0},{"not_picked":["Beam Cell","Genetic Algorithm"],"picked":"Rip and Tear","floor":4.0},{"not_picked":["Sweeping Beam","Steam"],"picked":"Undo","floor":5.0},{"not_picked":["Turbo","Barrage"],"picked":"Loop","floor":6.0},{"not_picked":["White Noise","Blizzard"],"picked":"Conserve Battery","floor":8},{"not_picked":["Reinforced Body","Hologram"],"picked":"Biased Cognition","floor":10}],"player_experience":853559,"relics_obtained":[{"floor":6.0,"key":"Mummified Hand"},{"floor":8,"key":"Orichalcum"},{"floor":9,"key":"Happy Flower"},{"floor":10,"key":"Regal Pillow"}],"event_choices":[],"is_beta":false,"boss_relics":[],"items_purged_floors":[],"is_endless":false,"potions_floor_spawned":[5,6],"killed_by":"Blue Slaver","ascension_level":20}