{"gold_per_floor":[117,117,134,134,147,147,177,177,177,177,204,21,38,65,65,143,143,157,16,216,230,248,248,267,267,348,348,401,23,23,23,23,23],"floor_reached":33,"playtime":1362,"items_purged":["Strike_G"],"score":560,"play_id":"7c13f34b-6a3a-46e2-959a-3a556392f471","local_time":"20190623003716","is_ascension_mode":true,"campfire_choices":[{"data":"Neutralize","floor":6.0,"key":"SMITH"},{"data":"Poisoned Stab","floor":8.0,"key":"SMITH"},{"data":"Predator","floor":10.0,"key":"SMITH"},{"floor":15.0,"key":"REST"},{"data":"Wraith Form v2","floor":23.0,"key":"SMITH"},{"data":"Footwork","floor":25.0,"key":"SMITH"},{"floor":32,"key":"REST"}],"neow_cost":"NONE","seed_source_timestamp":432725453347800,"circlet_count":0,"master_deck":["AscendersBane","Defend_G","Defend_G","Defend_G","Defend_G","Defend_G","Strike_G","Survivor","Neutralize+1","Deadly Poison","Dagger Throw","Deadly Poison","Poisoned Stab+1","Predator+1","Footwork+1","Deflect","PiercingWail","Backflip","Wraith Form v2+1","Slice","Well Laid Plans","Flying Knee","Dagger Spray","Unload","Expertise","Infinite Blades","Noxious Fumes","Deadly Poison"],"special_seed":0,"relics":["Ring of the Snake","NeowsBlessing","Question Card","Paper Crane","Pear","Ancient Tea Set","Bronze Scales","Torii","Black Star","Matryoshka","Bag of Marbles","Dream Catcher","Juzu Bracelet"],"potions_floor_usage":[33],"damage_taken":[{"damage":0.0,"enemies":"Jaw Worm","floor":1.0,"turns":1.0},{"damage":0.0,"enemies":"2 Louse","floor":3.0,"turns":1.0},{"damage":0.0,"enemies":"Small Slimes","floor":5.0,"turns":1.0},{"damage":15.0,"enemies":"Lagavulin","floor":7.0,"turns":6.0},{"damage":32.0,"enemies":"3 Sentries","floor":11.0,"turns":8.0},{"damage":0.0,"enemies":"Red Slaver","floor":13.0,"turns":3.0},{"damage":13.0,"enemies":"Gremlin Nob","floor":14.0,"turns":4.0},{"damage":0.0,"enemies":"The Guardian","floor":16.0,"turns":9.0},{"damage":1.0,"enemies":"Chosen","floor":18.0,"turns":4.0},{"damage":4.0,"enemies":"3 Byrds","floor":21.0,"turns":3.0},{"damage":0.0,"enemies":"Centurion and Healer","floor":22.0,"turns":9.0},{"damage":2.0,"enemies":"Cultist and Chosen","floor":24.0,"turns":6.0},{"damage":23.0,"enemies":"Colosseum Slavers","floor":29.0,"turns":5.0},{"damage":11.0,"enemies":"Colosseum Nobs","floor":29.0,"turns":4.0},{"damage":83,"enemies":"Champ","floor":33,"turns":13}],"seed_played":"8356065236271217721","potions_obtained":[{"floor":5.0,"key":"LiquidBronze"},{"floor":11.0,"key":"SpeedPotion"},{"floor":14.0,"key":"FearPotion"},{"floor":22.0,"key":"LiquidBronze"},{"floor":24.0,"key":"LiquidBronze"}],"is_trial":false,"path_per_floor":["M","?","M","?","M","R","E","R","T","R","E","$","M","E","R","B",null,"M","$","?","M","M","R","M","R","T","?","T","?","$","?","R","B"],"character_chosen":"THE_SILENT","items_purchased":["Bronze Scales","Deflect","Well Laid Plans","SkillPotion","Noxious Fumes","Strength Potion","Juzu Bracelet"],"campfire_rested":2,"item_purchase_floors":[12,12,19,19,29,29,29],"current_hp_per_floor":[59,59,59,54,54,54,39,39,49,49,17,17,17,4,26,26,64,63,63,63,59,59,59,57,57,57,57,57,23,23,38,60,0],"gold":23,"neow_bonus":"THREE_ENEMY_KILL","is_prod":false,"is_daily":false,"chose_seed":false,"campfire_upgraded":5,"win_rate":0,"timestamp":1561243036,"path_taken":["M","?","M","?","?","R","E","R","T","R","E","$","M","E","R","BOSS","M","$","?","M","?","R","M","R","T","?","?","?","$","?","R","BOSS"],"build_version":"2019-01-23","purchased_purges":1,"victory":false,"max_hp_per_floor":[66,66,66,66,66,66,66,66,76,76,76,76,76,76,76,76,76,76,76,76,76,76,76,76,76,76,76,76,76,76,76,76,76],"card_choices":[{"not_picked":["Dodge and Roll","Choke"],"picked":"Deadly Poison","floor":1.0},{"not_picked":["Acrobatics","Blade Dance"],"picked":"Deadly Poison","floor":3.0},{"not_picked":["Doppelganger","Expertise","Quick Slash"],"picked":"Poisoned Stab","floor":5.0},{"not_picked":["Tactician","Dagger Throw","Concentrate"],"picked":"Predator","floor":7.0},{"not_picked":["Slice","Cloak And Dagger","Unload"],"picked":"Footwork","floor":11.0},{"not_picked":["Cloak And Dagger","Accuracy","Poisoned Stab"],"picked":"PiercingWail","floor":13.0},{"not_picked":["Tools of the Trade","Bane","Prepared"],"picked":"Backflip","floor":14.0},{"not_picked":["Doppelganger","Bullet Time","Envenom"],"picked":"Wraith Form v2","floor":16.0},{"not_picked":["Reflex","Cloak And Dagger","Dagger Throw"],"picked":"Slice","floor":18.0},{"not_picked":["Outmaneuver","Calculated Gamble","Dagger Spray"],"picked":"Flying Knee","floor":21.0},{"not_picked":["Choke","Underhanded Strike","Reflex"],"picked":"Dagger Spray","floor":22.0},{"not_picked":["Cloak And Dagger","Prepared","Well Laid Plans"],"picked":"Unload","floor":24.0},{"not_picked":["Deflect","Cloak And Dagger","Prepared"],"picked":"Deadly Poison","floor":32}],"player_experience":1445057,"relics_obtained":[{"floor":7.0,"key":"Paper Crane"},{"floor":9.0,"key":"Pear"},{"floor":11.0,"key":"Ancient Tea Set"},{"floor":14.0,"key":"Torii"},{"floor":26.0,"key":"Matryoshka"},{"floor":28.0,"key":"Bag of Marbles"},{"floor":28.0,"key":"Dream Catcher"}],"event_choices":[{"damage_healed":0.0,"max_hp_gain":0.0,"max_hp_loss":0.0,"gold_gain":0.0,"cards_transformed":["Strike_G"],"event_name":"Living Wall","player_choice":"Change","floor":2.0,"gold_loss":0.0,"damage_taken":0.0,"cards_obtained":["Dagger Throw"]},{"damage_healed":0.0,"max_hp_gain":0.0,"max_hp_loss":0.0,"gold_gain":0.0,"event_name":"Scrap Ooze","player_choice":"Success","floor":4.0,"gold_loss":0.0,"damage_taken":5.0,"relics_obtained":["Question Card"]},{"damage_healed":0.0,"max_hp_gain":0.0,"max_hp_loss":0.0,"gold_gain":200.0,"event_name":"Wheel of Change","player_choice":"Gold","floor":20.0,"gold_loss":0.0,"damage_taken":0.0},{"damage_healed":0.0,"max_hp_gain":0.0,"max_hp_loss":0.0,"gold_gain":0.0,"cards_transformed":["Strike_G","Strike_G"],"event_name":"Drug Dealer","player_choice":"Became Test Subject","floor":27.0,"gold_loss":0.0,"damage_taken":0.0,"cards_obtained":["Expertise","Infinite Blades"]},{"damage_healed":0.0,"max_hp_gain":0.0,"max_hp_loss":0.0,"gold_gain":0.0,"event_name":"Colosseum","player_choice":"Fight","floor":29.0,"gold_loss":0.0,"damage_taken":0.0},{"damage_healed":0.0,"max_hp_gain":0.0,"max_hp_loss":0.0,"gold_gain":0.0,"event_name":"Colosseum","player_choice":"Fought Nobs","floor":29.0,"gold_loss":0.0,"damage_taken":0.0},{"damage_healed":15,"gold_gain":0,"player_choice":"Heal","damage_taken":0,"max_hp_gain":0,"max_hp_loss":0,"event_name":"The Library","floor":31,"gold_loss":0}],"is_beta":false,"boss_relics":[{"not_picked":["Calling Bell","Ectoplasm"],"picked":"Black Star"}],"items_purged_floors":[29],"is_endless":false,"potions_floor_spawned":[5,11,14,22,24,29],"killed_by":"Champ","ascension_level":16}