{"gold_per_floor":[111,126,51,51,71,98,111,111,111,111,142,161,161,179,179,255,255,271,35,50,50,50,50,69,69,95,128,128],"floor_reached":28,"playtime":852,"items_purged":["Strike_R","Strike_R"],"score":446,"play_id":"853bd7d9-ccd8-4a77-a052-746b06e5d4ca","local_time":"20190520020908","is_ascension_mode":true,"campfire_choices":[{"data":"Dramatic Entrance","floor":13,"key":"SMITH"},{"data":"Bash","floor":15,"key":"SMITH"},{"data":"Limit Break","floor":23,"key":"SMITH"},{"data":"Offering","floor":25,"key":"SMITH"}],"neow_cost":"PERCENT_DAMAGE","seed_source_timestamp":528709080926600,"circlet_count":0,"master_deck":["AscendersBane","Strike_R","Strike_R","Defend_R","Defend_R","Defend_R","Defend_R","Bash+1","Dramatic Entrance+1","Flash of Steel","Thunderclap","Power Through","Anger","Spot Weakness+1","Pommel Strike","Power Through","Headbutt","Flex","Limit Break+1","Second Wind","Clash","Offering+1","True Grit+1","Seeing Red","Headbutt"],"relics":["Burning Blood","Omamori","Pantograph","Dream Catcher","Ornamental Fan","Eternal Feather","Happy Flower","Juzu Bracelet","Red Skull"],"potions_floor_usage":[6,11,12,18,27],"damage_taken":[{"damage":6,"enemies":"2 Louse","floor":1,"turns":2},{"damage":14,"enemies":"Jaw Worm","floor":2,"turns":4},{"damage":0,"enemies":"Cultist","floor":5,"turns":2},{"damage":15,"enemies":"3 Sentries","floor":6,"turns":7},{"damage":0,"enemies":"3 Louse","floor":7,"turns":2},{"damage":10,"enemies":"Gremlin Nob","floor":11,"turns":3},{"damage":2,"enemies":"Looter","floor":12,"turns":3},{"damage":0,"enemies":"Gremlin Gang","floor":14,"turns":2},{"damage":37,"enemies":"Hexaghost","floor":16,"turns":9},{"damage":14,"enemies":"Spheric Guardian","floor":18,"turns":4},{"damage":23,"enemies":"Shell Parasite","floor":20,"turns":4},{"damage":12,"enemies":"Cultist and Chosen","floor":24,"turns":4},{"damage":42,"enemies":"Book of Stabbing","floor":27,"turns":5},{"damage":20,"enemies":"Shelled Parasite and Fungi","floor":28,"turns":4}],"seed_played":"455019512067689362","potions_obtained":[{"floor":2,"key":"EssenceOfSteel"},{"floor":5,"key":"Poison Potion"},{"floor":6,"key":"EssenceOfSteel"},{"floor":16,"key":"Poison Potion"},{"floor":20,"key":"Strength Potion"}],"is_trial":false,"path_per_floor":["M","M","$","?","M","E","M","?","T","?","E","M","R","M","R","B",null,"M","$","M","$","?","R","M","R","T","E","M"],"character_chosen":"IRONCLAD","items_purchased":["Clash","Offering"],"campfire_rested":0,"item_purchase_floors":[19,19],"current_hp_per_floor":[50,42,42,35,41,32,38,27,27,27,23,27,27,33,33,27,63,55,55,38,38,38,50,44,56,56,20,0],"gold":128,"neow_bonus":"RANDOM_COLORLESS_2","is_prod":false,"is_daily":false,"chose_seed":false,"campfire_upgraded":4,"win_rate":0,"timestamp":1558310948,"path_taken":["M","M","$","?","M","E","M","?","T","?","E","?","R","M","R","BOSS","M","$","M","$","?","R","M","R","T","E","M"],"build_version":"2019-01-23","purchased_purges":2,"victory":false,"max_hp_per_floor":[75,75,75,75,75,75,75,75,75,75,75,75,75,75,75,75,75,75,75,75,75,75,75,75,75,75,75,75],"card_choices":[{"not_picked":["Sword Boomerang","Carnage"],"picked":"Thunderclap","floor":1},{"not_picked":["Rampage","Dropkick"],"picked":"Power Through","floor":2},{"not_picked":["Bloodletting","Cleave"],"picked":"Anger","floor":5},{"not_picked":["Ghostly Armor","Double Tap"],"picked":"Spot Weakness","floor":6},{"not_picked":["Perfected Strike","Rupture"],"picked":"Pommel Strike","floor":7},{"not_picked":["Dual Wield","Heavy Blade"],"picked":"Power Through","floor":11},{"not_picked":["Ghostly Armor","Twin Strike"],"picked":"Headbutt","floor":12},{"not_picked":["Perfected Strike","Body Slam"],"picked":"Flex","floor":14},{"not_picked":["Dark Embrace","Bludgeon"],"picked":"Limit Break","floor":16},{"not_picked":["Cleave","Pommel Strike"],"picked":"Second Wind","floor":18},{"not_picked":["Clothesline","Iron Wave+1"],"picked":"True Grit+1","floor":20},{"not_picked":["True Grit","Carnage"],"picked":"Seeing Red","floor":24},{"not_picked":["Dropkick","Sentinel"],"picked":"Headbutt","floor":27}],"player_experience":1164134,"relics_obtained":[{"floor":6,"key":"Omamori"},{"floor":9,"key":"Dream Catcher"},{"floor":11,"key":"Ornamental Fan"},{"floor":26,"key":"Juzu Bracelet"},{"floor":27,"key":"Red Skull"}],"event_choices":[{"cards_removed":["Strike_R"],"damage_healed":0,"gold_gain":0,"player_choice":"Card Removal","damage_taken":7,"max_hp_gain":0,"max_hp_loss":0,"event_name":"Golden Wing","floor":4,"gold_loss":0},{"damage_healed":0,"gold_gain":0,"player_choice":"Success","damage_taken":11,"relics_obtained":["Pantograph"],"max_hp_gain":0,"max_hp_loss":0,"event_name":"Scrap Ooze","floor":8,"gold_loss":0},{"damage_healed":0,"gold_gain":0,"player_choice":"Upgraded","damage_taken":0,"max_hp_gain":0,"max_hp_loss":0,"event_name":"Upgrade Shrine","floor":10,"gold_loss":0,"cards_upgraded":["Spot Weakness"]},{"damage_healed":0,"gold_gain":0,"player_choice":"Stole Relic","damage_taken":0,"relics_obtained":["Happy Flower"],"max_hp_gain":0,"max_hp_loss":0,"event_name":"Addict","floor":22,"gold_loss":0,"cards_obtained":["Shame"]}],"is_beta":false,"boss_relics":[{"not_picked":["White Beast Statue","Fusion Hammer"],"picked":"Eternal Feather"}],"items_purged_floors":[3,19],"is_endless":false,"potions_floor_spawned":[2,5,6,16,20],"killed_by":"Shelled Parasite and Fungi","ascension_level":16}