{"gold_per_floor":[15,15,35,135,155,181,198,198,198,208,238,46,1,13,13,13],"floor_reached":16,"playtime":1017,"items_purged":[],"score":112,"play_id":"03084cef-fd08-43df-9bf4-482c3bbad470","local_time":"20190625205933","is_ascension_mode":false,"campfire_choices":[{"data":"Neutralize","floor":8,"key":"SMITH"},{"floor":15,"key":"REST"}],"neow_cost":"NO_GOLD","seed_source_timestamp":1141277795800353,"circlet_count":0,"master_deck":["Defend_G","Defend_G","Defend_G","Defend_G","Defend_G","Strike_G","Strike_G","Strike_G","Strike_G","Survivor","Neutralize+1","Slice","Backstab","Crippling Poison","Burst","Masterful Stab","Escape Plan","Footwork","Slice"],"relics":["Ring of the Snake","Gambling Chip","Lantern","Blue Candle","Thread and Needle","Medical Kit"],"potions_floor_usage":[6,6,10,10],"damage_taken":[{"damage":1,"enemies":"2 Louse","floor":1,"turns":3},{"damage":0,"enemies":"Cultist","floor":3,"turns":4},{"damage":3,"enemies":"Jaw Worm","floor":5,"turns":3},{"damage":11,"enemies":"Lagavulin","floor":6,"turns":8},{"damage":2,"enemies":"Looter","floor":7,"turns":3},{"damage":0,"enemies":"Gremlin Gang","floor":10,"turns":4},{"damage":34,"enemies":"3 Sentries","floor":11,"turns":20},{"damage":0,"enemies":"Exordium Wildlife","floor":14,"turns":3},{"damage":39,"enemies":"The Guardian","floor":16,"turns":20}],"seed_played":"-5394657174486110384","potions_obtained":[{"floor":3,"key":"Energy Potion"},{"floor":5,"key":"PowerPotion"},{"floor":6,"key":"Energy Potion"},{"floor":7,"key":"Swift Potion"}],"is_trial":false,"path_per_floor":["M","?","M","?","M","E","M","R","T","M","E","$","?","M","R","B"],"character_chosen":"THE_SILENT","items_purchased":["Medical Kit"],"campfire_rested":1,"item_purchase_floors":[12],"current_hp_per_floor":[69,62,62,62,59,48,46,46,46,46,12,12,12,12,33,0],"gold":13,"neow_bonus":"ONE_RARE_RELIC","is_prod":false,"is_daily":false,"chose_seed":false,"campfire_upgraded":1,"win_rate":0,"timestamp":1561510773,"path_taken":["M","?","M","?","?","E","M","R","T","M","E","$","?","M","R","BOSS"],"build_version":"2019-01-23","purchased_purges":0,"victory":false,"max_hp_per_floor":[70,70,70,70,70,70,70,70,70,70,70,70,70,70,70,70],"card_choices":[{"not_picked":["Dagger Throw","Blur"],"picked":"Slice","floor":1},{"not_picked":["Dash","Dagger Throw"],"picked":"Backstab","floor":3},{"not_picked":["Noxious Fumes","Acrobatics"],"picked":"Crippling Poison","floor":5},{"not_picked":["Deadly Poison","Dagger Spray"],"picked":"Burst","floor":6},{"not_picked":["Dagger Spray","Dodge and Roll"],"picked":"Masterful Stab","floor":7},{"not_picked":["Deflect","Sucker Punch"],"picked":"Escape Plan","floor":10},{"not_picked":["Blur","Dodge and Roll"],"picked":"Footwork","floor":11},{"not_picked":["Prepared","Eviscerate"],"picked":"Slice","floor":14}],"player_experience":249221,"relics_obtained":[{"floor":6,"key":"Lantern"},{"floor":9,"key":"Blue Candle"},{"floor":11,"key":"Thread and Needle"}],"event_choices":[{"cards_removed":["Strike_G"],"damage_healed":0,"gold_gain":0,"player_choice":"Card Removal","damage_taken":7,"max_hp_gain":0,"max_hp_loss":0,"event_name":"Golden Wing","floor":2,"gold_loss":0},{"damage_healed":0,"gold_gain":100,"player_choice":"Pray","damage_taken":0,"max_hp_gain":0,"max_hp_loss":0,"event_name":"Golden Shrine","floor":4,"gold_loss":0},{"damage_healed":0,"gold_gain":0,"player_choice":"Left Gold","damage_taken":0,"max_hp_gain":0,"max_hp_loss":0,"event_name":"World of Goop","floor":13,"gold_loss":45}],"is_beta":false,"boss_relics":[],"items_purged_floors":[],"is_endless":false,"potions_floor_spawned":[3,5,6,7],"killed_by":"The Guardian","ascension_level":0}