{"gold_per_floor":[112,112,287,2,23,56,80,80,80,116,116,4,39,63,63,63],"floor_reached":16,"playtime":679,"items_purged":["Doubt","Strike_G"],"score":277,"play_id":"b29a97d4-8864-43e4-bb82-45f8a8c588de","local_time":"20190306222942","is_ascension_mode":true,"campfire_choices":[{"data":"Injury","floor":8,"key":"PURGE"},{"data":"Strike_G","floor":15,"key":"PURGE"}],"neow_cost":"NONE","seed_source_timestamp":63167536023100,"circlet_count":0,"master_deck":["AscendersBane","Defend_G","Defend_G","Defend_G","Defend_G","Defend_G","Strike_G","Strike_G","Strike_G","Survivor","Neutralize","Backstab","Flash of Steel","Backstab","Backstab","Backflip","Caltrops","Night Terror","Caltrops","After Image","Acrobatics"],"relics":["Ring of the Snake","NeowsBlessing","Golden Idol","Peace Pipe","The Courier","Blood Vial","Centennial Puzzle"],"potions_floor_usage":[10,13,16,16],"damage_taken":[{"damage":0,"enemies":"2 Louse","floor":1,"turns":1},{"damage":0,"enemies":"Small Slimes","floor":5,"turns":1},{"damage":0,"enemies":"Gremlin Nob","floor":6,"turns":1},{"damage":0,"enemies":"Cultist","floor":7,"turns":2},{"damage":7,"enemies":"3 Sentries","floor":10,"turns":10},{"damage":0,"enemies":"Lagavulin","floor":13,"turns":7},{"damage":22,"enemies":"Large Slime","floor":14,"turns":7},{"damage":43,"enemies":"The Guardian","floor":16,"turns":13}],"seed_played":"-6355877877754303611","potions_obtained":[{"floor":1,"key":"Poison Potion"},{"floor":11,"key":"Explosive Potion"},{"floor":14,"key":"Weak Potion"}],"is_trial":false,"path_per_floor":["M","?","?","$","M","E","M","R","T","E","?","$","E","M","R","B"],"character_chosen":"THE_SILENT","items_purchased":["PowerPotion","Flash of Steel","Backstab","Caltrops"],"campfire_rested":0,"item_purchase_floors":[4,4,4,12],"current_hp_per_floor":[63,63,63,63,63,63,63,63,63,56,56,56,58,38,38,0],"gold":63,"neow_bonus":"THREE_ENEMY_KILL","is_prod":false,"is_daily":false,"chose_seed":false,"campfire_upgraded":0,"win_rate":0,"timestamp":1551907782,"path_taken":["M","?","?","$","M","E","M","R","T","E","?","$","E","M","R","BOSS"],"build_version":"2019-01-23","purchased_purges":2,"victory":false,"max_hp_per_floor":[70,70,70,70,70,70,70,70,70,70,70,70,70,70,70,70],"card_choices":[{"not_picked":["Dodge and Roll","Sucker Punch"],"picked":"Backstab","floor":1},{"not_picked":["Outmaneuver","Cloak And Dagger"],"picked":"Backstab","floor":5},{"not_picked":["Slice","Deadly Poison"],"picked":"Backflip","floor":6},{"not_picked":["Noxious Fumes","Flying Knee"],"picked":"Caltrops","floor":7},{"not_picked":["Noxious Fumes","Underhanded Strike"],"picked":"Night Terror","floor":10},{"not_picked":["Poisoned Stab","Infinite Blades"],"picked":"After Image","floor":13},{"not_picked":["Poisoned Stab","Outmaneuver"],"picked":"Acrobatics","floor":14}],"player_experience":955920,"relics_obtained":[{"floor":6,"key":"Peace Pipe"},{"floor":9,"key":"The Courier"},{"floor":10,"key":"Blood Vial"},{"floor":13,"key":"Centennial Puzzle"}],"event_choices":[{"damage_healed":0,"gold_gain":0,"player_choice":"Take Wound","damage_taken":0,"relics_obtained":["Golden Idol"],"max_hp_gain":0,"max_hp_loss":0,"event_name":"Golden Idol","floor":2,"gold_loss":0,"cards_obtained":["Injury"]},{"damage_healed":0,"gold_gain":175,"player_choice":"AGREE","damage_taken":0,"max_hp_gain":0,"max_hp_loss":0,"event_name":"Liars Game","floor":3,"gold_loss":0,"cards_obtained":["Doubt"]},{"damage_healed":0,"gold_gain":0,"player_choice":"Got Potions","damage_taken":0,"max_hp_gain":0,"max_hp_loss":0,"event_name":"Lab","floor":11,"gold_loss":0}],"is_beta":false,"boss_relics":[],"items_purged_floors":[4,12],"is_endless":false,"potions_floor_spawned":[1,6,7,14],"killed_by":"The Guardian","ascension_level":13}