{"gold_per_floor":[114,131,151,131,142,142,175,175,199,211,225,225,238,262,262,336,336,351,351,370,387,43,43,43],"floor_reached":24,"playtime":1201,"items_purged":["Strike_R"],"score":370,"play_id":"78a43912-b464-4d9d-bbe1-5b8ca4cca17e","local_time":"20190719002033","is_ascension_mode":true,"campfire_choices":[{"data":"True Grit","floor":6,"key":"SMITH"},{"data":"Bash","floor":8,"key":"SMITH"},{"data":"Armaments","floor":12,"key":"SMITH"},{"data":"Feel No Pain","floor":15,"key":"SMITH"},{"data":"Discovery","floor":23,"key":"SMITH"}],"neow_cost":"PERCENT_DAMAGE","seed_source_timestamp":530863611143799,"circlet_count":0,"master_deck":["AscendersBane","Strike_R","Strike_R","Strike_R","Strike_R","Defend_R+1","Defend_R+1","Defend_R","Defend_R","Bash+1","Headbutt","Shrug It Off","Uppercut","True Grit+1","Feel No Pain+1","Armaments+1","True Grit","Ghostly Armor","Fiend Fire","Sever Soul","Feel No Pain","Iron Wave+1","Discovery+1"],"relics":["Burning Blood","Thread and Needle","War Paint","Blood Vial","Odd Mushroom","Mark of Pain","Dream Catcher","Vajra"],"potions_floor_usage":[3,10,14,14,24,24],"damage_taken":[{"damage":0,"enemies":"2 Louse","floor":1,"turns":3},{"damage":0,"enemies":"Cultist","floor":2,"turns":3},{"damage":3,"enemies":"Jaw Worm","floor":3,"turns":3},{"damage":5,"enemies":"Blue Slaver","floor":5,"turns":4},{"damage":25,"enemies":"Gremlin Nob","floor":7,"turns":5},{"damage":3,"enemies":"Red Slaver","floor":10,"turns":6},{"damage":0,"enemies":"Looter","floor":11,"turns":3},{"damage":0,"enemies":"Blue Slaver","floor":13,"turns":5},{"damage":3,"enemies":"The Mushroom Lair","floor":14,"turns":3},{"damage":48,"enemies":"Hexaghost","floor":16,"turns":15},{"damage":11,"enemies":"Shell Parasite","floor":18,"turns":11},{"damage":27,"enemies":"3 Byrds","floor":20,"turns":9},{"damage":24,"enemies":"Snake Plant","floor":21,"turns":7},{"damage":37,"enemies":"Gremlin Leader","floor":24,"turns":7}],"seed_played":"-4477270330517030439","potions_obtained":[{"floor":2,"key":"SteroidPotion"},{"floor":3,"key":"Fire Potion"},{"floor":4,"key":"Ancient Potion"},{"floor":7,"key":"Weak Potion"},{"floor":10,"key":"SteroidPotion"},{"floor":20,"key":"Dexterity Potion"},{"floor":21,"key":"Explosive Potion"}],"is_trial":false,"path_per_floor":["M","M","M","?","M","R","E","R","T","M","M","R","M","?","R","B",null,"M","?","M","M","$","R","E"],"character_chosen":"IRONCLAD","items_purchased":["Vajra","Discovery"],"campfire_rested":0,"item_purchase_floors":[22,22],"current_hp_per_floor":[56,62,65,65,66,66,47,47,47,52,60,60,68,73,73,33,65,62,62,43,27,27,27,0],"gold":43,"neow_bonus":"ONE_RARE_RELIC","is_prod":false,"is_daily":false,"chose_seed":false,"campfire_upgraded":5,"win_rate":0,"timestamp":1563488433,"path_taken":["M","M","M","?","M","R","E","R","T","M","M","R","?","?","R","BOSS","M","?","M","?","$","R","E"],"build_version":"2019-07-17","purchased_purges":1,"victory":false,"max_hp_per_floor":[75,75,75,75,75,75,75,75,75,75,75,75,75,75,75,75,75,75,75,75,75,75,75,75],"card_choices":[{"not_picked":["Infernal Blade","Combust"],"picked":"Headbutt","floor":1},{"not_picked":["Clash","Sentinel"],"picked":"Shrug It Off","floor":2},{"not_picked":["Flex","Havoc"],"picked":"Uppercut","floor":3},{"not_picked":["Shrug It Off","Evolve"],"picked":"True Grit","floor":5},{"not_picked":["Sword Boomerang","Exhume"],"picked":"Feel No Pain","floor":7},{"not_picked":["Combust","Cleave","Shrug It Off"],"picked":"SKIP","floor":10},{"not_picked":["Seeing Red","Sword Boomerang"],"picked":"Armaments","floor":11},{"not_picked":["Havoc","Wild Strike"],"picked":"True Grit","floor":13},{"not_picked":["Havoc","Intimidate"],"picked":"Ghostly Armor","floor":14},{"not_picked":["Offering","Barricade"],"picked":"Fiend Fire","floor":16},{"not_picked":["Shrug It Off","Twin Strike"],"picked":"Sever Soul","floor":18},{"not_picked":["Sentinel","Perfected Strike"],"picked":"Feel No Pain","floor":20},{"not_picked":["Sentinel","Limit Break"],"picked":"Iron Wave+1","floor":21}],"player_experience":1684735,"relics_obtained":[{"floor":7,"key":"War Paint"},{"floor":9,"key":"Blood Vial"},{"floor":14,"key":"Odd Mushroom"},{"floor":19,"key":"Dream Catcher"}],"event_choices":[{"damage_healed":0,"gold_gain":0,"player_choice":"Bought 1 Potion","damage_taken":0,"max_hp_gain":0,"max_hp_loss":0,"event_name":"The Woman in Blue","floor":4,"gold_loss":0},{"damage_healed":0,"gold_gain":0,"player_choice":"Fought Mushrooms","damage_taken":0,"max_hp_gain":0,"max_hp_loss":0,"event_name":"Mushrooms","floor":14,"gold_loss":0},{"damage_healed":0,"gold_gain":0,"player_choice":"Relic","damage_taken":0,"max_hp_gain":0,"max_hp_loss":0,"event_name":"Wheel of Change","floor":19,"gold_loss":0}],"is_beta":false,"boss_relics":[{"not_picked":["White Beast Statue","Fusion Hammer"],"picked":"Mark of Pain"}],"items_purged_floors":[22],"is_endless":false,"potions_floor_spawned":[2,3,7,10,20,21],"killed_by":"Gremlin Leader","ascension_level":17}