{"gold_per_floor":[17,17,17,17,17,55,55,75,75,88,102,102,377,398,398,488,488,501,519,519],"floor_reached":20,"playtime":1138,"items_purged":[],"score":305,"play_id":"a8228652-dd37-4cc9-be45-085b66572d41","local_time":"20190430153412","is_ascension_mode":true,"campfire_choices":[{"data":"Searing Blow","floor":7.0,"key":"SMITH"},{"data":"Searing Blow+1","floor":12.0,"key":"SMITH"},{"data":"Searing Blow+2","floor":15.0,"key":"SMITH"}],"neow_cost":"NO_GOLD","seed_source_timestamp":0,"circlet_count":0,"master_deck":["AscendersBane","Strike_R","Strike_R","Strike_R","Defend_R","Defend_R","Defend_R","Defend_R","Bash","Clothesline","Searing Blow+3","Battle Trance","Shockwave","Iron Wave","Limit Break","Burning Pact","Second Wind"],"special_seed":0,"relics":["Burning Blood","Omamori","Golden Idol","Ornamental Fan","Dead Branch","Mark of Pain"],"potions_floor_usage":[20],"damage_taken":[{"damage":6.0,"enemies":"Small Slimes","floor":1.0,"turns":4.0},{"damage":42.0,"enemies":"Lagavulin","floor":6.0,"turns":9.0},{"damage":3.0,"enemies":"2 Louse","floor":8.0,"turns":4.0},{"damage":1.0,"enemies":"Cultist","floor":10.0,"turns":3.0},{"damage":11.0,"enemies":"Blue Slaver","floor":11.0,"turns":3.0},{"damage":0.0,"enemies":"2 Fungi Beasts","floor":14.0,"turns":4.0},{"damage":55.0,"enemies":"Hexaghost","floor":16.0,"turns":11.0},{"damage":16,"enemies":"Chosen","floor":18,"turns":7},{"damage":21,"enemies":"Spheric Guardian","floor":19,"turns":4},{"damage":39,"enemies":"Masked Bandits","floor":20,"turns":3}],"seed_played":"627148487985970549","potions_obtained":[{"floor":1.0,"key":"Regen Potion"},{"floor":6.0,"key":"Block Potion"},{"floor":10.0,"key":"Explosive Potion"},{"floor":14.0,"key":"BloodPotion"},{"floor":19,"key":"SkillPotion"}],"is_trial":false,"path_per_floor":["M","?","?","$","?","E","R","M","T","M","M","R","?","M","R","B",null,"M","M","?"],"character_chosen":"IRONCLAD","items_purchased":[],"campfire_rested":0,"item_purchase_floors":[],"current_hp_per_floor":[68,63,68,68,68,47,47,50,50,55,50,50,50,56,56,15,64,54,39,0],"gold":519,"neow_bonus":"REMOVE_TWO","is_prod":false,"is_daily":false,"chose_seed":false,"campfire_upgraded":3,"win_rate":0,"timestamp":1556631252,"path_taken":["M","?","?","$","?","E","R","M","T","M","M","R","?","?","R","BOSS","M","M","?"],"build_version":"2019-01-23","purchased_purges":0,"victory":false,"max_hp_per_floor":[75,75,80,80,80,80,80,80,80,80,80,80,80,80,80,80,80,80,80,80],"card_choices":[{"not_picked":["Disarm","Body Slam"],"picked":"Clothesline","floor":1.0},{"not_picked":["Brutality","Twin Strike"],"picked":"Searing Blow","floor":6.0},{"not_picked":["Clothesline","Warcry"],"picked":"Battle Trance","floor":8.0},{"not_picked":["Perfected Strike","Dual Wield","Clothesline"],"picked":"SKIP","floor":10.0},{"not_picked":["Twin Strike","Iron Wave"],"picked":"Shockwave","floor":11.0},{"not_picked":["Intimidate","Cleave"],"picked":"Iron Wave","floor":14.0},{"not_picked":["Reaper","Exhume"],"picked":"Limit Break","floor":16.0},{"not_picked":["Second Wind","Clash"],"picked":"Burning Pact","floor":18},{"not_picked":["Metallicize+1","Thunderclap"],"picked":"Second Wind","floor":19}],"player_experience":1069946,"relics_obtained":[{"floor":6.0,"key":"Ornamental Fan"},{"floor":9.0,"key":"Dead Branch"}],"event_choices":[{"damage_healed":0.0,"max_hp_gain":0.0,"max_hp_loss":0.0,"gold_gain":0.0,"event_name":"Scrap Ooze","player_choice":"Success","floor":2.0,"gold_loss":0.0,"damage_taken":5.0,"relics_obtained":["Omamori"]},{"damage_healed":0.0,"max_hp_gain":5.0,"max_hp_loss":0.0,"gold_gain":0.0,"event_name":"Big Fish","player_choice":"Donut","floor":3.0,"gold_loss":0.0,"damage_taken":0.0},{"damage_healed":0.0,"max_hp_gain":0.0,"max_hp_loss":0.0,"gold_gain":0.0,"event_name":"Golden Idol","player_choice":"Take Wound","floor":5.0,"gold_loss":0.0,"damage_taken":0.0,"relics_obtained":["Golden Idol"],"cards_obtained":["Injury"]},{"damage_healed":0.0,"max_hp_gain":0.0,"max_hp_loss":0.0,"gold_gain":275.0,"event_name":"Golden Shrine","player_choice":"Desecrate","floor":13.0,"gold_loss":0.0,"damage_taken":0.0,"cards_obtained":["Regret"]},{"damage_healed":0,"gold_gain":0,"player_choice":"Fought Bandits","damage_taken":0,"max_hp_gain":0,"max_hp_loss":0,"event_name":"Masked Bandits","floor":20,"gold_loss":0}],"is_beta":false,"boss_relics":[{"not_picked":["Ectoplasm","Black Star"],"picked":"Mark of Pain"}],"items_purged_floors":[],"is_endless":false,"potions_floor_spawned":[1,6,10,14,19],"killed_by":"Masked Bandits","ascension_level":15}