{"gold_per_floor":[118,133,133,133,133,164,314,314,396,424,424,424,443,463,463,539,539,549,286,256,256,256],"floor_reached":22,"playtime":831,"items_purged":["Doubt"],"score":412,"play_id":"21ef84b2-6877-495b-8e55-fa95db8ba28f","local_time":"20190918233945","is_ascension_mode":true,"campfire_choices":[{"data":"Zap","floor":8,"key":"SMITH"},{"data":"Gash","floor":12,"key":"SMITH"},{"floor":15,"key":"REST"}],"neow_cost":"NONE","seed_source_timestamp":12631140670600,"circlet_count":0,"master_deck":["AscendersBane","Strike_B+1","Strike_B+1","Strike_B+1","Defend_B+1","Defend_B+1","Defend_B+1","Defend_B+1","Zap+1","Dualcast","Beam Cell","Gash+1","Coolheaded","Self Repair","Fusion","Melter","Biased Cognition","Capacitor","Ball Lightning","Cold Snap","Barrage","Genetic Algorithm+1","Conserve Battery","Flash of Steel","Rip and Tear"],"relics":["Cracked Core","NeowsBlessing","Thread and Needle","Shuriken","Centennial Puzzle","Pear","Orrery"],"potions_floor_usage":[16,22],"damage_taken":[{"damage":0,"enemies":"Jaw Worm","floor":1,"turns":1},{"damage":0,"enemies":"Small Slimes","floor":2,"turns":1},{"damage":0,"enemies":"Lagavulin","floor":6,"turns":1},{"damage":41,"enemies":"Gremlin Nob","floor":10,"turns":5},{"damage":0,"enemies":"2 Louse","floor":13,"turns":4},{"damage":8,"enemies":"2 Fungi Beasts","floor":14,"turns":3},{"damage":28,"enemies":"The Guardian","floor":16,"turns":13},{"damage":30,"enemies":"Chosen","floor":18,"turns":6},{"damage":24,"enemies":"2 Thieves","floor":20,"turns":5},{"damage":32,"enemies":"Masked Bandits","floor":22,"turns":3}],"seed_played":"-868903041648746627","potions_obtained":[{"floor":13,"key":"Strength Potion"}],"is_trial":false,"path_per_floor":["M","M","$","?","$","E","?","R","T","E","T","R","M","M","R","B",null,"M","$","M","?","?"],"character_chosen":"DEFECT","items_purchased":["Conserve Battery","Strength Potion","Flash of Steel"],"campfire_rested":1,"item_purchase_floors":[19,19,19],"current_hp_per_floor":[64,64,64,57,57,57,57,57,57,16,26,26,33,32,56,35,70,47,47,30,30,0],"gold":256,"neow_bonus":"THREE_ENEMY_KILL","is_prod":false,"is_daily":false,"chose_seed":false,"campfire_upgraded":2,"win_rate":0,"timestamp":1568842785,"path_taken":["M","M","$","?","$","E","?","R","T","E","?","R","?","M","R","BOSS","M","$","M","?","?"],"build_version":"2019-07-17","purchased_purges":1,"victory":false,"max_hp_per_floor":[71,71,71,71,71,71,71,71,71,71,81,81,81,81,81,81,81,81,81,81,81,81],"card_choices":[{"not_picked":["Blizzard","Tempest"],"picked":"Beam Cell","floor":1},{"not_picked":["Capacitor","Static Discharge"],"picked":"Gash","floor":2},{"not_picked":["Reprogram","Storm"],"picked":"Coolheaded","floor":6},{"not_picked":["Hologram","Streamline"],"picked":"Self Repair","floor":10},{"not_picked":["Coolheaded","All For One"],"picked":"Fusion","floor":13},{"not_picked":["Stack","Skim"],"picked":"Melter","floor":14},{"not_picked":["Core Surge","Fission"],"picked":"Biased Cognition","floor":16},{"not_picked":["Coolheaded","Blizzard"],"picked":"Capacitor","floor":17},{"not_picked":["Hello World","Rebound"],"picked":"Ball Lightning","floor":17},{"not_picked":["Hyperbeam","Beam Cell"],"picked":"Cold Snap","floor":17},{"not_picked":["Coolheaded","Rebound"],"picked":"Barrage","floor":17},{"not_picked":["Turbo","Compile Driver"],"picked":"Genetic Algorithm+1","floor":18},{"not_picked":["Ball Lightning","Beam Cell"],"picked":"Rip and Tear","floor":20}],"player_experience":1991944,"relics_obtained":[{"floor":6,"key":"Thread and Needle"},{"floor":9,"key":"Shuriken"},{"floor":10,"key":"Centennial Puzzle"},{"floor":11,"key":"Pear"}],"event_choices":[{"cards_removed":["Strike_B"],"damage_healed":0,"gold_gain":0,"player_choice":"Card Removal","damage_taken":7,"max_hp_gain":0,"max_hp_loss":0,"event_name":"Golden Wing","floor":4,"gold_loss":0},{"damage_healed":0,"gold_gain":150,"player_choice":"AGREE","damage_taken":0,"max_hp_gain":0,"max_hp_loss":0,"event_name":"Liars Game","floor":7,"gold_loss":0,"cards_obtained":["Doubt"]},{"damage_healed":0,"gold_gain":0,"player_choice":"Simplicity","damage_taken":0,"max_hp_gain":0,"max_hp_loss":0,"event_name":"Back to Basics","floor":21,"gold_loss":0,"cards_upgraded":["Strike_B","Strike_B","Strike_B","Defend_B","Defend_B","Defend_B","Defend_B"]},{"damage_healed":0,"gold_gain":0,"player_choice":"Fought Bandits","damage_taken":0,"max_hp_gain":0,"max_hp_loss":0,"event_name":"Masked Bandits","floor":22,"gold_loss":0}],"is_beta":false,"boss_relics":[{"not_picked":["Tiny House","Runic Dome"],"picked":"Orrery"}],"items_purged_floors":[19],"is_endless":false,"potions_floor_spawned":[13],"killed_by":"Masked Bandits","ascension_level":18}