{"gold_per_floor":[109,129,129,140,159,159,177,193,245,264,439,450,450,450,450,450],"floor_reached":16,"playtime":792,"items_purged":[],"score":139,"play_id":"b19e2314-a023-4802-9f8c-6f08f940ec1e","local_time":"20180905211407","is_ascension_mode":true,"campfire_choices":[{"floor":6,"key":"REST"},{"data":"Defragment","floor":13,"key":"SMITH"},{"data":"Capacitor","floor":15,"key":"SMITH"}],"neow_cost":"TEN_PERCENT_HP_LOSS","seed_source_timestamp":1592334050503065,"circlet_count":0,"master_deck":["Strike_B","Strike_B","Strike_B","Strike_B","Defend_B","Defend_B","Defend_B","Defend_B","Zap","Dualcast","Go for the Eyes","Defragment+1","Coolheaded","Rebound","FTL","Streamline","Doubt","Capacitor+1"],"relics":["Cracked Core","Nunchaku","Turnip","Bag of Marbles"],"potions_floor_usage":[16],"damage_taken":[{"damage":8,"enemies":"Jaw Worm","floor":1,"turns":4},{"damage":0,"enemies":"2 Louse","floor":2,"turns":2},{"damage":0,"enemies":"Cultist","floor":4,"turns":3},{"damage":10,"enemies":"Gremlin Gang","floor":5,"turns":5},{"damage":0,"enemies":"Large Slime","floor":7,"turns":6},{"damage":0,"enemies":"Exordium Wildlife","floor":8,"turns":2},{"damage":3,"enemies":"Looter","floor":10,"turns":2},{"damage":7,"enemies":"2 Fungi Beasts","floor":12,"turns":3},{"damage":48,"enemies":"The Guardian","floor":16,"turns":11}],"seed_played":"-7495573723074404242","potions_obtained":[{"floor":2,"key":"SteroidPotion"},{"floor":7,"key":"Ancient Potion"},{"floor":8,"key":"Poison Potion"},{"floor":10,"key":"AttackPotion"}],"is_trial":false,"path_per_floor":["M","M","?","M","M","R","M","M","T","M","?","M","R","?","R"],"character_chosen":"DEFECT","items_purchased":[],"campfire_rested":1,"item_purchase_floors":[],"current_hp_per_floor":[60,60,48,48,38,58,58,58,58,55,55,48,48,48,48,0],"gold":450,"neow_bonus":"ONE_RARE_RELIC","is_prod":false,"is_daily":false,"chose_seed":false,"campfire_upgraded":2,"win_rate":0,"timestamp":1536178447,"path_taken":["M","M","?","M","M","R","?","M","T","M","?","M","R","?","R","BOSS"],"build_version":"2018-08-30","purchased_purges":0,"victory":false,"max_hp_per_floor":[68,68,68,68,68,68,68,68,68,68,68,68,68,68,68,68],"card_choices":[{"not_picked":["Hello World","Reprogram"],"picked":"Go for the Eyes","floor":1},{"not_picked":["Go for the Eyes","FTL"],"picked":"Defragment","floor":2},{"not_picked":["Fusion","Undo"],"picked":"Coolheaded","floor":4},{"not_picked":["Compile Driver","Cold Snap"],"picked":"Rebound","floor":5},{"not_picked":["Hologram","Fusion"],"picked":"FTL","floor":7},{"not_picked":["Cold Snap","Compile Driver"],"picked":"Streamline","floor":8},{"not_picked":["Thunder Strike","Go for the Eyes","Coolheaded"],"picked":"SKIP","floor":10},{"not_picked":["Doom and Gloom","Gash"],"picked":"Capacitor","floor":12}],"player_experience":640666,"relics_obtained":[{"floor":9,"key":"Bag of Marbles"}],"event_choices":[{"event_name":"Scrap Ooze","player_choice":"success","floor":3,"damage_taken":12},{"event_name":"Liars Game","player_choice":"agreed","floor":11,"damage_taken":0},{"event_name":"Golden Idol","player_choice":"Ignored","floor":14,"damage_taken":0}],"is_beta":false,"boss_relics":[],"items_purged_floors":[],"is_endless":false,"potions_floor_spawned":[2,7,8,10],"killed_by":"The Guardian","ascension_level":9}