{"gold_per_floor":[110,110,110,12,12,42,56,69,139,158,192,203,203,168,168,243,243,260,274,27,41,41,41],"floor_reached":23,"playtime":924,"items_purged":["Strike_B"],"score":452,"play_id":"81a3b8b3-c286-4835-a0c7-ece5e56fc6d6","local_time":"20190921100412","is_ascension_mode":true,"campfire_choices":[{"data":"Static Discharge","floor":13,"key":"SMITH"},{"data":"Discovery","floor":15,"key":"SMITH"}],"neow_cost":"NONE","seed_source_timestamp":718540904852300,"circlet_count":0,"master_deck":["AscendersBane","Strike_B","Defend_B","Defend_B+1","Defend_B+1","Defend_B","Zap","Dualcast","Beam Cell","Discovery+1","Ball Lightning","Cold Snap","Static Discharge+1","Leap","Hologram","Echo Form","Barrage","Defragment","Consume"],"relics":["Cracked Core","NeowsBlessing","Anchor","Dodecahedron","Emotion Chip","Inserter"],"potions_floor_usage":[],"damage_taken":[{"damage":0,"enemies":"Small Slimes","floor":1,"turns":1},{"damage":0,"enemies":"3 Sentries","floor":6,"turns":1},{"damage":0,"enemies":"2 Louse","floor":7,"turns":1},{"damage":0,"enemies":"Cultist","floor":8,"turns":3},{"damage":3,"enemies":"Blue Slaver","floor":10,"turns":3},{"damage":8,"enemies":"Lagavulin","floor":11,"turns":6},{"damage":1,"enemies":"Red Slaver","floor":12,"turns":3},{"damage":8,"enemies":"The Guardian","floor":16,"turns":7},{"damage":17,"enemies":"Chosen","floor":18,"turns":6},{"damage":11,"enemies":"Spheric Guardian","floor":19,"turns":3},{"damage":12,"enemies":"Centurion and Healer","floor":21,"turns":7},{"damage":24,"enemies":"Slavers","floor":23,"turns":1}],"seed_played":"5043419148916383761","potions_obtained":[{"floor":11,"key":"SmokeBomb"},{"floor":12,"key":"Ancient Potion"},{"floor":21,"key":"Explosive Potion"}],"is_trial":false,"path_per_floor":["M","?","?","$","?","E","M","M","T","M","E","M","R","?","R","B",null,"M","M","$","M","$","E"],"character_chosen":"DEFECT","items_purchased":["Discovery","Defragment","Consume"],"campfire_rested":0,"item_purchase_floors":[4,20,20],"current_hp_per_floor":[64,57,36,36,36,36,36,36,36,33,25,24,24,41,41,33,62,45,34,34,22,22,0],"gold":41,"neow_bonus":"THREE_ENEMY_KILL","is_prod":false,"is_daily":false,"chose_seed":false,"campfire_upgraded":2,"win_rate":0,"timestamp":1569056652,"path_taken":["M","?","?","$","?","E","?","M","T","M","E","M","R","?","R","BOSS","M","M","$","M","$","E"],"build_version":"2019-07-17","purchased_purges":1,"victory":false,"max_hp_per_floor":[71,71,71,71,71,71,71,71,71,71,71,71,71,71,71,71,71,71,71,71,71,71,71],"card_choices":[{"not_picked":["Sweeping Beam","Leap"],"picked":"Beam Cell","floor":1},{"not_picked":["Beam Cell","Compile Driver"],"picked":"Ball Lightning","floor":6},{"not_picked":["Turbo","Undo"],"picked":"Cold Snap","floor":7},{"not_picked":["Compile Driver","Reinforced Body"],"picked":"Static Discharge","floor":8},{"not_picked":["Ball Lightning","Stack"],"picked":"Leap","floor":10},{"not_picked":["Ball Lightning","Reprogram","Compile Driver"],"picked":"SKIP","floor":11},{"not_picked":["Steam","Static Discharge"],"picked":"Hologram","floor":12},{"not_picked":["Buffer","Meteor Strike"],"picked":"Echo Form","floor":16},{"not_picked":["Sunder","Sweeping Beam","Ball Lightning"],"picked":"SKIP","floor":18},{"not_picked":["Sunder+1","Beam Cell"],"picked":"Barrage","floor":19},{"not_picked":["Auto Shields","Rip and Tear","Double Energy"],"picked":"SKIP","floor":21}],"player_experience":1205359,"relics_obtained":[{"floor":6,"key":"Anchor"},{"floor":9,"key":"Dodecahedron"},{"floor":11,"key":"Emotion Chip"}],"event_choices":[{"cards_removed":["Strike_B"],"damage_healed":0,"gold_gain":0,"player_choice":"Card Removal","damage_taken":7,"max_hp_gain":0,"max_hp_loss":0,"event_name":"Golden Wing","floor":2,"gold_loss":0},{"damage_healed":0,"gold_gain":0,"player_choice":"Entered Light","damage_taken":21,"max_hp_gain":0,"max_hp_loss":0,"event_name":"Shining Light","floor":3,"gold_loss":0,"cards_upgraded":["Defend_B","Defend_B"]},{"cards_removed":["Strike_B"],"damage_healed":0,"gold_gain":0,"player_choice":"Purged","damage_taken":0,"max_hp_gain":0,"max_hp_loss":0,"event_name":"Purifier","floor":5,"gold_loss":0},{"damage_healed":17,"gold_gain":0,"player_choice":"Healed","damage_taken":0,"max_hp_gain":0,"max_hp_loss":0,"event_name":"The Cleric","floor":14,"gold_loss":35}],"is_beta":false,"boss_relics":[{"not_picked":["Philosopher\u0027s Stone","Orrery"],"picked":"Inserter"}],"items_purged_floors":[20],"is_endless":false,"potions_floor_spawned":[11,12,21],"killed_by":"Slavers","ascension_level":20}