{"gold_per_floor":[10,20,39,59,76,76,108,124,124,148,178,178,194,212,212,285,285,304,314,314,331,17,17,34,34,58,58,69,0,0,12,12,89,89,106,120,220,220,274,274,274,274,274,274,288,307,582,16,16,16],"floor_reached":51,"playtime":2915,"items_purged":["Corpse Explosion","Corpse Explosion"],"score":1180,"play_id":"c7abb6c9-2860-44b9-acee-2577ae80c887","local_time":"20190703214251","is_ascension_mode":true,"campfire_choices":[{"data":"Neutralize","floor":6,"key":"SMITH"},{"data":"Crippling Poison","floor":12,"key":"SMITH"},{"floor":15,"key":"REST"},{"data":"Bullet Time","floor":23,"key":"SMITH"},{"data":"Venomology","floor":25,"key":"SMITH"},{"data":"Wraith Form v2","floor":27,"key":"SMITH"},{"floor":30,"key":"REST"},{"floor":32,"key":"REST"},{"data":"Well Laid Plans","floor":40,"key":"SMITH"},{"data":"Footwork","floor":42,"key":"SMITH"},{"floor":44,"key":"DIG"},{"data":"Apotheosis","floor":49,"key":"SMITH"}],"neow_cost":"NO_GOLD","seed_source_timestamp":1371168534972200,"circlet_count":0,"master_deck":["AscendersBane","Survivor","Neutralize+1","Setup","PiercingWail","Flying Knee","Flechettes","Well Laid Plans+1","Dodge and Roll","Choke","Crippling Poison+1","Infinite Blades","Finisher","Finisher","Venomology+1","Corpse Explosion","Corpse Explosion","Dash","Bullet Time+1","Dagger Spray","Wraith Form v2+1","PiercingWail","Sucker Punch","Footwork+1","Backflip","Terror","Blade Dance","Malaise","Deadly Poison","Bouncing Flask","Jack Of All Trades","Secret Technique","Calculated Gamble+1","Blade Dance","Catalyst","Apotheosis+1"],"relics":["Ring of the Snake","Meat on the Bone","Shuriken","Omamori","Smiling Mask","Pandora\u0027s Box","Dodecahedron","Mercury Hourglass","Anchor","Runic Pyramid","FossilizedHelix","Shovel","Ornamental Fan","Sundial","Gambling Chip"],"potions_floor_usage":[4,7,7,11,14,14,16,19,21,21,31,33,33,33,37,39,39,39,50,50,50],"damage_taken":[{"damage":13,"enemies":"Cultist","floor":1,"turns":7},{"damage":0,"enemies":"2 Louse","floor":2,"turns":3},{"damage":0,"enemies":"Small Slimes","floor":3,"turns":4},{"damage":0,"enemies":"2 Fungi Beasts","floor":4,"turns":5},{"damage":0,"enemies":"Blue Slaver","floor":5,"turns":5},{"damage":17,"enemies":"Gremlin Nob","floor":7,"turns":5},{"damage":10,"enemies":"3 Louse","floor":8,"turns":4},{"damage":8,"enemies":"Lagavulin","floor":11,"turns":5},{"damage":2,"enemies":"2 Fungi Beasts","floor":13,"turns":3},{"damage":6,"enemies":"Large Slime","floor":14,"turns":6},{"damage":42,"enemies":"Slime Boss","floor":16,"turns":9},{"damage":31,"enemies":"3 Byrds","floor":18,"turns":3},{"damage":14,"enemies":"Chosen","floor":19,"turns":6},{"damage":4,"enemies":"Snake Plant","floor":21,"turns":5},{"damage":0,"enemies":"3 Cultists","floor":24,"turns":3},{"damage":31,"enemies":"Centurion and Healer","floor":28,"turns":7},{"damage":4,"enemies":"Snecko","floor":31,"turns":5},{"damage":17,"enemies":"Collector","floor":33,"turns":10},{"damage":18,"enemies":"Orb Walker","floor":35,"turns":5},{"damage":8,"enemies":"3 Shapes","floor":36,"turns":3},{"damage":0,"enemies":"Mind Bloom Boss Battle","floor":37,"turns":7},{"damage":11,"enemies":"2 Orb Walkers","floor":39,"turns":6},{"damage":12,"enemies":"Jaw Worm Horde","floor":45,"turns":2},{"damage":0,"enemies":"4 Shapes","floor":46,"turns":4},{"damage":35,"enemies":"Time Eater","floor":50,"turns":9}],"seed_played":"-3982706995838262723","potions_obtained":[{"floor":2,"key":"Poison Potion"},{"floor":3,"key":"SpeedPotion"},{"floor":5,"key":"SpeedPotion"},{"floor":7,"key":"SteroidPotion"},{"floor":11,"key":"SkillPotion"},{"floor":13,"key":"SteroidPotion"},{"floor":14,"key":"SkillPotion"},{"floor":19,"key":"Energy Potion"},{"floor":24,"key":"Swift Potion"},{"floor":28,"key":"GhostInAJar"},{"floor":31,"key":"GhostInAJar"},{"floor":33,"key":"Poison Potion"},{"floor":39,"key":"Fire Potion"}],"is_trial":false,"path_per_floor":["M","M","M","M","M","R","E","M","T","T","E","R","M","M","R","B",null,"M","M","?","M","$","R","M","R","T","R","M","?","R","M","R","B",null,"M","M","?","?","?","R","?","R","T","R","M","M","?","$","R","B",null],"character_chosen":"THE_SILENT","items_purchased":["Mercury Hourglass","Apotheosis","Gambling Chip"],"campfire_rested":3,"item_purchase_floors":[22,48,48],"current_hp_per_floor":[46,46,46,46,46,46,29,31,31,31,35,35,45,39,58,28,57,38,36,36,44,44,44,44,44,44,44,25,25,44,40,59,42,60,42,34,34,29,30,30,54,54,54,54,42,42,42,42,42,19],"gold":16,"neow_bonus":"TRANSFORM_TWO_CARDS","is_prod":false,"is_daily":false,"chose_seed":false,"campfire_upgraded":8,"win_rate":0,"timestamp":1562182971,"path_taken":["M","M","M","M","M","R","E","M","T","?","E","R","?","M","R","BOSS","M","M","?","M","$","R","M","R","T","R","M","?","R","M","R","BOSS","M","M","?","?","?","R","?","R","T","R","M","M","?","$","R","BOSS"],"build_version":"2019-07-01","purchased_purges":2,"victory":true,"max_hp_per_floor":[66,66,66,66,66,66,66,66,66,66,66,66,66,66,66,66,66,66,66,66,66,66,66,66,66,66,66,66,66,66,66,66,66,66,66,66,66,66,66,66,54,54,54,54,54,54,54,54,54,54],"card_choices":[{"not_picked":["Riddle With Holes","Deadly Poison"],"picked":"Flying Knee","floor":1},{"not_picked":["Dagger Spray","Infinite Blades"],"picked":"Flechettes","floor":2},{"not_picked":["Eviscerate","Outmaneuver"],"picked":"Well Laid Plans","floor":3},{"not_picked":["Slice","Cloak And Dagger"],"picked":"Dodge and Roll","floor":4},{"not_picked":["Flying Knee","Bane"],"picked":"Choke","floor":5},{"not_picked":["Dodge and Roll","Choke"],"picked":"Crippling Poison","floor":7},{"not_picked":["PiercingWail","Dagger Spray"],"picked":"Infinite Blades","floor":8},{"not_picked":["Sucker Punch","Concentrate"],"picked":"Corpse Explosion","floor":11},{"not_picked":["Acrobatics","Blade Dance"],"picked":"Finisher","floor":13},{"not_picked":["Expertise","Bane"],"picked":"Finisher","floor":14},{"not_picked":["Burst","Tools of the Trade"],"picked":"Venomology","floor":16},{"not_picked":["Dagger Throw","Outmaneuver+1","Prepared"],"picked":"SKIP","floor":18},{"not_picked":["Dagger Spray","Underhanded Strike"],"picked":"Sucker Punch","floor":19},{"not_picked":["Noxious Fumes","Prepared"],"picked":"Footwork","floor":21},{"not_picked":["Acrobatics","Grand Finale"],"picked":"Backflip","floor":24},{"not_picked":["Well Laid Plans","Setup"],"picked":"Terror","floor":28},{"not_picked":["Acrobatics","Heel Hook"],"picked":"Blade Dance","floor":31},{"not_picked":["Die Die Die","Wraith Form v2"],"picked":"Malaise","floor":33},{"not_picked":["Dagger Spray+1","Dagger Throw"],"picked":"Deadly Poison","floor":35},{"not_picked":["PiercingWail","Eviscerate+1"],"picked":"Bouncing Flask","floor":36},{"not_picked":["Dramatic Entrance","Dark Shackles"],"picked":"Jack Of All Trades","floor":38},{"not_picked":["Transmutation","Trip"],"picked":"Secret Technique","floor":38},{"not_picked":["Dagger Spray","Deadly Poison+1"],"picked":"Calculated Gamble+1","floor":39},{"not_picked":["Flechettes","Underhanded Strike+1"],"picked":"Blade Dance","floor":45},{"not_picked":["Acrobatics","Dash+1"],"picked":"Catalyst","floor":46}],"player_experience":1569577,"relics_obtained":[{"floor":7,"key":"Meat on the Bone"},{"floor":9,"key":"Shuriken"},{"floor":10,"key":"Omamori"},{"floor":11,"key":"Smiling Mask"},{"floor":26,"key":"Anchor"},{"floor":37,"key":"FossilizedHelix"},{"floor":39,"key":"Shovel"},{"floor":43,"key":"Ornamental Fan"},{"floor":44,"key":"Sundial"}],"event_choices":[{"damage_healed":0,"gold_gain":0,"player_choice":"Opened","damage_taken":0,"relics_obtained":["Dodecahedron"],"max_hp_gain":0,"max_hp_loss":0,"event_name":"The Mausoleum","floor":20,"gold_loss":0,"cards_obtained":["Writhe"]},{"damage_healed":0,"gold_gain":0,"player_choice":"Paid Fearfully","damage_taken":0,"max_hp_gain":0,"max_hp_loss":0,"event_name":"Masked Bandits","floor":29,"gold_loss":69},{"damage_healed":0,"gold_gain":0,"player_choice":"Fight","damage_taken":0,"max_hp_gain":0,"max_hp_loss":0,"event_name":"MindBloom","floor":37,"gold_loss":0},{"damage_healed":0,"gold_gain":0,"player_choice":"Memory 2","damage_taken":5,"max_hp_gain":0,"max_hp_loss":0,"event_name":"SensoryStone","floor":38,"gold_loss":0},{"damage_healed":0,"gold_gain":0,"player_choice":"Fight","damage_taken":0,"max_hp_gain":0,"max_hp_loss":0,"event_name":"Mysterious Sphere","floor":39,"gold_loss":0},{"damage_healed":54,"gold_gain":0,"player_choice":"Heal","damage_taken":0,"max_hp_gain":0,"max_hp_loss":12,"event_name":"The Moai Head","floor":41,"gold_loss":0},{"damage_healed":0,"gold_gain":275,"player_choice":"Desecrate","damage_taken":0,"max_hp_gain":0,"max_hp_loss":0,"event_name":"Golden Shrine","floor":47,"gold_loss":0,"cards_obtained":["Regret"]}],"is_beta":false,"boss_relics":[{"not_picked":["Cursed Key","Astrolabe"],"picked":"Pandora\u0027s Box"},{"not_picked":["Orrery","White Beast Statue"],"picked":"Runic Pyramid"}],"items_purged_floors":[22,48],"is_endless":false,"potions_floor_spawned":[2,3,5,7,11,13,14,19,24,28,31,33,36,39],"ascension_level":17}