{"gold_per_floor":[360,360,360,374,186,219,219,257,257,257,17,17,42,61,61,151,151,175,195,195],"floor_reached":20,"playtime":856,"items_purged":[],"score":351,"play_id":"c99b73b6-1978-4385-a49a-084ea6ba315f","local_time":"20181029222513","is_ascension_mode":true,"campfire_choices":[{"floor":7,"key":"REST"},{"floor":10,"key":"REST"},{"data":"Bash","floor":12,"key":"SMITH"},{"data":"Inflame","floor":15,"key":"SMITH"}],"neow_cost":"TEN_PERCENT_HP_LOSS","seed_source_timestamp":135698581948217,"circlet_count":0,"master_deck":["Strike_R","Strike_R","Strike_R","Strike_R","Defend_R","Defend_R","Defend_R","Defend_R","Bash+1","AscendersBane","Dropkick","Thunderclap","Cleave","Inflame+1","Limit Break","Feed","Perfected Strike","Spot Weakness","Shrug It Off","Feed","Whirlwind"],"relics":["Burning Blood","Golden Idol","Blue Candle","Centennial Puzzle","Ornamental Fan","Oddly Smooth Stone","Odd Mushroom","Cursed Key"],"potions_floor_usage":[6,8,13,16,18,20],"damage_taken":[{"damage":7,"enemies":"2 Louse","floor":1,"turns":2},{"damage":1,"enemies":"Cultist","floor":4,"turns":3},{"damage":40,"enemies":"3 Sentries","floor":6,"turns":6},{"damage":32,"enemies":"Gremlin Nob","floor":8,"turns":4},{"damage":13,"enemies":"The Mushroom Lair","floor":13,"turns":3},{"damage":0,"enemies":"Small Slimes","floor":14,"turns":2},{"damage":22,"enemies":"Hexaghost","floor":16,"turns":7},{"damage":17,"enemies":"3 Byrds","floor":18,"turns":4},{"damage":25,"enemies":"Shell Parasite","floor":19,"turns":4},{"damage":21,"enemies":"Colosseum Slavers","floor":20,"turns":3},{"damage":49,"enemies":"Colosseum Nobs","floor":20,"turns":4}],"seed_played":"5138611198229400338","potions_obtained":[{"floor":1,"key":"Explosive Potion"},{"floor":6,"key":"Explosive Potion"},{"floor":16,"key":"BloodPotion"},{"floor":19,"key":"AttackPotion"}],"is_trial":false,"path_per_floor":["M","?","?","M","$","E","R","E","T","R","$","R","?","M","R","B",null,"M","M"],"character_chosen":"IRONCLAD","items_purchased":["SteroidPotion","Cleave","Inflame","Oddly Smooth Stone","Perfected Strike","Fire Potion"],"campfire_rested":2,"item_purchase_floors":[5,5,5,11,11,11],"current_hp_per_floor":[67,44,44,49,49,15,35,9,9,29,29,29,25,31,31,15,57,56,40,0],"gold":195,"neow_bonus":"TWO_FIFTY_GOLD","is_prod":false,"is_daily":false,"chose_seed":false,"campfire_upgraded":2,"win_rate":0,"timestamp":1540851913,"path_taken":["M","?","?","M","$","E","R","E","T","R","$","R","?","M","R","BOSS","M","M","?"],"build_version":"2018-10-25v2","purchased_purges":0,"victory":false,"max_hp_per_floor":[68,68,68,68,68,68,68,68,68,68,68,68,71,71,71,71,71,74,77,80],"card_choices":[{"not_picked":["Dropkick","Rage","Havoc"],"picked":"SKIP","floor":1},{"not_picked":["Iron Wave","Juggernaut"],"picked":"Thunderclap","floor":4},{"not_picked":["Evolve","Barricade"],"picked":"Limit Break","floor":6},{"not_picked":["Dual Wield","Whirlwind"],"picked":"Feed","floor":8},{"not_picked":["Perfected Strike","Thunderclap"],"picked":"Spot Weakness","floor":13},{"not_picked":["Anger","Evolve"],"picked":"Shrug It Off","floor":14},{"not_picked":["Double Tap","Juggernaut"],"picked":"Feed","floor":16},{"not_picked":["Clothesline","Wild Strike+1"],"picked":"Whirlwind","floor":18},{"not_picked":["Sentinel","Rage","Seeing Red+1"],"picked":"SKIP","floor":19}],"player_experience":937838,"relics_obtained":[{"floor":6,"key":"Blue Candle"},{"floor":8,"key":"Centennial Puzzle"},{"floor":9,"key":"Ornamental Fan"},{"floor":13,"key":"Odd Mushroom"}],"event_choices":[{"damage_healed":0,"gold_gain":0,"player_choice":"Take Damage","damage_taken":23,"relics_obtained":["Golden Idol"],"max_hp_gain":0,"max_hp_loss":0,"event_name":"Golden Idol","floor":2,"gold_loss":0},{"damage_healed":0,"gold_gain":0,"cards_transformed":["Strike_R"],"player_choice":"Transformed","damage_taken":0,"max_hp_gain":0,"max_hp_loss":0,"event_name":"Transmorgrifier","floor":3,"gold_loss":0,"cards_obtained":["Dropkick"]},{"damage_healed":0,"gold_gain":0,"player_choice":"Fought Mushrooms","damage_taken":0,"max_hp_gain":0,"max_hp_loss":0,"event_name":"Mushrooms","floor":13,"gold_loss":0},{"damage_healed":0,"gold_gain":0,"player_choice":"Fight","damage_taken":0,"max_hp_gain":0,"max_hp_loss":0,"event_name":"Colosseum","floor":20,"gold_loss":0},{"damage_healed":0,"gold_gain":0,"player_choice":"Fought Nobs","damage_taken":0,"max_hp_gain":0,"max_hp_loss":0,"event_name":"Colosseum","floor":20,"gold_loss":0}],"is_beta":false,"boss_relics":[{"not_picked":["Lizard Tail","Ectoplasm"],"picked":"Cursed Key"}],"items_purged_floors":[],"is_endless":false,"potions_floor_spawned":[1,6,16,19,20],"killed_by":"Colosseum Nobs","ascension_level":19}