{"gold_per_floor":[111,36,36,48,64,64,92,192,216,247,260,72,106,124,124,197,197,156,31,47,64,95,125,125,125],"floor_reached":25,"playtime":1667,"items_purged":["Strike_R","Pain","Normality"],"score":482,"play_id":"efc6a1a7-64f2-4691-8dba-8cd33e6325ca","local_time":"20190707203717","is_ascension_mode":true,"campfire_choices":[{"data":"True Grit","floor":6,"key":"SMITH"},{"data":"Shockwave","floor":15,"key":"SMITH"},{"data":"Demon Form","floor":24,"key":"SMITH"}],"neow_cost":"NONE","seed_source_timestamp":869254665480873,"circlet_count":0,"master_deck":["AscendersBane","Strike_R","Strike_R","Strike_R","Strike_R","Defend_R","Defend_R","Defend_R","Defend_R","Bash","True Grit+1","Disarm","Headbutt","Battle Trance","Thunderclap","Shockwave+1","Feel No Pain","Wild Strike","Demon Form+1","Injury","Shame","Pummel","Infernal Blade","Evolve","Heavy Blade"],"relics":["Burning Blood","NeowsBlessing","WarpedTongs","Bag of Preparation","PreservedInsect","Self Forming Clay","Happy Flower","Calling Bell","Centennial Puzzle","Dodecahedron","Champion Belt","Red Mask","Bottled Lightning"],"potions_floor_usage":[10,13,16,22,22,23],"damage_taken":[{"damage":0,"enemies":"Jaw Worm","floor":1,"turns":1},{"damage":2,"enemies":"Cultist","floor":4,"turns":2},{"damage":0,"enemies":"Small Slimes","floor":5,"turns":2},{"damage":38,"enemies":"3 Sentries","floor":7,"turns":10},{"damage":13,"enemies":"Gremlin Nob","floor":10,"turns":4},{"damage":7,"enemies":"2 Fungi Beasts","floor":11,"turns":3},{"damage":11,"enemies":"3 Sentries","floor":13,"turns":9},{"damage":12,"enemies":"Exordium Thugs","floor":14,"turns":4},{"damage":24,"enemies":"Hexaghost","floor":16,"turns":9},{"damage":21,"enemies":"2 Thieves","floor":18,"turns":5},{"damage":5,"enemies":"3 Byrds","floor":20,"turns":6},{"damage":10,"enemies":"Snecko","floor":21,"turns":4},{"damage":16,"enemies":"Masked Bandits","floor":22,"turns":5},{"damage":16,"enemies":"Book of Stabbing","floor":23,"turns":5},{"damage":29,"enemies":"Slavers","floor":25,"turns":4}],"seed_played":"8026054967649014495","potions_obtained":[{"floor":5,"key":"Block Potion"},{"floor":7,"key":"BloodPotion"},{"floor":10,"key":"LiquidBronze"},{"floor":16,"key":"SteroidPotion"},{"floor":21,"key":"AttackPotion"},{"floor":22,"key":"EssenceOfSteel"}],"is_trial":false,"path_per_floor":["M","$","?","M","M","R","E","?","T","E","M","$","E","M","R","B",null,"M","$","M","M","?","E","R","E"],"character_chosen":"IRONCLAD","items_purchased":["Feel No Pain"],"campfire_rested":0,"item_purchase_floors":[12],"current_hp_per_floor":[74,74,74,75,75,75,43,43,43,36,35,35,48,42,42,24,62,47,47,48,44,34,24,24,0],"gold":125,"neow_bonus":"THREE_ENEMY_KILL","is_prod":false,"is_daily":false,"chose_seed":false,"campfire_upgraded":3,"win_rate":0,"timestamp":1562528237,"path_taken":["M","$","?","?","M","R","E","?","T","E","M","$","E","?","R","BOSS","M","$","M","?","?","E","R","E"],"build_version":"2019-07-05","purchased_purges":3,"victory":false,"max_hp_per_floor":[75,75,75,75,75,75,75,75,75,75,75,75,75,75,75,75,75,75,75,75,75,75,75,75,75],"card_choices":[{"not_picked":["Intimidate","Shrug It Off"],"picked":"True Grit","floor":1},{"not_picked":["Clash","Twin Strike"],"picked":"Disarm","floor":4},{"not_picked":["Corruption","Wild Strike"],"picked":"Headbutt","floor":5},{"not_picked":["Brutality","True Grit"],"picked":"Battle Trance","floor":7},{"not_picked":["Bloodletting","Warcry"],"picked":"Thunderclap","floor":10},{"not_picked":["Anger","Shrug It Off"],"picked":"Shockwave","floor":11},{"not_picked":["Fire Breathing","True Grit"],"picked":"Wild Strike","floor":13},{"not_picked":["Rupture","Flex","Havoc"],"picked":"SKIP","floor":14},{"not_picked":["Exhume","Feed"],"picked":"Demon Form","floor":16},{"not_picked":["Warcry","Thunderclap"],"picked":"Pummel","floor":18},{"not_picked":["Body Slam","Perfected Strike"],"picked":"Infernal Blade","floor":20},{"not_picked":["Clothesline","Warcry"],"picked":"Evolve","floor":21},{"not_picked":["Headbutt","True Grit"],"picked":"Heavy Blade","floor":23}],"player_experience":1138335,"relics_obtained":[{"floor":7,"key":"Bag of Preparation"},{"floor":9,"key":"PreservedInsect"},{"floor":10,"key":"Self Forming Clay"},{"floor":13,"key":"Happy Flower"},{"floor":17,"key":"Centennial Puzzle"},{"floor":17,"key":"Dodecahedron"},{"floor":17,"key":"Champion Belt"},{"floor":22,"key":"Red Mask"},{"floor":23,"key":"Bottled Lightning"}],"event_choices":[{"damage_healed":0,"gold_gain":0,"player_choice":"Rummage","damage_taken":0,"relics_obtained":["WarpedTongs"],"max_hp_gain":0,"max_hp_loss":0,"event_name":"Accursed Blacksmith","floor":3,"gold_loss":0,"cards_obtained":["Pain"]},{"damage_healed":0,"gold_gain":100,"player_choice":"Gold","damage_taken":0,"max_hp_gain":0,"max_hp_loss":0,"event_name":"Wheel of Change","floor":8,"gold_loss":0},{"damage_healed":0,"gold_gain":0,"player_choice":"Fought Bandits","damage_taken":0,"max_hp_gain":0,"max_hp_loss":0,"event_name":"Masked Bandits","floor":22,"gold_loss":0}],"is_beta":false,"boss_relics":[{"not_picked":["Coffee Dripper","Lizard Tail"],"picked":"Calling Bell"}],"items_purged_floors":[2,12,19],"is_endless":false,"potions_floor_spawned":[5,7,10,16,21,22],"killed_by":"Slavers","ascension_level":20}