{"gold_per_floor":[114,114,189,189,203,203,203,230,230,230,256,256,256,270,270,344,344,322,247,259,22,40,40,368,379,379,379,397,415,43,55,55,132,132,152,152,162,106,117,117,117,117,165,40,40,40,40,60,60,60,60,60,60,5,36,36],"floor_reached":56,"playtime":2497,"items_purged":["Strike_R","Strike_R","Defend_R"],"score":1796,"play_id":"4eb292e7-740e-4b61-83bd-ecf5e49c4206","local_time":"20191011174621","is_ascension_mode":true,"campfire_choices":[{"data":"Body Slam","floor":6.0,"key":"SMITH"},{"data":"Bash","floor":10.0,"key":"SMITH"},{"data":"Shrug It Off","floor":13.0,"key":"SMITH"},{"floor":15.0,"key":"REST"},{"data":"Limit Break","floor":23.0,"key":"SMITH"},{"data":"Whirlwind","floor":27.0,"key":"SMITH"},{"data":"Disarm","floor":32.0,"key":"SMITH"},{"data":"Shrug It Off","floor":40.0,"key":"SMITH"},{"data":"Shrug It Off","floor":42.0,"key":"SMITH"},{"data":"Defend_R","floor":45.0,"key":"PURGE"},{"floor":47.0,"key":"RECALL"},{"data":"Bash+1","floor":49.0,"key":"PURGE"},{"data":"Defend_R+1","floor":53.0,"key":"PURGE"}],"neow_cost":"NONE","seed_source_timestamp":40823718387225,"circlet_count":0,"master_deck":["AscendersBane","Defend_R+1","Shrug It Off+1","Body Slam+1","Limit Break+1","Evolve+1","Offering","Whirlwind+1","Shrug It Off+1","Disarm+1","Flex+1","Shrug It Off+1","True Grit+1","Shockwave"],"special_seed":0,"relics":["Burning Blood","NeowsBlessing","Happy Flower","Juzu Bracelet","Dodecahedron","Frozen Egg 2","Coffee Dripper","Red Skull","Old Coin","Vajra","Bottled Lightning","Philosopher\u0027s Stone","Peace Pipe","Kunai"],"potions_floor_usage":[56],"damage_taken":[{"damage":0.0,"enemies":"Jaw Worm","floor":1.0,"turns":1.0},{"damage":0.0,"enemies":"Small Slimes","floor":5.0,"turns":1.0},{"damage":0.0,"enemies":"Gremlin Nob","floor":8.0,"turns":1.0},{"damage":27.0,"enemies":"Lagavulin","floor":11.0,"turns":6.0},{"damage":0.0,"enemies":"Cultist","floor":14.0,"turns":3.0},{"damage":40.0,"enemies":"Slime Boss","floor":16.0,"turns":12.0},{"damage":9.0,"enemies":"2 Thieves","floor":18.0,"turns":4.0},{"damage":15.0,"enemies":"3 Byrds","floor":20.0,"turns":7.0},{"damage":6.0,"enemies":"Centurion and Healer","floor":22.0,"turns":5.0},{"damage":32.0,"enemies":"Gremlin Leader","floor":24.0,"turns":8.0},{"damage":16.0,"enemies":"Snake Plant","floor":25.0,"turns":4.0},{"damage":0.0,"enemies":"Cultist and Chosen","floor":28.0,"turns":4.0},{"damage":5.0,"enemies":"Snecko","floor":29.0,"turns":4.0},{"damage":0.0,"enemies":"Sentry and Sphere","floor":31.0,"turns":3.0},{"damage":8.0,"enemies":"Collector","floor":33.0,"turns":4.0},{"damage":9.0,"enemies":"Orb Walker","floor":35.0,"turns":4.0},{"damage":10.0,"enemies":"3 Darklings","floor":37.0,"turns":2.0},{"damage":32.0,"enemies":"Jaw Worm Horde","floor":39.0,"turns":4.0},{"damage":6.0,"enemies":"Writhing Mass","floor":48.0,"turns":5.0},{"damage":11.0,"enemies":"Donu and Deca","floor":50.0,"turns":4.0},{"damage":24.0,"enemies":"Time Eater","floor":51.0,"turns":6.0},{"damage":35.0,"enemies":"Shield and Spear","floor":55.0,"turns":4.0},{"damage":44,"enemies":"The Heart","floor":56,"turns":2}],"seed_played":"7372902197258356820","potions_obtained":[{"floor":14.0,"key":"SpeedPotion"},{"floor":20.0,"key":"AttackPotion"},{"floor":25.0,"key":"Energy Potion"},{"floor":29.0,"key":"SteroidPotion"},{"floor":31.0,"key":"BloodPotion"},{"floor":37.0,"key":"SpeedPotion"},{"floor":39.0,"key":"Swift Potion"}],"is_trial":false,"path_per_floor":["M","?","?","?","M","R","?","E","T","R","E","?","R","M","R","B",null,"M","?","M","$","M","R","E","M","T","R","M","M","$","M","R","B",null,"M","T","M","$","M","R","?","R","T","$","R","$","R","M","R","B","B",null,"R","$","E","B"],"character_chosen":"IRONCLAD","items_purchased":["Red Skull","Bottled Lightning","Shrug It Off","SteroidPotion"],"campfire_rested":1,"item_purchase_floors":[21,30,38,54],"current_hp_per_floor":[74,69,58,58,64,64,41,47,47,47,26,19,19,25,47,13,60,57,57,48,48,48,48,22,12,12,12,18,19,19,25,25,23,62,59,59,55,55,47,47,47,47,47,47,47,47,47,47,47,42,24,62,62,62,33,0],"gold":36,"neow_bonus":"THREE_ENEMY_KILL","is_prod":false,"is_daily":false,"chose_seed":false,"campfire_upgraded":8,"win_rate":0,"timestamp":1570841181,"path_taken":["M","?","?","?","M","R","?","E","T","R","E","?","R","M","R","BOSS","M","?","M","$","M","R","E","M","T","R","M","M","$","M","R","BOSS","M","?","M","$","M","R","?","R","T","$","R","?","R","M","R","BOSS","BOSS","R","$","E","BOSS"],"build_version":"2019-07-17","purchased_purges":3,"victory":false,"max_hp_per_floor":[75,75,75,75,75,75,75,75,75,75,75,75,75,75,75,75,75,75,75,75,75,75,75,75,75,75,75,75,75,75,75,75,75,75,75,75,75,75,75,75,75,75,75,75,75,75,75,75,75,75,75,75,75,75,75,75],"card_choices":[{"not_picked":["Wild Strike","Flex"],"picked":"Shrug It Off","floor":1.0},{"not_picked":["Anger","Warcry","Clothesline"],"picked":"SKIP","floor":5.0},{"not_picked":["Havoc","Second Wind","Armaments"],"picked":"SKIP","floor":8.0},{"not_picked":["Twin Strike","Heavy Blade"],"picked":"Limit Break","floor":11.0},{"not_picked":["Flex","Iron Wave"],"picked":"Evolve+1","floor":14.0},{"not_picked":["Fiend Fire","Exhume"],"picked":"Offering","floor":16.0},{"not_picked":["Thunderclap","Second Wind","Bloodletting"],"picked":"SKIP","floor":18.0},{"not_picked":["Sword Boomerang","Body Slam","Metallicize+1"],"picked":"SKIP","floor":20.0},{"not_picked":["Seeing Red","Rampage","Hemokinesis+1"],"picked":"SKIP","floor":22.0},{"not_picked":["Feed","Power Through"],"picked":"Whirlwind","floor":24.0},{"not_picked":["Burning Pact","Warcry","Thunderclap"],"picked":"SKIP","floor":25.0},{"not_picked":["Combust+1","Sentinel","True Grit"],"picked":"SKIP","floor":28.0},{"not_picked":["Disarm","Iron Wave"],"picked":"Shrug It Off","floor":29.0},{"not_picked":["Anger","Warcry"],"picked":"Disarm","floor":31.0},{"not_picked":["Uppercut","Fire Breathing+1"],"picked":"Flex+1","floor":35.0},{"not_picked":["Pommel Strike","Havoc","Armaments"],"picked":"SKIP","floor":37.0},{"not_picked":["Twin Strike","Rupture+1"],"picked":"True Grit+1","floor":39.0},{"not_picked":["Twin Strike","Thunderclap","Iron Wave+1"],"picked":"SKIP","floor":48.0},{"not_picked":["Perfected Strike","Feed"],"picked":"Shockwave","floor":55.0}],"player_experience":398570,"relics_obtained":[{"floor":8.0,"key":"Juzu Bracelet"},{"floor":9.0,"key":"Dodecahedron"},{"floor":11.0,"key":"Frozen Egg 2"},{"floor":24.0,"key":"Old Coin"},{"floor":26.0,"key":"Vajra"},{"floor":36.0,"key":"Peace Pipe"},{"floor":55.0,"key":"Kunai"}],"event_choices":[{"damage_healed":0.0,"max_hp_gain":0.0,"max_hp_loss":0.0,"gold_gain":0.0,"event_name":"Scrap Ooze","player_choice":"Success","floor":2.0,"gold_loss":0.0,"damage_taken":5.0,"relics_obtained":["Happy Flower"]},{"damage_healed":0.0,"max_hp_gain":0.0,"max_hp_loss":0.0,"gold_gain":75.0,"event_name":"World of Goop","player_choice":"Gather Gold","floor":3.0,"gold_loss":0.0,"damage_taken":11.0},{"damage_healed":0.0,"max_hp_gain":0.0,"max_hp_loss":0.0,"gold_gain":0.0,"cards_transformed":["Strike_R"],"event_name":"Living Wall","player_choice":"Change","floor":4.0,"gold_loss":0.0,"damage_taken":0.0,"cards_obtained":["Body Slam"]},{"damage_healed":0.0,"max_hp_gain":0.0,"max_hp_loss":0.0,"gold_gain":0.0,"event_name":"Shining Light","player_choice":"Entered Light","floor":7.0,"gold_loss":0.0,"damage_taken":23.0,"cards_upgraded":["Defend_R","Defend_R"]},{"cards_removed":["Strike_R"],"damage_healed":0.0,"max_hp_gain":0.0,"max_hp_loss":0.0,"gold_gain":0.0,"event_name":"Golden Wing","player_choice":"Card Removal","floor":12.0,"gold_loss":0.0,"damage_taken":7.0},{"cards_removed":["Strike_R"],"damage_healed":0.0,"max_hp_gain":0.0,"max_hp_loss":0.0,"gold_gain":0.0,"event_name":"Designer","player_choice":"Single Remove","floor":19.0,"gold_loss":75.0,"damage_taken":0.0},{"damage_healed":0.0,"max_hp_gain":0.0,"max_hp_loss":0.0,"gold_gain":0.0,"event_name":"Mysterious Sphere","player_choice":"Ignored","floor":41.0,"gold_loss":0.0,"damage_taken":0.0}],"is_beta":false,"boss_relics":[{"not_picked":["Eternal Feather","Black Star"],"picked":"Coffee Dripper"},{"not_picked":["Runic Dome","Cursed Key"],"picked":"Philosopher\u0027s Stone"}],"items_purged_floors":[21,30,44],"is_endless":false,"potions_floor_spawned":[14,20,25,29,31,37,39],"killed_by":"The Heart","ascension_level":20}