{"gold_per_floor":[109,109,120,138,100,131,131,12,12,40,40,59,59,117,117,194,194,206,206,126,126,126],"floor_reached":22,"playtime":642,"items_purged":["Strike_B","Defend_B"],"score":333,"play_id":"ec0f605c-53b6-4a64-b55f-4c293a8a52db","local_time":"20190517142827","is_ascension_mode":true,"campfire_choices":[{"data":"Zap","floor":7,"key":"SMITH"},{"data":"Sunder","floor":11,"key":"SMITH"},{"data":"Echo Form","floor":13,"key":"SMITH"},{"floor":15,"key":"REST"}],"neow_cost":"NONE","seed_source_timestamp":314075688412500,"circlet_count":0,"master_deck":["AscendersBane","Strike_B+1","Strike_B+1","Defend_B","Defend_B","Zap+1","Dualcast","Cold Snap","Sunder+1","Leap","White Noise","Self Repair","Echo Form+1","Ball Lightning","Compile Driver","Echo Form","Barrage","Reboot","Static Discharge"],"relics":["Cracked Core","The Courier","Sundial","Boot","Bag of Preparation","Inserter"],"potions_floor_usage":[6,14,16],"damage_taken":[{"damage":6,"enemies":"Jaw Worm","floor":1,"turns":4},{"damage":0,"enemies":"Small Slimes","floor":3,"turns":2},{"damage":0,"enemies":"2 Louse","floor":4,"turns":1},{"damage":24,"enemies":"Gremlin Nob","floor":6,"turns":4},{"damage":14,"enemies":"3 Sentries","floor":10,"turns":6},{"damage":0,"enemies":"Large Slime","floor":12,"turns":4},{"damage":14,"enemies":"Gremlin Nob","floor":14,"turns":3},{"damage":2,"enemies":"Slime Boss","floor":16,"turns":7},{"damage":33,"enemies":"Spheric Guardian","floor":18,"turns":4},{"damage":31,"enemies":"Colosseum Slavers","floor":21,"turns":3},{"damage":14,"enemies":"3 Byrds","floor":22,"turns":2}],"seed_played":"4221688027983183203","potions_obtained":[{"floor":1,"key":"Regen Potion"},{"floor":12,"key":"FearPotion"},{"floor":14,"key":"Fire Potion"}],"is_trial":false,"path_per_floor":["M","?","M","M","?","E","R","$","T","E","R","M","R","?","R","B",null,"M","?","$","?","M"],"character_chosen":"DEFECT","items_purchased":["Self Repair"],"campfire_rested":1,"item_purchase_floors":[8],"current_hp_per_floor":[65,42,42,42,42,30,30,30,30,30,30,30,30,23,46,51,71,45,45,45,14,0],"gold":126,"neow_bonus":"TEN_PERCENT_HP_BONUS","is_prod":false,"is_daily":false,"chose_seed":false,"campfire_upgraded":3,"win_rate":0,"timestamp":1558096107,"path_taken":["M","?","M","M","?","E","R","$","T","E","R","M","R","?","R","BOSS","M","?","$","?","M"],"build_version":"2019-01-23","purchased_purges":2,"victory":false,"max_hp_per_floor":[78,78,78,78,78,78,78,78,78,78,78,78,78,78,78,78,78,78,78,78,78,78],"card_choices":[{"not_picked":["Consume","Leap"],"picked":"Cold Snap","floor":1},{"not_picked":["Coolheaded","Gash"],"picked":"Sunder","floor":3},{"not_picked":["Streamline","Cold Snap"],"picked":"Leap","floor":4},{"not_picked":["Chill","Hologram"],"picked":"White Noise","floor":6},{"not_picked":["Stack","Redo"],"picked":"Echo Form","floor":10},{"not_picked":["Self Repair","Darkness"],"picked":"Ball Lightning","floor":12},{"not_picked":["Undo","Ball Lightning"],"picked":"Compile Driver","floor":14},{"not_picked":["Amplify","Meteor Strike"],"picked":"Echo Form","floor":16},{"not_picked":["Auto Shields","Hologram"],"picked":"Barrage","floor":18}],"player_experience":1126906,"relics_obtained":[{"floor":6,"key":"The Courier"},{"floor":9,"key":"Sundial"},{"floor":10,"key":"Boot"},{"floor":14,"key":"Bag of Preparation"}],"event_choices":[{"damage_healed":0,"gold_gain":0,"player_choice":"Entered Light","damage_taken":23,"max_hp_gain":0,"max_hp_loss":0,"event_name":"Shining Light","floor":2,"gold_loss":0,"cards_upgraded":["Strike_B","Strike_B"]},{"damage_healed":0,"gold_gain":0,"player_choice":"Left Gold","damage_taken":0,"max_hp_gain":0,"max_hp_loss":0,"event_name":"World of Goop","floor":5,"gold_loss":38},{"damage_healed":0,"gold_gain":0,"player_choice":"Searched \u00271\u0027 times","damage_taken":0,"max_hp_gain":0,"max_hp_loss":0,"event_name":"Dead Adventurer","floor":14,"gold_loss":0},{"damage_healed":0,"gold_gain":0,"cards_transformed":["Strike_B","Defend_B"],"player_choice":"Became Test Subject","damage_taken":0,"max_hp_gain":0,"max_hp_loss":0,"event_name":"Drug Dealer","floor":19,"gold_loss":0,"cards_obtained":["Reboot","Static Discharge"]},{"damage_healed":0,"gold_gain":0,"player_choice":"Fight","damage_taken":0,"max_hp_gain":0,"max_hp_loss":0,"event_name":"Colosseum","floor":21,"gold_loss":0},{"damage_healed":0,"gold_gain":0,"player_choice":"Fled From Nobs","damage_taken":0,"max_hp_gain":0,"max_hp_loss":0,"event_name":"Colosseum","floor":21,"gold_loss":0}],"is_beta":false,"boss_relics":[{"not_picked":["Empty Cage","Fusion Hammer"],"picked":"Inserter"}],"items_purged_floors":[8,20],"is_endless":false,"potions_floor_spawned":[1,12,14,21],"killed_by":"3 Byrds","ascension_level":15}