{"gold_per_floor":[114,129,54,68,68,68,82,82,82,82,82,98,131,141,141,216,216,228,247,162,162,162,162,212,212],"floor_reached":25,"playtime":2740,"items_purged":["Shame"],"score":372,"play_id":"83a8646b-e100-431a-af4f-51d3d310da57","local_time":"20190703233731","is_ascension_mode":true,"campfire_choices":[{"data":"Bash","floor":6.0,"key":"SMITH"},{"data":"Fire Breathing","floor":8,"key":"SMITH"},{"data":"Anger","floor":10,"key":"SMITH"},{"data":"Spot Weakness","floor":15,"key":"SMITH"},{"data":"Double Tap","floor":23,"key":"SMITH"}],"neow_cost":"CURSE","seed_source_timestamp":0,"circlet_count":0,"master_deck":["AscendersBane","Strike_R+1","Strike_R+1","Defend_R+1","Defend_R+1","Defend_R+1","Defend_R+1","Bash+1","Fire Breathing+1","Anger+1","Pommel Strike","Rampage","Spot Weakness+1","Headbutt","Fiend Fire","Dual Wield","Flame Barrier","Double Tap+1"],"special_seed":0,"relics":["Burning Blood","Dead Branch","Self Forming Clay","Ornamental Fan","Empty Cage","Juzu Bracelet"],"potions_floor_usage":[13,16,19],"damage_taken":[{"damage":11.0,"enemies":"Small Slimes","floor":1.0,"turns":4.0},{"damage":8.0,"enemies":"2 Louse","floor":2.0,"turns":4.0},{"damage":1.0,"enemies":"Cultist","floor":4.0,"turns":3.0},{"damage":8.0,"enemies":"2 Fungi Beasts","floor":7.0,"turns":3.0},{"damage":8,"enemies":"Blue Slaver","floor":12,"turns":3},{"damage":33,"enemies":"3 Sentries","floor":13,"turns":6},{"damage":9,"enemies":"Looter","floor":14,"turns":3},{"damage":39,"enemies":"Slime Boss","floor":16,"turns":9},{"damage":19,"enemies":"Spheric Guardian","floor":18,"turns":4},{"damage":40,"enemies":"Shell Parasite","floor":19,"turns":6},{"damage":16,"enemies":"Snake Plant","floor":25,"turns":1}],"seed_played":"-3729425294698649475","potions_obtained":[{"floor":4.0,"key":"SteroidPotion"},{"floor":7,"key":"BloodPotion"},{"floor":13,"key":"GamblersBrew"},{"floor":18,"key":"Dexterity Potion"},{"floor":19,"key":"SteroidPotion"}],"is_trial":false,"path_per_floor":["M","M","$","M","$","R","M","R","T","R","?","M","E","M","R","B",null,"M","M","?","?","?","R","?","M"],"character_chosen":"IRONCLAD","items_purchased":[],"campfire_rested":0,"item_purchase_floors":[],"current_hp_per_floor":[63,61,61,66,66,66,64,64,64,64,57,55,46,43,43,10,59,46,12,12,12,12,12,12,0],"gold":212,"neow_bonus":"ONE_RARE_RELIC","is_prod":false,"is_daily":false,"chose_seed":false,"campfire_upgraded":5,"win_rate":0,"timestamp":1562189851,"path_taken":["M","M","$","M","$","R","M","R","T","R","?","M","E","M","R","BOSS","M","M","?","?","?","R","?","M"],"build_version":"2019-07-01","purchased_purges":1,"victory":false,"max_hp_per_floor":[75,75,75,75,75,75,75,75,75,75,75,75,75,75,75,75,75,75,75,75,75,75,75,75,75],"card_choices":[{"not_picked":["Warcry","Wild Strike"],"picked":"Fire Breathing","floor":1.0},{"not_picked":["Uppercut","Wild Strike"],"picked":"Anger","floor":2.0},{"not_picked":["Wild Strike","Twin Strike","Combust"],"picked":"SKIP","floor":4.0},{"not_picked":["Body Slam","Rage"],"picked":"Pommel Strike","floor":7},{"not_picked":["Carnage","Warcry"],"picked":"Rampage","floor":12},{"not_picked":["Anger","True Grit"],"picked":"Spot Weakness","floor":13},{"not_picked":["Brutality","Clash"],"picked":"Headbutt","floor":14},{"not_picked":["Impervious","Exhume"],"picked":"Fiend Fire","floor":16},{"not_picked":["Havoc","Searing Blow"],"picked":"Dual Wield","floor":18},{"not_picked":["Flex","Pommel Strike"],"picked":"Flame Barrier","floor":19}],"player_experience":1573190,"relics_obtained":[{"floor":9,"key":"Self Forming Clay"},{"floor":13,"key":"Ornamental Fan"}],"event_choices":[{"cards_removed":["Strike_R"],"damage_healed":0,"gold_gain":0,"player_choice":"Card Removal","damage_taken":7,"max_hp_gain":0,"max_hp_loss":0,"event_name":"Golden Wing","floor":11,"gold_loss":0},{"damage_healed":0,"gold_gain":0,"player_choice":"Obtained Relic","damage_taken":0,"relics_obtained":["Juzu Bracelet"],"max_hp_gain":0,"max_hp_loss":0,"event_name":"Addict","floor":20,"gold_loss":85},{"damage_healed":0,"gold_gain":0,"player_choice":"1 cards matched","damage_taken":0,"max_hp_gain":0,"max_hp_loss":0,"event_name":"Match and Keep!","floor":21,"gold_loss":0,"cards_obtained":["Double Tap"]},{"damage_healed":0,"gold_gain":0,"player_choice":"Simplicity","damage_taken":0,"max_hp_gain":0,"max_hp_loss":0,"event_name":"Back to Basics","floor":22,"gold_loss":0,"cards_upgraded":["Strike_R","Strike_R","Defend_R","Defend_R","Defend_R","Defend_R"]},{"damage_healed":0,"gold_gain":50,"player_choice":"Stole From Cult","damage_taken":0,"max_hp_gain":0,"max_hp_loss":0,"event_name":"Nest","floor":24,"gold_loss":0}],"is_beta":false,"boss_relics":[{"not_picked":["Runic Cube","Velvet Choker"],"picked":"Empty Cage"}],"items_purged_floors":[3],"is_endless":false,"potions_floor_spawned":[4,7,13,18,19],"killed_by":"Snake Plant","ascension_level":17}