{"gold_per_floor":[109,123,123,134,11,11,40,7,7,7,157,191,191,44,44,115,115,125,125],"floor_reached":19,"playtime":488,"items_purged":["Strike_R"],"score":303,"play_id":"251100e4-2182-452d-9691-456966775317","local_time":"20190515230110","is_ascension_mode":true,"campfire_choices":[{"data":"True Grit","floor":6,"key":"SMITH"},{"data":"Spot Weakness","floor":10,"key":"SMITH"},{"data":"Rampage","floor":13,"key":"SMITH"},{"data":"Rupture","floor":15,"key":"SMITH"}],"neow_cost":"NONE","seed_source_timestamp":172189133793200,"circlet_count":0,"master_deck":["AscendersBane","Strike_R","Strike_R","Strike_R","Strike_R","Defend_R","Defend_R","Defend_R","Defend_R","Bash+1","Rampage+1","Headbutt","Spot Weakness+1","True Grit+1","Warcry","Metallicize","Rampage","Bloodletting","Rupture+1","Offering"],"relics":["Burning Blood","NeowsBlessing","Darkstone Periapt","Omamori","Bottled Lightning","Busted Crown"],"potions_floor_usage":[7,16,18,19],"damage_taken":[{"damage":0,"enemies":"Jaw Worm","floor":1,"turns":1},{"damage":0,"enemies":"Cultist","floor":2,"turns":1},{"damage":0,"enemies":"Small Slimes","floor":4,"turns":1},{"damage":31,"enemies":"Lagavulin","floor":7,"turns":4},{"damage":29,"enemies":"Gremlin Nob","floor":12,"turns":4},{"damage":25,"enemies":"Hexaghost","floor":16,"turns":9},{"damage":32,"enemies":"2 Thieves","floor":18,"turns":4},{"damage":36,"enemies":"Colosseum Slavers","floor":19,"turns":4}],"seed_played":"-4658991275800940351","potions_obtained":[{"floor":1,"key":"FearPotion"},{"floor":4,"key":"Energy Potion"},{"floor":16,"key":"GamblersBrew"},{"floor":18,"key":"GamblersBrew"}],"is_trial":false,"path_per_floor":["M","M","?","M","$","R","E","$","T","R","?","E","R","$","R","B",null,"M","?"],"character_chosen":"IRONCLAD","items_purchased":["True Grit","Metallicize","Bloodletting","Rupture"],"campfire_rested":0,"item_purchase_floors":[5,8,14,14],"current_hp_per_floor":[74,75,75,75,75,75,50,50,50,50,50,27,27,27,27,8,58,32,0],"gold":125,"neow_bonus":"THREE_ENEMY_KILL","is_prod":false,"is_daily":false,"chose_seed":false,"campfire_upgraded":4,"win_rate":0,"timestamp":1557954070,"path_taken":["M","M","?","?","$","R","E","?","T","R","?","E","R","$","R","BOSS","M","?"],"build_version":"2019-01-23","purchased_purges":1,"victory":false,"max_hp_per_floor":[75,75,75,75,75,75,75,75,75,75,75,75,75,75,75,75,75,75,75],"card_choices":[{"not_picked":["Entrench","Heavy Blade"],"picked":"Rampage","floor":1},{"not_picked":["Thunderclap","Twin Strike"],"picked":"Headbutt","floor":2},{"not_picked":["Battle Trance","Flex"],"picked":"Spot Weakness","floor":4},{"not_picked":["Brutality","Sentinel"],"picked":"Warcry","floor":7},{"not_picked":["Metallicize","Bloodletting"],"picked":"Rampage","floor":12},{"not_picked":["Brutality","Impervious"],"picked":"Offering","floor":16},{"not_picked":["Warcry"],"picked":"SKIP","floor":18}],"player_experience":1105774,"relics_obtained":[{"floor":7,"key":"Darkstone Periapt"},{"floor":9,"key":"Omamori"},{"floor":12,"key":"Bottled Lightning"}],"event_choices":[{"damage_healed":0,"gold_gain":0,"player_choice":"Upgraded","damage_taken":0,"max_hp_gain":0,"max_hp_loss":0,"event_name":"Upgrade Shrine","floor":3,"gold_loss":0,"cards_upgraded":["Bash"]},{"damage_healed":0,"gold_gain":150,"player_choice":"AGREE","damage_taken":0,"max_hp_gain":0,"max_hp_loss":0,"event_name":"Liars Game","floor":11,"gold_loss":0,"cards_obtained":["Doubt"]},{"damage_healed":0,"gold_gain":0,"player_choice":"Fight","damage_taken":0,"max_hp_gain":0,"max_hp_loss":0,"event_name":"Colosseum","floor":19,"gold_loss":0}],"is_beta":false,"boss_relics":[{"not_picked":["Tiny House","Snecko Eye"],"picked":"Busted Crown"}],"items_purged_floors":[5],"is_endless":false,"potions_floor_spawned":[1,4,16,18],"killed_by":"Colosseum Slavers","ascension_level":15}