{"gold_per_floor":[116,128,138,213,53,86,86,114,137,171,171,186,220,231,231,304,304,281,293,312,325,35,35,35],"floor_reached":24,"playtime":894,"items_purged":["Strike_R"],"score":456,"play_id":"2959a5a9-4b6d-4561-873b-60e411089974","local_time":"20190222103101","is_ascension_mode":true,"campfire_choices":[{"floor":7.0,"key":"REST"},{"floor":15.0,"key":"REST"},{"floor":23.0,"key":"REST"}],"neow_cost":"TEN_PERCENT_HP_LOSS","seed_source_timestamp":512465883309759,"circlet_count":0,"master_deck":["AscendersBane","Strike_R","Strike_R","Strike_R","Defend_R","Defend_R","Defend_R","Defend_R","Bash","Immolate","True Grit","Anger","Demon Form","True Grit","Anger","Body Slam","Reckless Charge","Fire Breathing","Battle Trance","Sword Boomerang","Limit Break","Doubt","Parasite","Decay","Havoc+1","Battle Trance","Evolve","Clothesline"],"special_seed":0,"relics":["Burning Blood","Bag of Marbles","Ancient Tea Set","Regal Pillow","Pear","Self Forming Clay","Calling Bell","PreservedInsect","Kunai","Turnip","Ornamental Fan"],"potions_floor_usage":[],"damage_taken":[{"damage":12.0,"enemies":"Jaw Worm","floor":1.0,"turns":2.0},{"damage":3.0,"enemies":"Small Slimes","floor":2.0,"turns":2.0},{"damage":6.0,"enemies":"Cultist","floor":3.0,"turns":3.0},{"damage":16.0,"enemies":"3 Sentries","floor":6.0,"turns":6.0},{"damage":23.0,"enemies":"Lagavulin","floor":8.0,"turns":7.0},{"damage":18.0,"enemies":"3 Sentries","floor":10.0,"turns":3.0},{"damage":0.0,"enemies":"2 Fungi Beasts","floor":12.0,"turns":1.0},{"damage":32.0,"enemies":"Gremlin Nob","floor":13.0,"turns":4.0},{"damage":0.0,"enemies":"Exordium Wildlife","floor":14.0,"turns":1.0},{"damage":13.0,"enemies":"Slime Boss","floor":16.0,"turns":6.0},{"damage":25.0,"enemies":"2 Thieves","floor":18.0,"turns":4.0},{"damage":23.0,"enemies":"Spheric Guardian","floor":19.0,"turns":5.0},{"damage":2.0,"enemies":"Centurion and Healer","floor":20.0,"turns":4.0},{"damage":44.0,"enemies":"Snake Plant","floor":21.0,"turns":7.0},{"damage":57,"enemies":"Book of Stabbing","floor":24,"turns":5}],"seed_played":"-6726525608298984418","potions_obtained":[{"floor":2.0,"key":"SpeedPotion"},{"floor":3.0,"key":"Fire Potion"},{"floor":16.0,"key":"Regen Potion"},{"floor":19.0,"key":"AttackPotion"},{"floor":20.0,"key":"GamblersBrew"}],"is_trial":false,"path_per_floor":["M","M","M","?","$","E","R","E","T","E","?","M","E","M","R","B",null,"M","M","M","M","$","R","E"],"character_chosen":"IRONCLAD","items_purchased":["True Grit","Anger","Ornamental Fan","Clothesline"],"campfire_rested":3,"item_purchase_floors":[5,5,22,22],"current_hp_per_floor":[62,65,65,54,54,44,64,47,47,45,45,51,25,31,69,62,74,55,52,56,18,18,56,0],"gold":35,"neow_bonus":"THREE_RARE_CARDS","is_prod":false,"is_daily":false,"chose_seed":false,"campfire_upgraded":0,"win_rate":0,"timestamp":1550827861,"path_taken":["M","M","M","?","$","E","R","E","T","E","?","M","E","M","R","BOSS","M","M","M","M","$","R","E"],"build_version":"2019-01-23","purchased_purges":1,"victory":false,"max_hp_per_floor":[68,68,68,68,68,68,68,68,68,78,78,78,78,78,78,78,78,78,78,78,78,78,78,78],"card_choices":[{"not_picked":["Barricade","Reaper"],"picked":"Immolate","floor":0.0},{"not_picked":["Heavy Blade","Anger"],"picked":"True Grit","floor":1.0},{"not_picked":["Bloodletting","Twin Strike"],"picked":"Anger","floor":2.0},{"not_picked":["Shrug It Off","Warcry"],"picked":"Demon Form","floor":3.0},{"not_picked":["Cleave","Perfected Strike"],"picked":"Body Slam","floor":6.0},{"not_picked":["Clothesline","Warcry"],"picked":"Reckless Charge","floor":8.0},{"not_picked":["Perfected Strike","Dual Wield"],"picked":"Fire Breathing","floor":10.0},{"not_picked":["Wild Strike","Flex","Anger"],"picked":"SKIP","floor":12.0},{"not_picked":["Blood for Blood","Perfected Strike"],"picked":"Battle Trance","floor":13.0},{"not_picked":["Cleave","Perfected Strike"],"picked":"Sword Boomerang","floor":14.0},{"not_picked":["Offering","Bludgeon"],"picked":"Limit Break","floor":16.0},{"not_picked":["Warcry","Twin Strike","Havoc+1"],"picked":"SKIP","floor":18.0},{"not_picked":["Warcry","Twin Strike"],"picked":"Havoc+1","floor":18.0},{"not_picked":["Thunderclap","Inflame"],"picked":"Battle Trance","floor":19.0},{"not_picked":["Thunderclap","Twin Strike","Headbutt"],"picked":"SKIP","floor":20.0},{"not_picked":["Havoc","Warcry"],"picked":"Evolve","floor":21.0}],"player_experience":655402,"relics_obtained":[{"floor":6.0,"key":"Bag of Marbles"},{"floor":8.0,"key":"Ancient Tea Set"},{"floor":9.0,"key":"Regal Pillow"},{"floor":10.0,"key":"Pear"},{"floor":13.0,"key":"Self Forming Clay"},{"floor":17.0,"key":"PreservedInsect"},{"floor":17.0,"key":"Kunai"},{"floor":17.0,"key":"Turnip"}],"event_choices":[{"damage_healed":0.0,"max_hp_gain":0.0,"max_hp_loss":0.0,"gold_gain":75.0,"event_name":"World of Goop","player_choice":"Gather Gold","floor":4.0,"gold_loss":0.0,"damage_taken":11.0},{"cards_removed":["Strike_R"],"damage_healed":0.0,"max_hp_gain":0.0,"max_hp_loss":0.0,"gold_gain":0.0,"event_name":"Living Wall","player_choice":"Forget","floor":11.0,"gold_loss":0.0,"damage_taken":0.0}],"is_beta":false,"boss_relics":[{"not_picked":["Black Star","Cursed Key"],"picked":"Calling Bell"}],"items_purged_floors":[5],"is_endless":false,"potions_floor_spawned":[2,3,16,19,20],"killed_by":"Book of Stabbing","ascension_level":20}