{"gold_per_floor":[112,130,105,115,126,156,156,168,168,418,428,455,455,475,475,574,574,593,568,618,631,85,118,118,130,155,155,155,0,0,16,16,112,112,127,0,0,20,20,20,49,49,75,75,75,85,101,121,121,121],"floor_reached":50,"playtime":3056,"items_purged":["Regret"],"score":782,"play_id":"e59c3a34-4897-4276-9c5e-ad30032be262","local_time":"20180707232329","is_ascension_mode":true,"campfire_choices":[{"data":"Streamline","floor":7,"key":"SMITH"},{"floor":15,"key":"REST"},{"data":"Defragment","floor":27,"key":"SMITH"},{"data":"Reinforced Body","floor":30,"key":"SMITH"},{"floor":32,"key":"REST"},{"data":"Zap","floor":40,"key":"SMITH"},{"floor":42,"key":"REST"},{"data":"Capacitor","floor":45,"key":"SMITH"},{"floor":49,"key":"REST"}],"neow_cost":"NONE","seed_source_timestamp":155187564801744,"circlet_count":0,"master_deck":["Strike_B","Strike_B","Strike_B","Defend_B","Defend_B","Defend_B","Defend_B","Zap+1","Dualcast","Cold Snap","Stack","Steam","Streamline+1","Chill","Rip and Tear","Beam Cell","Reinforced Body+1","BootSequence","Electrodynamics","Sweeping Beam+1","Go for the Eyes+1","Capacitor+1","Bandage Up","Melter","Defragment+1","All For One","Writhe","Doom and Gloom","Normality","Stack+1","Defragment","Scrape+1"],"relics":["Cracked Core","Blood Vial","Blue Candle","Bottled Flame","Eternal Feather","Nloth\u0027s Gift","Emotion Chip","Orichalcum","Oddly Smooth Stone","Nuclear Battery","Red Mask","Girya","Juzu Bracelet","DataDisk","Letter Opener"],"potions_floor_usage":[8,8,25,33,33,33,50,50,50],"damage_taken":[{"damage":0,"enemies":"Cultist","floor":1,"turns":3},{"damage":0,"enemies":"Jaw Worm","floor":2,"turns":4},{"damage":0,"enemies":"2 Louse","floor":4,"turns":2},{"damage":8,"enemies":"2 Fungi Beasts","floor":5,"turns":5},{"damage":25,"enemies":"Lagavulin","floor":6,"turns":7},{"damage":2,"enemies":"Gremlin Gang","floor":8,"turns":3},{"damage":17,"enemies":"Exordium Thugs","floor":11,"turns":4},{"damage":17,"enemies":"Gremlin Nob","floor":12,"turns":4},{"damage":0,"enemies":"3 Louse","floor":14,"turns":3},{"damage":14,"enemies":"The Guardian","floor":16,"turns":16},{"damage":13,"enemies":"Chosen","floor":18,"turns":6},{"damage":14,"enemies":"Spheric Guardian","floor":21,"turns":5},{"damage":19,"enemies":"Gremlin Leader","floor":23,"turns":8},{"damage":8,"enemies":"Cultist and Chosen","floor":25,"turns":5},{"damage":21,"enemies":"Centurion and Healer","floor":31,"turns":6},{"damage":70,"enemies":"Automaton","floor":33,"turns":12},{"damage":0,"enemies":"3 Shapes","floor":35,"turns":2},{"damage":19,"floor":37,"turns":8},{"damage":0,"enemies":"Orb Walker","floor":38,"turns":3},{"damage":59,"enemies":"Nemesis","floor":41,"turns":9},{"damage":27,"enemies":"3 Darklings","floor":46,"turns":4},{"damage":2,"enemies":"Sphere and 2 Shapes","floor":47,"turns":3},{"damage":24,"enemies":"Maw","floor":48,"turns":9},{"damage":71,"enemies":"Time Eater","floor":50,"turns":6}],"seed_played":"6786843085786280655","potions_obtained":[{"floor":1,"key":"SteroidPotion"},{"floor":4,"key":"FearPotion"},{"floor":8,"key":"Strength Potion"},{"floor":18,"key":"GamblersBrew"},{"floor":23,"key":"Fire Potion"},{"floor":25,"key":"AttackPotion"},{"floor":33,"key":"FearPotion"},{"floor":35,"key":"SpeedPotion"},{"floor":46,"key":"Ancient Potion"},{"floor":48,"key":"Poison Potion"}],"is_trial":false,"path_per_floor":["M","M","$","M","M","E","R","M","T","?","M","E","?","M","R","B",null,"M","?","?","M","$","E","?","M","T","R","$","?","R","M","R","B",null,"M","?","?","M","?","R","E","R","T","?","R","M","M","M","R"],"character_chosen":"DEFECT","items_purchased":["Steam","Emotion Chip","Capacitor","Bandage Up"],"campfire_rested":4,"item_purchase_floors":[3,22,22,22],"current_hp_per_floor":[82,82,82,82,74,49,49,49,49,49,34,19,19,21,45,33,82,69,69,69,57,57,44,36,30,30,40,40,40,50,35,69,5,82,82,82,63,65,82,82,27,61,61,61,71,46,46,28,64,0],"gold":121,"neow_bonus":"TEN_PERCENT_HP_BONUS","is_prod":false,"is_daily":false,"chose_seed":false,"campfire_upgraded":5,"win_rate":0,"timestamp":1531002209,"path_taken":["M","?","$","M","M","E","R","M","T","?","M","E","?","M","R","BOSS","M","?","?","M","$","E","?","M","T","R","$","?","R","?","R","BOSS","M","?","?","?","?","R","E","R","T","?","R","M","M","M","R","BOSS"],"build_version":"2018-07-05","purchased_purges":1,"victory":false,"max_hp_per_floor":[82,82,82,82,82,82,82,82,82,82,82,82,82,82,82,82,82,82,82,82,82,82,82,82,82,82,82,82,82,82,82,82,82,82,82,82,82,82,82,82,82,82,82,82,82,82,82,82,82,82],"card_choices":[{"not_picked":["Heatsinks","Self Repair"],"picked":"Cold Snap","floor":1},{"not_picked":["Cold Snap","Rip and Tear"],"picked":"Stack","floor":2},{"not_picked":["Conserve Battery","Go for the Eyes"],"picked":"Streamline","floor":4},{"not_picked":["Redo","Coolheaded"],"picked":"Chill","floor":5},{"not_picked":["Conserve Battery","Creative AI"],"picked":"Rip and Tear","floor":6},{"not_picked":["Gash","Compile Driver"],"picked":"Beam Cell","floor":8},{"not_picked":["Redo","Rebound"],"picked":"Reinforced Body","floor":11},{"not_picked":["Consume","Streamline"],"picked":"BootSequence","floor":12},{"not_picked":["Redo","Double Energy","Steam"],"picked":"SKIP","floor":14},{"not_picked":["Biased Cognition","Creative AI"],"picked":"Electrodynamics","floor":16},{"not_picked":["Leap","Sunder"],"picked":"Sweeping Beam+1","floor":18},{"not_picked":["Scrape","Streamline"],"picked":"Go for the Eyes+1","floor":21},{"not_picked":["Machine Learning","Compile Driver+1"],"picked":"Melter","floor":23},{"not_picked":["Cold Snap+1","White Noise+1"],"picked":"Defragment","floor":25},{"not_picked":["Sunder","Turbo","Buffer"],"picked":"SKIP","floor":31},{"not_picked":["Multi-Cast","Machine Learning"],"picked":"All For One","floor":33},{"not_picked":["Amplify","Reprogram","Meteor Strike"],"picked":"SKIP","floor":35},{"not_picked":["Hologram+1","Barrage","Stack+1"],"picked":"SKIP","floor":38},{"not_picked":["Sweeping Beam","Redo"],"picked":"Doom and Gloom","floor":41},{"not_picked":["Skim+1","All For One"],"picked":"Stack+1","floor":46},{"not_picked":["Beam Cell","Gash+1"],"picked":"Defragment","floor":47},{"not_picked":["Turbo","Melter+1"],"picked":"Scrape+1","floor":48}],"player_experience":517025,"relics_obtained":[{"floor":6,"key":"Blood Vial"},{"floor":9,"key":"Blue Candle"},{"floor":12,"key":"Bottled Flame"},{"floor":23,"key":"Orichalcum"},{"floor":26,"key":"Oddly Smooth Stone"},{"floor":37,"key":"Girya"},{"floor":41,"key":"Juzu Bracelet"},{"floor":43,"key":"DataDisk"}],"event_choices":[{"event_name":"Golden Shrine","player_choice":"Desecrate","floor":10,"damage_taken":0},{"event_name":"FaceTrader","player_choice":"Trade","floor":13,"damage_taken":0},{"event_name":"Beggar","player_choice":"Gave Gold","floor":19,"damage_taken":0},{"event_name":"N\u0027loth","player_choice":"Traded a SsserpentHead","floor":20,"damage_taken":0},{"event_name":"Knowing Skull","player_choice":"","floor":24,"damage_taken":0},{"event_name":"Masked Bandits","player_choice":"Paid Bandits 155 gold","floor":29,"damage_taken":0},{"event_name":"Tomb of Lord Red Mask","player_choice":"Paid","floor":36,"damage_taken":0},{"event_name":"MindBloom","player_choice":"Fight","floor":37,"damage_taken":0},{"event_name":"Winding Halls","player_choice":"Writhe","floor":39,"damage_taken":0},{"event_name":"Accursed Blacksmith","player_choice":"Rummage","floor":44,"damage_taken":0}],"boss_relics":[{"not_picked":["White Beast Statue","Black Star"],"picked":"Eternal Feather"},{"not_picked":["Velvet Choker","Tiny House"],"picked":"Nuclear Battery"}],"items_purged_floors":[22],"is_endless":false,"potions_floor_spawned":[1,4,8,18,23,25,33,35,46,48],"killed_by":"Time Eater","ascension_level":4}