{"gold_per_floor":[115,135,135,145,145,145,161,161,161,174,174,189,217,235,235,338,338,353,372,131,145,170,204,204,223,223,239,239,264,264,291,291,388,388,405,339,353,370,29,60,60,75,120,130,141,141],"floor_reached":46,"playtime":2199,"items_purged":["Defend_R","Decay"],"score":566,"play_id":"79789f02-107a-4a73-b955-87e3fcf3dbba","local_time":"20191014235342","is_ascension_mode":false,"campfire_choices":[{"data":"True Grit","floor":6.0,"key":"SMITH"},{"data":"Double Tap","floor":11.0,"key":"SMITH"},{"data":"Fiend Fire","floor":15.0,"key":"SMITH"},{"data":"Magnetism","floor":24,"key":"SMITH"},{"floor":30,"key":"REST"},{"data":"Dual Wield","floor":32,"key":"SMITH"},{"floor":41,"key":"RECALL"}],"neow_cost":"NONE","seed_source_timestamp":196159319736900,"circlet_count":0,"master_deck":["Strike_R","Strike_R","Strike_R","Strike_R","Strike_R","Defend_R","Defend_R","Defend_R","Bash","Fiend Fire+1","Armaments+1","True Grit+1","Anger","Double Tap+1","Rage","Perfected Strike","True Grit","Perfected Strike","Reaper","Thunderclap","Anger","Magnetism+1","Feel No Pain","Dual Wield+1","Headbutt+1","Perfected Strike+1","Pommel Strike+1","Spot Weakness+1","Body Slam+1","Anger+1","Juggernaut","Shockwave+1","Feel No Pain+1","Iron Wave+1","Panache+1","Metallicize+1","Shrug It Off+1","Feed+1","Shame","Anger+1","Dual Wield+1"],"special_seed":0,"relics":["Burning Blood","StoneCalendar","Magic Flower","Dream Catcher","Cursed Key","Red Mask","Molten Egg 2","Shuriken","Eternal Feather","Regal Pillow","Fusion Hammer","Frozen Egg 2","Toxic Egg 2","Toy Ornithopter"],"potions_floor_usage":[22,23,33,37,38,40,46,46],"damage_taken":[{"damage":0.0,"enemies":"2 Louse","floor":1.0,"turns":3.0},{"damage":6.0,"enemies":"Jaw Worm","floor":2.0,"turns":2.0},{"damage":1.0,"enemies":"Small Slimes","floor":4.0,"turns":4.0},{"damage":13.0,"enemies":"2 Fungi Beasts","floor":7.0,"turns":4.0},{"damage":10.0,"enemies":"Lots of Slimes","floor":10.0,"turns":4.0},{"damage":0.0,"enemies":"Exordium Wildlife","floor":12.0,"turns":3.0},{"damage":22.0,"enemies":"Gremlin Nob","floor":13.0,"turns":4.0},{"damage":0.0,"enemies":"2 Fungi Beasts","floor":14.0,"turns":3.0},{"damage":29.0,"enemies":"Slime Boss","floor":16.0,"turns":7.0},{"damage":23.0,"enemies":"Shell Parasite","floor":18.0,"turns":5.0},{"damage":20.0,"enemies":"3 Byrds","floor":19.0,"turns":5.0},{"damage":24,"enemies":"Snecko","floor":21,"turns":6},{"damage":25,"enemies":"Masked Bandits","floor":22,"turns":5},{"damage":12,"enemies":"Gremlin Leader","floor":23,"turns":7},{"damage":33,"enemies":"Shelled Parasite and Fungi","floor":25,"turns":6},{"damage":28,"enemies":"Snake Plant","floor":27,"turns":4},{"damage":18,"enemies":"Colosseum Slavers","floor":28,"turns":3},{"damage":49,"enemies":"Slavers","floor":29,"turns":5},{"damage":34,"enemies":"Gremlin Leader","floor":31,"turns":7},{"damage":60,"enemies":"Collector","floor":33,"turns":8},{"damage":24,"enemies":"3 Shapes","floor":35,"turns":5},{"damage":6,"enemies":"3 Darklings","floor":37,"turns":6},{"damage":29,"enemies":"Maw","floor":38,"turns":7},{"damage":18,"enemies":"Giant Head","floor":40,"turns":6},{"damage":10,"enemies":"Sphere and 2 Shapes","floor":42,"turns":4},{"damage":17,"enemies":"4 Shapes","floor":44,"turns":6},{"damage":36,"enemies":"Maw","floor":45,"turns":6},{"damage":74,"enemies":"Reptomancer","floor":46,"turns":5}],"seed_played":"-2059941682591764121","potions_obtained":[{"floor":1.0,"key":"Dexterity Potion"},{"floor":10.0,"key":"SkillPotion"},{"floor":12.0,"key":"LiquidMemories"},{"floor":18.0,"key":"LiquidMemories"},{"floor":22,"key":"Explosive Potion"},{"floor":29,"key":"Explosive Potion"},{"floor":31,"key":"Fire Potion"},{"floor":35,"key":"DuplicationPotion"},{"floor":37,"key":"Dexterity Potion"},{"floor":45,"key":"EssenceOfSteel"}],"is_trial":false,"path_per_floor":["M","M","?","M","?","R","M","?","T","M","R","M","E","M","R","B",null,"M","M","$","M","?","E","R","M","T","M","?","E","R","E","R","B",null,"M","?","M","M","$","E","R","M","T","M","M","E"],"character_chosen":"IRONCLAD","items_purchased":["Magnetism","Panache+1","Metallicize+1"],"campfire_rested":1,"item_purchase_floors":[20,39,39],"current_hp_per_floor":[80,80,80,80,85,85,78,75,75,74,74,83,70,79,79,59,85,77,77,77,71,67,79,79,55,55,47,47,25,65,62,80,44,85,70,70,85,65,65,85,85,84,84,76,58,0],"gold":141,"neow_bonus":"ONE_RANDOM_RARE_CARD","is_prod":false,"is_daily":false,"chose_seed":false,"campfire_upgraded":5,"win_rate":1,"timestamp":1571090022,"path_taken":["M","M","?","M","?","R","M","?","T","M","R","M","E","M","R","BOSS","M","M","$","M","?","E","R","M","T","M","?","E","R","E","R","BOSS","M","?","?","M","$","E","R","M","T","M","M","E"],"build_version":"2019-10-14","purchased_purges":2,"victory":false,"max_hp_per_floor":[80,80,80,80,85,85,85,85,85,85,85,85,85,85,85,85,85,85,85,85,85,85,85,85,85,85,85,85,85,85,85,85,85,85,85,85,85,85,85,85,85,85,85,85,85,85],"card_choices":[{"not_picked":["Corruption","Clothesline"],"picked":"Armaments","floor":1.0},{"not_picked":["Iron Wave","Warcry"],"picked":"True Grit","floor":2.0},{"not_picked":["Headbutt","Entrench"],"picked":"Anger","floor":4.0},{"not_picked":["Headbutt","Warcry"],"picked":"Double Tap","floor":7.0},{"not_picked":["Anger","Headbutt"],"picked":"Rage","floor":10.0},{"not_picked":["Twin Strike","Searing Blow"],"picked":"Perfected Strike","floor":12.0},{"not_picked":["Fire Breathing","Twin Strike"],"picked":"True Grit","floor":13.0},{"not_picked":["Burning Pact","Shrug It Off"],"picked":"Perfected Strike","floor":14.0},{"not_picked":["Impervious","Double Tap"],"picked":"Reaper","floor":16.0},{"not_picked":["Clash","Sword Boomerang"],"picked":"Thunderclap","floor":18.0},{"not_picked":["Intimidate","Fire Breathing"],"picked":"Anger","floor":19.0},{"not_picked":["Thunderclap","Pommel Strike"],"picked":"Feel No Pain","floor":21},{"not_picked":["Dropkick","Twin Strike"],"picked":"Dual Wield","floor":22},{"not_picked":["Pommel Strike+1","Iron Wave"],"picked":"Headbutt","floor":23},{"not_picked":["Feel No Pain","Reaper+1"],"picked":"Perfected Strike+1","floor":25},{"not_picked":["Uppercut+1","Heavy Blade+1"],"picked":"Pommel Strike+1","floor":27},{"not_picked":["Battle Trance","Rage"],"picked":"Spot Weakness+1","floor":29},{"not_picked":["Seeing Red","Intimidate"],"picked":"Body Slam+1","floor":30},{"not_picked":["Combust+1","Inflame"],"picked":"Anger+1","floor":31},{"not_picked":["Dark Embrace","Demon Form"],"picked":"Juggernaut","floor":33},{"not_picked":["Twin Strike+1","Entrench"],"picked":"Shockwave+1","floor":35},{"not_picked":["Thunderclap+1","Body Slam+1"],"picked":"Feel No Pain+1","floor":37},{"not_picked":["Heavy Blade+1","Entrench+1"],"picked":"Iron Wave+1","floor":38},{"not_picked":["Bloodletting","Warcry"],"picked":"Shrug It Off+1","floor":40},{"not_picked":["Spot Weakness+1","Perfected Strike+1"],"picked":"Feed+1","floor":42},{"not_picked":["Rampage+1","Warcry+1"],"picked":"Anger+1","floor":44},{"not_picked":["Thunderclap+1","True Grit+1"],"picked":"Dual Wield+1","floor":45}],"player_experience":8019,"relics_obtained":[{"floor":9.0,"key":"Magic Flower"},{"floor":13.0,"key":"Dream Catcher"},{"floor":22,"key":"Red Mask"},{"floor":23,"key":"Molten Egg 2"},{"floor":26,"key":"Shuriken"},{"floor":29,"key":"Eternal Feather"},{"floor":31,"key":"Regal Pillow"},{"floor":40,"key":"Toxic Egg 2"},{"floor":43,"key":"Toy Ornithopter"}],"event_choices":[{"damage_healed":0.0,"max_hp_gain":0.0,"max_hp_loss":0.0,"gold_gain":0.0,"event_name":"Living Wall","player_choice":"Grow","floor":3.0,"gold_loss":0.0,"damage_taken":0.0,"cards_upgraded":["Armaments"]},{"damage_healed":0.0,"max_hp_gain":5.0,"max_hp_loss":0.0,"gold_gain":0.0,"event_name":"Big Fish","player_choice":"Donut","floor":5.0,"gold_loss":0.0,"damage_taken":0.0},{"damage_healed":0.0,"max_hp_gain":0.0,"max_hp_loss":0.0,"gold_gain":0.0,"event_name":"Scrap Ooze","player_choice":"Success","floor":8.0,"gold_loss":0.0,"damage_taken":3.0,"relics_obtained":["StoneCalendar"]},{"damage_healed":0,"gold_gain":0,"player_choice":"Fought Bandits","damage_taken":0,"max_hp_gain":0,"max_hp_loss":0,"event_name":"Masked Bandits","floor":22,"gold_loss":0},{"damage_healed":0,"gold_gain":0,"player_choice":"Fight","damage_taken":0,"max_hp_gain":0,"max_hp_loss":0,"event_name":"Colosseum","floor":28,"gold_loss":0},{"damage_healed":0,"gold_gain":0,"player_choice":"Fled From Nobs","damage_taken":0,"max_hp_gain":0,"max_hp_loss":0,"event_name":"Colosseum","floor":28,"gold_loss":0},{"damage_healed":0,"gold_gain":0,"player_choice":"Paid Gold","damage_taken":0,"relics_obtained":["Frozen Egg 2"],"max_hp_gain":0,"max_hp_loss":0,"event_name":"WeMeetAgain","floor":36,"gold_loss":66}],"is_beta":true,"boss_relics":[{"not_picked":["Calling Bell","Snecko Eye"],"picked":"Cursed Key"},{"not_picked":["Black Star","Runic Dome"],"picked":"Fusion Hammer"}],"items_purged_floors":[20,39],"is_endless":false,"potions_floor_spawned":[1,10,12,18,22,28,29,31,35,37,45],"killed_by":"Reptomancer","ascension_level":0}