{"gold_per_floor":[118,118,134,149,114,114,114,114,162,177,209,3,28,47,47,143,143,124,124,124,138,153,188,11,11],"floor_reached":25,"playtime":1579,"items_purged":["Decay"],"score":431,"play_id":"7adbd121-d623-4b2d-8a30-880c10804179","local_time":"20180806205508","is_ascension_mode":true,"campfire_choices":[{"data":"Neutralize","floor":6,"key":"SMITH"},{"data":"Survivor","floor":8,"key":"SMITH"},{"floor":15,"key":"REST"}],"neow_cost":"NONE","seed_source_timestamp":1338158978724281,"circlet_count":0,"master_deck":["Defend_G","Defend_G","Defend_G+1","Defend_G+1","Defend_G","Strike_G","Strike_G","Strike_G","Strike_G","Survivor+1","Neutralize+1","Heel Hook","Dagger Throw","Bouncing Flask+1","Choke","Terror","Sucker Punch","Burst","Injury","Noxious Fumes","Flying Knee","Escape Plan","Poisoned Stab"],"relics":["Ring of the Snake","War Paint","Centennial Puzzle","Orichalcum","ClockworkSouvenir","Darkstone Periapt","Calling Bell","Dream Catcher","Pear","Gambling Chip","Spirit Poop","Vajra"],"potions_floor_usage":[11,16,23,23,23,25],"damage_taken":[{"damage":7,"enemies":"Small Slimes","floor":1,"turns":4},{"damage":5,"enemies":"Cultist","floor":3,"turns":5},{"damage":1,"enemies":"Jaw Worm","floor":4,"turns":4},{"damage":16,"enemies":"Exordium Wildlife","floor":10,"turns":4},{"damage":9,"enemies":"Gremlin Nob","floor":11,"turns":4},{"damage":11,"enemies":"3 Sentries","floor":13,"turns":10},{"damage":7,"enemies":"Exordium Thugs","floor":14,"turns":5},{"damage":0,"enemies":"Slime Boss","floor":16,"turns":11},{"damage":14,"enemies":"2 Thieves","floor":18,"turns":4},{"damage":0,"enemies":"Spheric Guardian","floor":21,"turns":2},{"damage":16,"enemies":"Chosen and Byrds","floor":22,"turns":7},{"damage":56,"enemies":"Gremlin Leader","floor":23,"turns":6},{"damage":26,"enemies":"3 Cultists","floor":25,"turns":6}],"seed_played":"1939451780637825869","potions_obtained":[{"floor":1,"key":"Regen Potion"},{"floor":3,"key":"Regen Potion"},{"floor":11,"key":"GhostInAJar"},{"floor":13,"key":"Block Potion"},{"floor":22,"key":"EssenceOfSteel"}],"is_trial":false,"path_per_floor":["M","?","M","M","?","R","?","R","T","M","E","$","E","M","R","B",null,"M","?","?","M","M","E","$"],"character_chosen":"THE_SILENT","items_purchased":["ClockworkSouvenir","GhostInAJar","Poisoned Stab"],"campfire_rested":1,"item_purchase_floors":[12,24,24],"current_hp_per_floor":[56,56,51,50,67,67,67,67,67,51,54,54,43,36,57,57,95,81,81,81,81,65,24,24,0],"gold":11,"neow_bonus":"RANDOM_COMMON_RELIC","is_prod":false,"is_daily":false,"chose_seed":false,"campfire_upgraded":2,"win_rate":0,"timestamp":1533585308,"path_taken":["M","?","M","M","?","R","?","R","T","M","E","$","E","M","R","BOSS","M","?","?","M","?","E","$","M"],"build_version":"2018-08-02","purchased_purges":1,"victory":false,"max_hp_per_floor":[70,70,70,70,70,70,70,70,70,70,70,70,70,70,70,70,98,98,98,98,98,98,98,98,98],"card_choices":[{"not_picked":["Accuracy","Deadly Poison","Riddle With Holes"],"picked":"SKIP","floor":1},{"not_picked":["Cloak And Dagger","Masterful Stab"],"picked":"Dagger Throw","floor":3},{"not_picked":["Caltrops","Cloak And Dagger"],"picked":"Bouncing Flask","floor":4},{"not_picked":["Adrenaline","Outmaneuver"],"picked":"Choke","floor":10},{"not_picked":["Dagger Throw","Outmaneuver"],"picked":"Terror","floor":11},{"not_picked":["Poisoned Stab","Predator","Prepared"],"picked":"SKIP","floor":13},{"not_picked":["All Out Attack","Prepared"],"picked":"Sucker Punch","floor":14},{"not_picked":["Storm of Steel","Night Terror"],"picked":"Burst","floor":16},{"not_picked":["Outmaneuver","Prepared","Acrobatics"],"picked":"SKIP","floor":18},{"not_picked":["Underhanded Strike","PiercingWail"],"picked":"Flying Knee","floor":21},{"not_picked":["Blade Dance","Outmaneuver","Finisher"],"picked":"SKIP","floor":22},{"not_picked":["Bane","Sucker Punch"],"picked":"Escape Plan","floor":23}],"player_experience":545151,"relics_obtained":[{"floor":9,"key":"Centennial Puzzle"},{"floor":11,"key":"Orichalcum"},{"floor":13,"key":"Darkstone Periapt"},{"floor":17,"key":"Dream Catcher"},{"floor":17,"key":"Pear"},{"floor":17,"key":"Gambling Chip"},{"floor":23,"key":"Vajra"}],"event_choices":[{"event_name":"Transmorgrifier","player_choice":"Transform","floor":2,"damage_taken":0},{"event_name":"The Cleric","player_choice":"Healed","floor":5,"damage_taken":0},{"event_name":"Living Wall","player_choice":"Grow","floor":7,"damage_taken":0},{"event_name":"The Library","player_choice":"Read","floor":19,"damage_taken":0},{"event_name":"Bonfire Elementals","player_choice":"CURSE","floor":20,"damage_taken":0}],"is_beta":false,"boss_relics":[{"not_picked":["WristBlade","Eternal Feather"],"picked":"Calling Bell"}],"items_purged_floors":[24],"is_endless":false,"potions_floor_spawned":[1,3,11,13,22],"killed_by":"3 Cultists","ascension_level":9}