{"gold_per_floor":[112,112,130,47,47,82,82,112,112,112,125,141,30,30,30,30],"floor_reached":16,"playtime":531,"items_purged":[],"score":259,"play_id":"b8895698-4351-4fe1-898a-ae903e2d45e3","local_time":"20181028084503","is_ascension_mode":true,"campfire_choices":[{"data":"Bash","floor":7,"key":"SMITH"},{"data":"Disarm","floor":10,"key":"SMITH"},{"data":"Disarm","floor":15,"key":"SMITH"}],"neow_cost":"NONE","seed_source_timestamp":410161065119,"circlet_count":0,"master_deck":["Strike_R","Strike_R","Strike_R","Strike_R","Strike_R","Defend_R","Defend_R","Defend_R","Defend_R","Bash+1","AscendersBane","Disarm","Disarm+1","Shrug It Off","Disarm+1","True Grit","Shrug It Off","Sword Boomerang"],"relics":["Burning Blood","NeowsBlessing","Turnip","Ginger","Calipers"],"potions_floor_usage":[16],"damage_taken":[{"damage":0,"enemies":"Jaw Worm","floor":1,"turns":1},{"damage":0,"enemies":"Small Slimes","floor":3,"turns":1},{"damage":0,"enemies":"Lagavulin","floor":6,"turns":1},{"damage":62,"enemies":"3 Sentries","floor":8,"turns":14},{"damage":6,"enemies":"2 Louse","floor":11,"turns":3},{"damage":6,"enemies":"Blue Slaver","floor":12,"turns":4},{"damage":26,"enemies":"Hexaghost","floor":16,"turns":14}],"seed_played":"9023232863158781311","potions_obtained":[{"floor":3,"key":"Energy Potion"},{"floor":12,"key":"Weak Potion"}],"is_trial":false,"path_per_floor":["M","?","M","$","?","E","R","E","T","R","M","M","$","?","R"],"character_chosen":"IRONCLAD","items_purchased":["Disarm","Shrug It Off","Sword Boomerang"],"campfire_rested":0,"item_purchase_floors":[4,13,13],"current_hp_per_floor":[74,79,80,80,80,80,80,24,24,24,24,24,24,24,24,0],"gold":30,"neow_bonus":"THREE_ENEMY_KILL","is_prod":false,"is_daily":false,"chose_seed":false,"campfire_upgraded":3,"win_rate":0,"timestamp":1540716303,"path_taken":["M","?","M","$","?","E","R","E","T","R","M","M","$","?","R","BOSS"],"build_version":"2018-10-25v2","purchased_purges":0,"victory":false,"max_hp_per_floor":[75,80,80,80,80,80,80,80,80,80,80,80,80,80,80,80],"card_choices":[{"not_picked":["Clash","Second Wind","Iron Wave"],"picked":"SKIP","floor":1},{"not_picked":["Shrug It Off","Metallicize"],"picked":"Disarm","floor":3},{"not_picked":["Searing Blow","Entrench"],"picked":"Shrug It Off","floor":6},{"not_picked":["Entrench","Brutality"],"picked":"Disarm","floor":8},{"not_picked":["Sever Soul","Clash","Warcry"],"picked":"SKIP","floor":11},{"not_picked":["Blood for Blood","Flex"],"picked":"True Grit","floor":12}],"player_experience":931456,"relics_obtained":[{"floor":6,"key":"Turnip"},{"floor":8,"key":"Ginger"},{"floor":9,"key":"Calipers"}],"event_choices":[{"damage_healed":0,"gold_gain":0,"player_choice":"Donut","damage_taken":0,"max_hp_gain":5,"max_hp_loss":0,"event_name":"Big Fish","floor":2,"gold_loss":0},{"damage_healed":0,"gold_gain":0,"player_choice":"Ignored","damage_taken":0,"max_hp_gain":0,"max_hp_loss":0,"event_name":"Liars Game","floor":5,"gold_loss":0},{"damage_healed":0,"gold_gain":0,"player_choice":"Ignored","damage_taken":0,"max_hp_gain":0,"max_hp_loss":0,"event_name":"Shining Light","floor":14,"gold_loss":0}],"is_beta":false,"boss_relics":[],"items_purged_floors":[],"is_endless":false,"potions_floor_spawned":[3,12],"killed_by":"Hexaghost","ascension_level":19}