{"gold_per_floor":[114,114,125,139,152,178,190,190,217,243,263,278,553,573,573,573],"floor_reached":16,"playtime":726,"items_purged":[],"score":232,"play_id":"93956cc5-d1ab-491c-ab3a-5e386fa9e5f7","local_time":"20190317165215","is_ascension_mode":true,"campfire_choices":[{"floor":8.0,"key":"REST"},{"floor":15.0,"key":"REST"}],"neow_cost":"NONE","seed_source_timestamp":22934013102509,"circlet_count":0,"master_deck":["AscendersBane","Defend_G","Defend_G","Defend_G","Defend_G","Strike_G","Strike_G","Strike_G","Strike_G","Strike_G","Survivor","Neutralize","Sucker Punch","Bouncing Flask+1","Riddle With Holes","PiercingWail","Well Laid Plans","Backflip","Riddle With Holes","Leg Sweep","Dagger Spray","Riddle With Holes","Regret","Cloak And Dagger"],"special_seed":0,"relics":["Ring of the Snake","Shuriken","Blood Vial","Anchor"],"potions_floor_usage":[16],"damage_taken":[{"damage":7.0,"enemies":"2 Louse","floor":1.0,"turns":3.0},{"damage":0.0,"enemies":"Cultist","floor":3.0,"turns":3.0},{"damage":7.0,"enemies":"Jaw Worm","floor":4.0,"turns":2.0},{"damage":4.0,"enemies":"Exordium Thugs","floor":5.0,"turns":4.0},{"damage":30.0,"enemies":"Lagavulin","floor":6.0,"turns":5.0},{"damage":3.0,"enemies":"Looter","floor":7.0,"turns":3.0},{"damage":6.0,"enemies":"Gremlin Nob","floor":10.0,"turns":3.0},{"damage":3.0,"enemies":"3 Louse","floor":11.0,"turns":3.0},{"damage":1.0,"enemies":"Exordium Wildlife","floor":12.0,"turns":3.0},{"damage":3.0,"enemies":"2 Fungi Beasts","floor":14.0,"turns":4.0},{"damage":40,"enemies":"Slime Boss","floor":16,"turns":8}],"seed_played":"-5860443831309168314","potions_obtained":[{"floor":4.0,"key":"Fire Potion"},{"floor":5.0,"key":"Energy Potion"},{"floor":7.0,"key":"Energy Potion"},{"floor":14.0,"key":"Poison Potion"}],"is_trial":false,"path_per_floor":["M","?","M","M","M","E","M","R","T","E","M","M","?","M","R","B"],"character_chosen":"THE_SILENT","items_purchased":[],"campfire_rested":2,"item_purchase_floors":[],"current_hp_per_floor":[52,52,52,45,41,11,8,27,27,23,22,23,23,22,41,3],"gold":573,"neow_bonus":"TRANSFORM_CARD","is_prod":false,"is_daily":false,"chose_seed":false,"campfire_upgraded":0,"win_rate":0,"timestamp":1552837935,"path_taken":["M","?","M","M","M","E","M","R","T","E","?","M","?","M","R","BOSS"],"build_version":"2019-01-23","purchased_purges":0,"victory":false,"max_hp_per_floor":[66,66,66,66,66,66,66,66,66,66,66,66,66,66,66,66],"card_choices":[{"not_picked":["Prepared","Tactician"],"picked":"Bouncing Flask","floor":1.0},{"not_picked":["Deflect","Blur"],"picked":"Riddle With Holes","floor":3.0},{"not_picked":["Quick Slash","Deflect"],"picked":"PiercingWail","floor":4.0},{"not_picked":["Concentrate","Sucker Punch"],"picked":"Well Laid Plans","floor":5.0},{"not_picked":["Accuracy","Bane"],"picked":"Backflip","floor":6.0},{"not_picked":["Acrobatics","Deflect"],"picked":"Riddle With Holes","floor":7.0},{"not_picked":["Cloak And Dagger","Storm of Steel"],"picked":"Leg Sweep","floor":10.0},{"not_picked":["Calculated Gamble","Backflip"],"picked":"Dagger Spray","floor":11.0},{"not_picked":["Prepared","Outmaneuver"],"picked":"Riddle With Holes","floor":12.0},{"not_picked":["Blade Dance","All Out Attack"],"picked":"Cloak And Dagger","floor":14.0}],"player_experience":715367,"relics_obtained":[{"floor":6.0,"key":"Shuriken"},{"floor":9.0,"key":"Blood Vial"},{"floor":10.0,"key":"Anchor"}],"event_choices":[{"damage_healed":0.0,"max_hp_gain":0.0,"max_hp_loss":0.0,"gold_gain":0.0,"event_name":"Accursed Blacksmith","player_choice":"Forge","floor":2.0,"gold_loss":0.0,"damage_taken":0.0,"cards_upgraded":["Bouncing Flask"]},{"damage_healed":0.0,"max_hp_gain":0.0,"max_hp_loss":0.0,"gold_gain":275.0,"event_name":"Golden Shrine","player_choice":"Desecrate","floor":13.0,"gold_loss":0.0,"damage_taken":0.0,"cards_obtained":["Regret"]}],"is_beta":false,"boss_relics":[],"items_purged_floors":[],"is_endless":false,"potions_floor_spawned":[4,5,7,14],"killed_by":"Slime Boss","ascension_level":20}