{"gold_per_floor":[114,114,126,140,153,153,166,181,208,208,219,219,24,24,24,145,145,170,170,190,61,82,82,82],"floor_reached":24,"playtime":1574,"items_purged":[],"score":228,"play_id":"3546e1b3-4d74-4969-ad69-ecdb734f116a","local_time":"20190328205144","is_ascension_mode":true,"campfire_choices":[{"data":"Coolheaded","floor":6.0,"key":"SMITH"},{"data":"Coolheaded","floor":10.0,"key":"SMITH"},{"data":"Apotheosis","floor":15.0,"key":"SMITH"},{"data":"Echo Form","floor":23,"key":"SMITH"}],"neow_cost":"TEN_PERCENT_HP_LOSS","seed_source_timestamp":324267553235931,"circlet_count":0,"master_deck":["Strike_B","Strike_B","Defend_B","Defend_B","Defend_B","Defend_B","Zap+1","Dualcast","Scrape","Coolheaded+1","Defragment","Coolheaded+1","Glacier","Echo Form+1","Apotheosis+1","Hyperbeam","Barrage","Self Repair"],"special_seed":0,"relics":["Cracked Core","Regal Pillow","Golden Idol","Inserter"],"potions_floor_usage":[24],"damage_taken":[{"damage":0.0,"enemies":"Jaw Worm","floor":1.0,"turns":4.0},{"damage":0.0,"enemies":"Cultist","floor":3.0,"turns":3.0},{"damage":2.0,"enemies":"2 Louse","floor":4.0,"turns":3.0},{"damage":12.0,"enemies":"2 Fungi Beasts","floor":5.0,"turns":4.0},{"damage":10.0,"enemies":"3 Louse","floor":7.0,"turns":3.0},{"damage":0.0,"enemies":"Large Slime","floor":8.0,"turns":5.0},{"damage":0.0,"enemies":"2 Fungi Beasts","floor":11.0,"turns":4.0},{"damage":34.0,"enemies":"Hexaghost","floor":16.0,"turns":9.0},{"damage":0.0,"enemies":"Spheric Guardian","floor":18.0,"turns":7.0},{"damage":2.0,"enemies":"Chosen","floor":20.0,"turns":9.0},{"damage":5.0,"enemies":"Centurion and Healer","floor":22.0,"turns":8.0},{"damage":67,"enemies":"Gremlin Leader","floor":24,"turns":4}],"seed_played":"8150627878175213883","potions_obtained":[{"floor":1.0,"key":"SkillPotion"},{"floor":5.0,"key":"Energy Potion"},{"floor":7.0,"key":"Swift Potion"},{"floor":16.0,"key":"Weak Potion"},{"floor":20.0,"key":"FocusPotion"}],"is_trial":false,"path_per_floor":["M","?","M","M","M","R","M","M","T","R","M","?","$","?","R","B",null,"M","?","M","$","M","R","E"],"character_chosen":"DEFECT","items_purchased":["Apotheosis","Barrage","Self Repair"],"campfire_rested":0,"item_purchase_floors":[13,21,21],"current_hp_per_floor":[68,68,68,66,54,54,44,44,44,44,44,44,44,63,63,29,63,63,63,61,61,63,63,0],"gold":82,"neow_bonus":"REMOVE_TWO","is_prod":false,"is_daily":false,"chose_seed":false,"campfire_upgraded":4,"win_rate":0,"timestamp":1553831504,"path_taken":["M","?","M","?","M","R","M","M","T","R","M","?","$","?","R","BOSS","M","?","M","$","M","R","E"],"build_version":"2019-01-23","purchased_purges":0,"victory":false,"max_hp_per_floor":[68,68,68,68,68,68,68,68,68,68,68,63,63,63,63,63,63,63,63,63,63,63,63,63],"card_choices":[{"not_picked":["Double Energy","Self Repair"],"picked":"Scrape","floor":1.0},{"not_picked":["Streamline","Static Discharge"],"picked":"Coolheaded","floor":3.0},{"not_picked":["White Noise","Hello World","Barrage"],"picked":"SKIP","floor":4.0},{"not_picked":["Hologram","Consume"],"picked":"Defragment","floor":5.0},{"not_picked":["Chaos","Compile Driver"],"picked":"Coolheaded","floor":7.0},{"not_picked":["Redo","Sweeping Beam"],"picked":"Glacier","floor":8.0},{"not_picked":["Reprogram","Cold Snap"],"picked":"Echo Form","floor":11.0},{"not_picked":["Core Surge","Multi-Cast"],"picked":"Hyperbeam","floor":16.0},{"not_picked":["Conserve Battery","Aggregate","Sunder"],"picked":"SKIP","floor":18.0},{"not_picked":["Sweeping Beam","Fusion+1","Streamline"],"picked":"SKIP","floor":20.0},{"not_picked":["Go for the Eyes","Auto Shields","Streamline"],"picked":"SKIP","floor":22}],"player_experience":74539,"relics_obtained":[{"floor":9.0,"key":"Regal Pillow"}],"event_choices":[{"damage_healed":0.0,"max_hp_gain":0.0,"max_hp_loss":0.0,"gold_gain":0.0,"event_name":"Upgrade Shrine","player_choice":"Upgraded","floor":2.0,"gold_loss":0.0,"damage_taken":0.0,"cards_upgraded":["Zap"]},{"damage_healed":0.0,"max_hp_gain":0.0,"max_hp_loss":5.0,"gold_gain":0.0,"event_name":"Golden Idol","player_choice":"Lose Max HP","floor":12.0,"gold_loss":0.0,"damage_taken":0.0,"relics_obtained":["Golden Idol"]},{"damage_healed":21.0,"max_hp_gain":0.0,"max_hp_loss":0.0,"gold_gain":0.0,"event_name":"Big Fish","player_choice":"Banana","floor":14.0,"gold_loss":0.0,"damage_taken":0.0},{"damage_healed":0.0,"max_hp_gain":0.0,"max_hp_loss":0.0,"gold_gain":0.0,"event_name":"The Mausoleum","player_choice":"Ignored","floor":19.0,"gold_loss":0.0,"damage_taken":0.0}],"is_beta":false,"boss_relics":[{"not_picked":["Lizard Tail","Fusion Hammer"],"picked":"Inserter"}],"items_purged_floors":[],"is_endless":false,"potions_floor_spawned":[1,5,7,16,20,22],"killed_by":"Gremlin Leader","ascension_level":4}