{"gold_per_floor":[119,119,119,4,22,48,61,61,115,147,157,189,209,239,239,315,315,295,49,62,77,77],"floor_reached":22,"playtime":1151,"items_purged":["Strike_G","Strike_G"],"score":466,"play_id":"13faffa5-5c91-4cd9-898a-a5314c0c1942","local_time":"20190708181746","is_ascension_mode":true,"campfire_choices":[{"data":"Noxious Fumes","floor":8,"key":"SMITH"},{"floor":15,"key":"REST"}],"neow_cost":"NONE","seed_source_timestamp":947802056289742,"circlet_count":0,"master_deck":["AscendersBane","Strike_G","Strike_G","Strike_G","Defend_G","Defend_G","Defend_G","Defend_G","Defend_G","Survivor","Neutralize","Infinite Blades","Noxious Fumes+1","Choke","Cloak And Dagger","Leg Sweep","Backstab","Terror","Backflip","Glass Knife","Deadly Poison","Night Terror","Corpse Explosion","PiercingWail"],"relics":["Ring of the Snake","NeowsBlessing","Bag of Marbles","Lantern","Regal Pillow","Oddly Smooth Stone","Paper Crane","Snecko Eye"],"potions_floor_usage":[16,22],"damage_taken":[{"damage":0,"enemies":"2 Louse","floor":1,"turns":1},{"damage":0,"enemies":"Small Slimes","floor":5,"turns":1},{"damage":0,"enemies":"Lagavulin","floor":6,"turns":1},{"damage":2,"enemies":"Jaw Worm","floor":7,"turns":4},{"damage":27,"enemies":"Gremlin Nob","floor":10,"turns":5},{"damage":0,"enemies":"Gremlin Gang","floor":11,"turns":6},{"damage":13,"enemies":"Lagavulin","floor":12,"turns":6},{"damage":0,"enemies":"2 Fungi Beasts","floor":13,"turns":1},{"damage":1,"enemies":"Gremlin Nob","floor":14,"turns":3},{"damage":27,"enemies":"Slime Boss","floor":16,"turns":10},{"damage":15,"enemies":"2 Thieves","floor":18,"turns":4},{"damage":33,"enemies":"3 Byrds","floor":20,"turns":3},{"damage":11,"enemies":"Centurion and Healer","floor":21,"turns":4},{"damage":4,"enemies":"Snake Plant","floor":22,"turns":4}],"seed_played":"-692200644504819902","potions_obtained":[{"floor":1,"key":"Weak Potion"},{"floor":6,"key":"SpeedPotion"},{"floor":12,"key":"Energy Potion"},{"floor":21,"key":"LiquidBronze"}],"is_trial":false,"path_per_floor":["M","?","?","$","M","E","M","R","T","E","M","E","M","E","R","B",null,"M","$","M","M","M"],"character_chosen":"THE_SILENT","items_purchased":["Noxious Fumes","Corpse Explosion"],"campfire_rested":1,"item_purchase_floors":[4,19],"current_hp_per_floor":[59,59,64,64,64,64,62,62,62,35,35,22,22,21,57,30,61,46,46,13,2,0],"gold":77,"neow_bonus":"THREE_ENEMY_KILL","is_prod":false,"is_daily":false,"chose_seed":false,"campfire_upgraded":1,"win_rate":0,"timestamp":1562606266,"path_taken":["M","?","?","$","?","E","M","R","T","E","?","E","M","E","R","BOSS","M","$","M","M","M"],"build_version":"2019-07-05","purchased_purges":2,"victory":false,"max_hp_per_floor":[66,66,71,71,71,71,71,71,71,71,71,71,71,71,71,71,71,71,71,71,71,71],"card_choices":[{"not_picked":["Cloak And Dagger","Dagger Throw"],"picked":"Infinite Blades","floor":1},{"not_picked":["Accuracy","Dodge and Roll"],"picked":"Choke","floor":5},{"not_picked":["Deadly Poison","Terror"],"picked":"Cloak And Dagger","floor":6},{"not_picked":["Outmaneuver","Dodge and Roll"],"picked":"Leg Sweep","floor":7},{"not_picked":["Setup","Dodge and Roll"],"picked":"Backstab","floor":10},{"not_picked":["Quick Slash","Terror","Underhanded Strike"],"picked":"SKIP","floor":11},{"not_picked":["Quick Slash","Underhanded Strike"],"picked":"Terror","floor":11},{"not_picked":["Dagger Spray","Cloak And Dagger"],"picked":"Backflip","floor":12},{"not_picked":["Poisoned Stab","Reflex"],"picked":"Glass Knife","floor":13},{"not_picked":["Flying Knee","Quick Slash"],"picked":"Deadly Poison","floor":14},{"not_picked":["Doppelganger","Phantasmal Killer"],"picked":"Night Terror","floor":16},{"not_picked":["Outmaneuver","Prepared","Blade Dance"],"picked":"SKIP","floor":18},{"not_picked":["Dagger Spray","Backstab+1","Caltrops"],"picked":"SKIP","floor":20},{"not_picked":["Dagger Throw","Quick Slash"],"picked":"PiercingWail","floor":21}],"player_experience":1146498,"relics_obtained":[{"floor":6,"key":"Bag of Marbles"},{"floor":9,"key":"Lantern"},{"floor":10,"key":"Regal Pillow"},{"floor":12,"key":"Oddly Smooth Stone"},{"floor":14,"key":"Paper Crane"}],"event_choices":[{"damage_healed":0,"gold_gain":0,"player_choice":"Leave","damage_taken":0,"max_hp_gain":0,"max_hp_loss":0,"event_name":"The Cleric","floor":2,"gold_loss":0},{"damage_healed":0,"gold_gain":0,"player_choice":"Donut","damage_taken":0,"max_hp_gain":5,"max_hp_loss":0,"event_name":"Big Fish","floor":3,"gold_loss":0}],"is_beta":false,"boss_relics":[{"not_picked":["Ectoplasm","Runic Pyramid"],"picked":"Snecko Eye"}],"items_purged_floors":[4,19],"is_endless":false,"potions_floor_spawned":[1,6,7,12,13,21],"killed_by":"Snake Plant","ascension_level":15}