{"gold_per_floor":[117,192,192,206,32,32,57,70,118,118,148,166,183,198,198,272,272,284,284,297,397,397,397,397],"floor_reached":24,"playtime":884,"items_purged":[],"score":452,"play_id":"516ea34e-e008-4998-991c-6761c82b63a4","local_time":"20181008180749","is_ascension_mode":true,"campfire_choices":[{"data":"Wild Strike","floor":6,"key":"SMITH"},{"data":"Whirlwind","floor":10,"key":"SMITH"},{"data":"True Grit","floor":15,"key":"SMITH"},{"floor":23,"key":"REST"}],"neow_cost":"NONE","seed_source_timestamp":53227525437734,"circlet_count":0,"master_deck":["Defend_R","Defend_R","Defend_R","Defend_R","Bash","AscendersBane","Wild Strike+1","True Grit+1","Rampage","Whirlwind+1","Shrug It Off","Clothesline","Sword Boomerang","Offering","Pummel","Shrug It Off","Intimidate+1","Bite","Bite","Bite","Bite","Bite"],"relics":["Burning Blood","NeowsBlessing","Bronze Scales","Lantern","Vajra","Omamori","Mark of Pain","Gambling Chip","Gremlin Horn"],"potions_floor_usage":[16,18,21,24],"damage_taken":[{"damage":0,"enemies":"Small Slimes","floor":1,"turns":2},{"damage":0,"enemies":"Jaw Worm","floor":4,"turns":1},{"damage":0,"enemies":"Lagavulin","floor":7,"turns":1},{"damage":0,"enemies":"2 Louse","floor":8,"turns":2},{"damage":8,"enemies":"Gremlin Nob","floor":11,"turns":3},{"damage":7,"enemies":"Lots of Slimes","floor":12,"turns":2},{"damage":4,"enemies":"Blue Slaver","floor":13,"turns":3},{"damage":4,"enemies":"Exordium Wildlife","floor":14,"turns":3},{"damage":51,"enemies":"Hexaghost","floor":16,"turns":10},{"damage":29,"enemies":"2 Thieves","floor":18,"turns":3},{"damage":10,"enemies":"Chosen","floor":20,"turns":4},{"damage":22,"enemies":"Colosseum Slavers","floor":21,"turns":5},{"damage":26,"enemies":"Colosseum Nobs","floor":21,"turns":4},{"damage":32,"enemies":"Book of Stabbing","floor":24,"turns":4}],"seed_played":"-4702167056480873922","potions_obtained":[{"floor":4,"key":"Regen Potion"},{"floor":8,"key":"EssenceOfSteel"},{"floor":12,"key":"Strength Potion"},{"floor":16,"key":"BloodPotion"},{"floor":21,"key":"SpeedPotion"}],"is_trial":false,"path_per_floor":["M","?","?","M","$","R","E","M","T","R","E","M","M","M","R","B",null,"M","?","M","?","?","R"],"character_chosen":"IRONCLAD","items_purchased":["Bronze Scales"],"campfire_rested":1,"item_purchase_floors":[5],"current_hp_per_floor":[74,63,63,69,69,69,75,75,75,75,73,72,74,75,75,30,64,48,48,44,8,8,23,0],"gold":397,"neow_bonus":"THREE_ENEMY_KILL","is_prod":false,"is_daily":false,"chose_seed":false,"campfire_upgraded":3,"win_rate":0,"timestamp":1539018469,"path_taken":["M","?","?","M","?","R","E","?","T","R","E","?","?","M","R","BOSS","M","?","M","?","?","R","E"],"build_version":"2018-10-04v2","purchased_purges":0,"victory":false,"max_hp_per_floor":[75,75,75,75,75,75,75,75,75,75,75,75,75,75,75,75,75,75,75,75,75,52,52,52],"card_choices":[{"not_picked":["Clash","Iron Wave"],"picked":"Wild Strike","floor":1},{"not_picked":["Metallicize","Combust"],"picked":"True Grit","floor":4},{"not_picked":["Iron Wave","Sentinel"],"picked":"Rampage","floor":7},{"not_picked":["Metallicize","Wild Strike"],"picked":"Whirlwind","floor":8},{"not_picked":["Rupture","Body Slam"],"picked":"Shrug It Off","floor":11},{"not_picked":["Havoc","Burning Pact","Warcry"],"picked":"SKIP","floor":12},{"not_picked":["Iron Wave","Thunderclap"],"picked":"Clothesline","floor":13},{"not_picked":["Bloodletting","Sentinel"],"picked":"Sword Boomerang","floor":14},{"not_picked":["Double Tap","Feed"],"picked":"Offering","floor":16},{"not_picked":["Clothesline","Clash"],"picked":"Pummel","floor":18},{"not_picked":["Sword Boomerang","Twin Strike+1"],"picked":"Shrug It Off","floor":20},{"not_picked":["Burning Pact+1","Dropkick"],"picked":"Intimidate+1","floor":21}],"player_experience":802212,"relics_obtained":[{"floor":7,"key":"Lantern"},{"floor":9,"key":"Vajra"},{"floor":11,"key":"Omamori"},{"floor":21,"key":"Gambling Chip"},{"floor":21,"key":"Gremlin Horn"}],"event_choices":[{"event_name":"World of Goop","player_choice":"Gather Gold","floor":2,"damage_taken":0},{"event_name":"Match and Keep!","player_choice":"0 cards matched","floor":3,"damage_taken":0},{"event_name":"Ghosts","player_choice":"Ignored","floor":19,"damage_taken":0},{"event_name":"Colosseum","player_choice":"Fight","floor":21,"damage_taken":0},{"event_name":"Colosseum","player_choice":"Fought Nobs","floor":21,"damage_taken":0},{"event_name":"Vampires","player_choice":"Became a vampire","floor":22,"damage_taken":0}],"is_beta":false,"boss_relics":[{"not_picked":["Runic Cube","Ectoplasm"],"picked":"Mark of Pain"}],"items_purged_floors":[],"is_endless":false,"potions_floor_spawned":[4,8,12,16,21,21],"killed_by":"Book of Stabbing","ascension_level":17}