{"gold_per_floor":[112,122,134,134,134,168,168,168,192,192,152,152,172,201,201,272,272,286,286,334,7,23,55,55,55,55,55,16,16,26,26],"floor_reached":31,"playtime":832,"items_purged":["Strike_R"],"score":492,"play_id":"80b80ae3-2a56-4d01-89a3-c754f0b0d815","local_time":"20190814201548","is_ascension_mode":true,"campfire_choices":[{"data":"Bash","floor":8,"key":"SMITH"},{"data":"Headbutt","floor":10,"key":"SMITH"},{"data":"Intimidate","floor":12,"key":"SMITH"},{"data":"Flame Barrier","floor":15,"key":"SMITH"},{"data":"Demon Form","floor":25,"key":"SMITH"},{"data":"1","floor":27,"key":"LIFT"},{"data":"Ghostly","floor":29,"key":"SMITH"}],"neow_cost":"NONE","seed_source_timestamp":54513310177500,"circlet_count":0,"master_deck":["AscendersBane","Strike_R+1","Strike_R+1","Defend_R","Defend_R","Defend_R","Defend_R","Bash+1","Headbutt+1","Intimidate+1","Rampage+1","Anger+1","Pommel Strike+1","Flame Barrier+1","Demon Form+1","Twin Strike+1","Sword Boomerang+1","Reckless Charge+1","True Grit","Heavy Blade+1","Infernal Blade+1","Ghostly+1","Ghostly","Ghostly","Anger+1","Flex","Shrug It Off"],"relics":["Burning Blood","Molten Egg 2","Bag of Preparation","Potion Belt","Strawberry","Red Skull","Black Star","Whetstone","Membership Card","Ornamental Fan","Pantograph","Girya"],"potions_floor_usage":[6,14,16,16,16,22,23,30,31],"damage_taken":[{"damage":8,"enemies":"Small Slimes","floor":1,"turns":5},{"damage":7,"enemies":"Jaw Worm","floor":2,"turns":3},{"damage":0,"enemies":"Cultist","floor":3,"turns":3},{"damage":25,"enemies":"Lagavulin","floor":6,"turns":5},{"damage":13,"enemies":"Large Slime","floor":13,"turns":5},{"damage":6,"enemies":"Gremlin Nob","floor":14,"turns":3},{"damage":26,"enemies":"The Guardian","floor":16,"turns":9},{"damage":0,"enemies":"3 Byrds","floor":18,"turns":1},{"damage":0,"enemies":"Spheric Guardian","floor":22,"turns":1},{"damage":44,"enemies":"Gremlin Leader","floor":23,"turns":7},{"damage":0,"enemies":"Shelled Parasite and Fungi","floor":30,"turns":3},{"damage":49,"enemies":"Slavers","floor":31,"turns":5}],"seed_played":"3223572957900264042","potions_obtained":[{"floor":3,"key":"FearPotion"},{"floor":11,"key":"SteroidPotion"},{"floor":11,"key":"Strength Potion"},{"floor":11,"key":"Fire Potion"},{"floor":13,"key":"Strength Potion"},{"floor":14,"key":"AttackPotion"},{"floor":16,"key":"Block Potion"},{"floor":18,"key":"FearPotion"},{"floor":23,"key":"EssenceOfSteel"}],"is_trial":false,"path_per_floor":["M","M","M","?","T","E","?","R","T","R","?","R","M","E","R","B",null,"M","?","T","$","M","E","?","R","T","R","$","R","M","E"],"character_chosen":"IRONCLAD","items_purchased":["Membership Card","True Grit","Anger+1","Flex"],"campfire_rested":0,"item_purchase_floors":[21,21,28,28],"current_hp_per_floor":[73,72,78,78,78,59,54,54,61,61,61,61,54,54,54,34,75,81,81,81,81,87,49,44,44,44,44,44,44,44,0],"gold":26,"neow_bonus":"TEN_PERCENT_HP_BONUS","is_prod":false,"is_daily":false,"chose_seed":false,"campfire_upgraded":6,"win_rate":0,"timestamp":1565806548,"path_taken":["M","M","M","?","?","E","?","R","T","R","?","R","?","E","R","BOSS","M","?","?","$","M","E","?","R","T","R","$","R","M","E"],"build_version":"2019-07-17","purchased_purges":1,"victory":false,"max_hp_per_floor":[82,82,82,82,82,82,82,82,89,89,89,89,89,89,89,89,89,89,89,89,89,89,89,44,44,44,44,44,44,44,44],"card_choices":[{"not_picked":["Clash","Shrug It Off"],"picked":"Headbutt","floor":1},{"not_picked":["Warcry","Perfected Strike"],"picked":"Intimidate","floor":2},{"not_picked":["Flex","Reckless Charge"],"picked":"Rampage","floor":3},{"not_picked":["Limit Break","Sword Boomerang+1"],"picked":"Anger+1","floor":6},{"not_picked":["Perfected Strike+1","Shrug It Off"],"picked":"Pommel Strike+1","floor":13},{"not_picked":["Headbutt+1","Clash+1"],"picked":"Flame Barrier","floor":14},{"not_picked":["Limit Break","Dark Embrace"],"picked":"Demon Form","floor":16},{"not_picked":["Hemokinesis+1","Corruption"],"picked":"Twin Strike+1","floor":18},{"not_picked":["Warcry+1","Pummel+1"],"picked":"Heavy Blade+1","floor":22},{"not_picked":["Berserk","Sentinel"],"picked":"Infernal Blade+1","floor":23},{"not_picked":["Perfected Strike+1","Twin Strike+1"],"picked":"Shrug It Off","floor":30}],"player_experience":1894087,"relics_obtained":[{"floor":5,"key":"Molten Egg 2"},{"floor":6,"key":"Bag of Preparation"},{"floor":9,"key":"Strawberry"},{"floor":14,"key":"Red Skull"},{"floor":20,"key":"Whetstone"},{"floor":23,"key":"Ornamental Fan"},{"floor":23,"key":"Pantograph"},{"floor":26,"key":"Girya"}],"event_choices":[{"damage_healed":0,"gold_gain":0,"player_choice":"Grow","damage_taken":0,"max_hp_gain":0,"max_hp_loss":0,"event_name":"Living Wall","floor":4,"gold_loss":0,"cards_upgraded":["Rampage"]},{"damage_healed":0,"gold_gain":0,"player_choice":"Success","damage_taken":5,"relics_obtained":["Potion Belt"],"max_hp_gain":0,"max_hp_loss":0,"event_name":"Scrap Ooze","floor":7,"gold_loss":0},{"damage_healed":0,"gold_gain":0,"player_choice":"Bought 3 Potions","damage_taken":0,"max_hp_gain":0,"max_hp_loss":0,"event_name":"The Woman in Blue","floor":11,"gold_loss":0},{"damage_healed":0,"gold_gain":0,"cards_transformed":["Strike_R","Strike_R"],"player_choice":"Became Test Subject","damage_taken":0,"max_hp_gain":0,"max_hp_loss":0,"event_name":"Drug Dealer","floor":19,"gold_loss":0,"cards_obtained":["Sword Boomerang","Reckless Charge"]},{"damage_healed":0,"gold_gain":0,"player_choice":"Became a Ghost","damage_taken":0,"max_hp_gain":0,"max_hp_loss":45,"event_name":"Ghosts","floor":24,"gold_loss":0,"cards_obtained":["Ghostly","Ghostly","Ghostly"]}],"is_beta":false,"boss_relics":[{"not_picked":["Sozu","Coffee Dripper"],"picked":"Black Star"}],"items_purged_floors":[21],"is_endless":false,"potions_floor_spawned":[3,13,14,16,18,23],"killed_by":"Slavers","ascension_level":18}