{"gold_per_floor":[366,366,46,221,221,221,42,86,86,122,140,173,243,259,259,354,354,379,379,379,654,143,143],"floor_reached":23,"playtime":1173,"items_purged":["Doubt","Bullet Time"],"score":360,"play_id":"f7369eab-b026-4c4a-8f95-c4b1381910fd","local_time":"20190513234005","is_ascension_mode":true,"campfire_choices":[{"data":"Underhanded Strike","floor":6,"key":"SMITH"},{"floor":15,"key":"REST"}],"neow_cost":"TEN_PERCENT_HP_LOSS","seed_source_timestamp":1574693441627109,"circlet_count":0,"master_deck":["AscendersBane","Survivor+1","Neutralize","Underhanded Strike+1","Backflip","Footwork","Noxious Fumes","Deadly Poison","Bouncing Flask","Well Laid Plans","PiercingWail","Envenom","Predator","After Image","Unload","Acrobatics","Die Die Die","Phantasmal Killer+1","Grand Finale","After Image","Dodge and Roll","Backstab","Venomology"],"relics":["Ring of the Snake","Golden Idol","TwistedFunnel","Omamori","Pocketwatch","Juzu Bracelet","The Specimen","Blue Candle","Pandora\u0027s Box","Snake Skull","Paper Crane","War Paint"],"potions_floor_usage":[10,10,16,23],"damage_taken":[{"damage":7,"enemies":"Small Slimes","floor":1,"turns":4},{"damage":37,"enemies":"Lagavulin","floor":8,"turns":7},{"damage":13,"enemies":"3 Sentries","floor":10,"turns":7},{"damage":0,"enemies":"Jaw Worm","floor":11,"turns":4},{"damage":23,"enemies":"Lagavulin","floor":12,"turns":5},{"damage":0,"enemies":"2 Louse","floor":14,"turns":2},{"damage":5,"enemies":"Hexaghost","floor":16,"turns":8},{"damage":21,"enemies":"3 Byrds","floor":18,"turns":4},{"damage":42,"enemies":"Slavers","floor":23,"turns":3}],"seed_played":"-8644257607460497349","potions_obtained":[{"floor":1,"key":"Regen Potion"},{"floor":8,"key":"Poison Potion"},{"floor":10,"key":"FearPotion"},{"floor":14,"key":"Regen Potion"},{"floor":18,"key":"Ancient Potion"}],"is_trial":false,"path_per_floor":["M","?","$","?","?","R","$","E","T","E","M","E","T","M","R","B",null,"M","?","?","?","$","E"],"character_chosen":"THE_SILENT","items_purchased":["TwistedFunnel","Backflip","Footwork","Noxious Fumes","Deadly Poison","Paper Crane","War Paint"],"campfire_rested":1,"item_purchase_floors":[3,3,3,7,7,22,22],"current_hp_per_floor":[56,56,56,56,61,61,61,24,24,26,26,3,3,3,21,31,55,34,34,34,34,34,0],"gold":143,"neow_bonus":"TWO_FIFTY_GOLD","is_prod":false,"is_daily":false,"chose_seed":false,"campfire_upgraded":1,"win_rate":0,"timestamp":1557787205,"path_taken":["M","?","$","?","?","R","$","E","T","E","M","E","?","M","R","BOSS","M","?","?","?","$","E"],"build_version":"2019-01-23","purchased_purges":2,"victory":false,"max_hp_per_floor":[63,58,58,58,63,63,63,63,63,63,63,63,63,63,63,63,63,63,63,63,63,63,63],"card_choices":[{"not_picked":["Eviscerate","Flechettes"],"picked":"Underhanded Strike","floor":1},{"not_picked":["Crippling Poison","Predator"],"picked":"Bouncing Flask","floor":8},{"not_picked":["Deadly Poison","Bouncing Flask"],"picked":"Well Laid Plans","floor":10},{"not_picked":["Deflect","Eviscerate"],"picked":"PiercingWail","floor":11},{"not_picked":["Prepared","Deadly Poison"],"picked":"Envenom","floor":12},{"not_picked":["Deflect","Terror"],"picked":"Predator","floor":14},{"not_picked":["Wraith Form v2","Envenom"],"picked":"After Image","floor":16},{"not_picked":["Backflip","Blade Dance","Poisoned Stab"],"picked":"SKIP","floor":18}],"player_experience":1017458,"relics_obtained":[{"floor":8,"key":"Omamori"},{"floor":9,"key":"Pocketwatch"},{"floor":10,"key":"Juzu Bracelet"},{"floor":12,"key":"The Specimen"},{"floor":13,"key":"Blue Candle"}],"event_choices":[{"damage_healed":0,"gold_gain":0,"player_choice":"Lose Max HP","damage_taken":0,"relics_obtained":["Golden Idol"],"max_hp_gain":0,"max_hp_loss":5,"event_name":"Golden Idol","floor":2,"gold_loss":0},{"damage_healed":0,"gold_gain":175,"player_choice":"AGREE","damage_taken":0,"max_hp_gain":0,"max_hp_loss":0,"event_name":"Liars Game","floor":4,"gold_loss":0,"cards_obtained":["Doubt"]},{"damage_healed":0,"gold_gain":0,"player_choice":"Donut","damage_taken":0,"max_hp_gain":5,"max_hp_loss":0,"event_name":"Big Fish","floor":5,"gold_loss":0},{"damage_healed":0,"gold_gain":0,"cards_transformed":["Reflex"],"player_choice":"Transformed","damage_taken":0,"max_hp_gain":0,"max_hp_loss":0,"event_name":"Transmorgrifier","floor":19,"gold_loss":0,"cards_obtained":["Venomology"]},{"damage_healed":0,"gold_gain":0,"player_choice":"Opened","damage_taken":0,"relics_obtained":["Snake Skull"],"max_hp_gain":0,"max_hp_loss":0,"event_name":"The Mausoleum","floor":20,"gold_loss":0},{"damage_healed":0,"gold_gain":275,"player_choice":"Desecrate","damage_taken":0,"max_hp_gain":0,"max_hp_loss":0,"event_name":"Golden Shrine","floor":21,"gold_loss":0,"cards_obtained":["Regret"]}],"is_beta":false,"boss_relics":[{"not_picked":["Philosopher\u0027s Stone","Busted Crown"],"picked":"Pandora\u0027s Box"}],"items_purged_floors":[7,22],"is_endless":false,"potions_floor_spawned":[1,8,10,14,18],"killed_by":"Slavers","ascension_level":13}