{"gold_per_floor":[111,111,60,60,140,152,191,203,215,227,256,285,297,19,19,96,96,111,124,134,150,65,65,65,81,111,111,166,166,179,195,195,273,273,293,307,162,179,179,179,199,199,244,259,259,282,282],"floor_reached":47,"playtime":2937,"items_purged":["Strike_B"],"score":751,"play_id":"938653d9-0980-4f1b-ab15-79af710dacdb","local_time":"20180909193739","is_ascension_mode":true,"campfire_choices":[{"data":"Zap","floor":6.0,"key":"SMITH"},{"data":"Loop","floor":8.0,"key":"SMITH"},{"data":"Glacier","floor":10.0,"key":"SMITH"},{"data":"Streamline","floor":13.0,"key":"SMITH"},{"floor":15.0,"key":"REST"},{"floor":23.0,"key":"REST"},{"floor":29.0,"key":"REST"},{"floor":32.0,"key":"REST"},{"floor":40,"key":"REST"},{"floor":42,"key":"REST"}],"neow_cost":"NONE","seed_source_timestamp":0,"circlet_count":0,"master_deck":["Defend_B","Defend_B","Defend_B","Zap+1","Dualcast","AscendersBane","Conserve Battery","Glacier+1","Machine Learning","Streamline+1","Loop+1","Cold Snap","Reinforced Body","BootSequence","Meteor Strike","Double Energy+1","Hello World+1","Hyperbeam+1","Hologram+1","Barrage+1","Scrape","Writhe","Stack","Bite","Bite","Bite","Bite","Bite","Self Repair","Cold Snap+1","Stack+1","Coolheaded","Hologram+1"],"special_seed":0,"relics":["Cracked Core","MawBank","Boot","Matryoshka","DataDisk","Astrolabe","Strawberry","Anchor","Tiny Chest","Sundial","Smiling Mask","PreservedInsect","Fusion Hammer","Oddly Smooth Stone","Lantern","CultistMask","Centennial Puzzle"],"potions_floor_usage":[33,44,47],"damage_taken":[{"damage":0.0,"enemies":"2 Louse","floor":1.0,"turns":2.0},{"damage":14.0,"enemies":"3 Sentries","floor":7.0,"turns":9.0},{"damage":4.0,"enemies":"Small Slimes","floor":11.0,"turns":3.0},{"damage":14.0,"enemies":"Jaw Worm","floor":12.0,"turns":4.0},{"damage":19.0,"enemies":"Hexaghost","floor":16.0,"turns":12.0},{"damage":17.0,"enemies":"Shell Parasite","floor":18.0,"turns":6.0},{"damage":0.0,"enemies":"Chosen","floor":19.0,"turns":8.0},{"damage":14.0,"enemies":"Snake Plant","floor":20.0,"turns":5.0},{"damage":26.0,"enemies":"Cultist and Chosen","floor":21.0,"turns":6.0},{"damage":38.0,"enemies":"3 Cultists","floor":25.0,"turns":5.0},{"damage":13.0,"enemies":"Snake Plant","floor":30.0,"turns":4.0},{"damage":0.0,"enemies":"Chosen and Byrds","floor":31.0,"turns":10.0},{"damage":11,"enemies":"Champ","floor":33,"turns":47},{"damage":6,"enemies":"3 Shapes","floor":35,"turns":4},{"damage":0,"enemies":"Orb Walker","floor":36,"turns":3},{"damage":31,"enemies":"Spire Growth","floor":38,"turns":10},{"damage":11,"enemies":"Sphere and 2 Shapes","floor":41,"turns":4},{"damage":21,"enemies":"Reptomancer","floor":44,"turns":5},{"damage":48,"enemies":"4 Shapes","floor":47,"turns":5}],"seed_played":"3860852832794940119","potions_obtained":[{"floor":1.0,"key":"Poison Potion"},{"floor":11.0,"key":"EssenceOfSteel"},{"floor":16.0,"key":"GamblersBrew"},{"floor":25.0,"key":"PowerPotion"},{"floor":35,"key":"SpeedPotion"},{"floor":38,"key":"AttackPotion"}],"is_trial":false,"path_per_floor":["M","?","$","?","?","R","E","R","T","R","M","M","R","$","R","B",null,"M","M","M","M","?","R","?","M","T","?","T","R","M","M","R","B",null,"M","M","$","M","?","R","M","R","T","M","?","T"],"character_chosen":"DEFECT","items_purchased":["Streamline","DataDisk","BootSequence","Oddly Smooth Stone"],"campfire_rested":6,"item_purchase_floors":[3,14,14,37],"current_hp_per_floor":[68,68,68,65,65,65,51,51,51,51,47,33,33,33,55,36,65,48,48,34,8,15,39,39,1,1,1,1,18,7,15,32,57,57,54,54,54,35,35,52,54,57,57,42,42,42,0],"gold":282,"neow_bonus":"THREE_CARDS","is_prod":false,"is_daily":false,"chose_seed":false,"campfire_upgraded":4,"win_rate":0,"timestamp":1536518259,"path_taken":["M","?","$","?","?","R","E","R","T","R","?","M","R","$","R","BOSS","M","M","M","M","?","R","?","?","T","?","?","R","?","M","R","BOSS","M","M","$","?","?","R","?","R","T","M","?","?","?"],"build_version":"2018-09-06","purchased_purges":1,"victory":false,"max_hp_per_floor":[75,75,75,75,75,75,75,75,75,75,75,75,75,75,75,75,75,75,75,75,75,82,82,82,82,82,57,57,57,57,57,57,57,57,57,57,57,57,57,57,57,57,57,57,57,57,57],"card_choices":[{"not_picked":["Hologram","Compile Driver"],"picked":"Conserve Battery","floor":0.0},{"not_picked":["Capacitor","Turbo"],"picked":"Glacier","floor":1.0},{"not_picked":["Double Energy","Gash"],"picked":"Loop","floor":7.0},{"not_picked":["Heatsinks","Conserve Battery"],"picked":"Cold Snap","floor":11.0},{"not_picked":["Sunder","Conserve Battery"],"picked":"Reinforced Body","floor":12.0},{"not_picked":["Thunder Strike","Buffer"],"picked":"Meteor Strike","floor":16.0},{"not_picked":["Turbo+1","FTL"],"picked":"Hologram+1","floor":18.0},{"not_picked":["Steam+1","Recycle"],"picked":"Barrage+1","floor":19.0},{"not_picked":["Barrage","Hyperbeam","Cold Snap"],"picked":"SKIP","floor":20.0},{"not_picked":["Static Discharge","Force Field"],"picked":"Scrape","floor":21.0},{"not_picked":["Conserve Battery","Redo"],"picked":"Stack","floor":25.0},{"not_picked":["Genetic Algorithm","Cold Snap","Double Energy"],"picked":"SKIP","floor":30.0},{"not_picked":["Double Energy","Hologram+1"],"picked":"Self Repair","floor":31.0},{"not_picked":["Conserve Battery","Ball Lightning","Reprogram"],"picked":"SKIP","floor":35},{"not_picked":["Ball Lightning","Sunder"],"picked":"Cold Snap+1","floor":36},{"not_picked":["Turbo+1","Auto Shields+1"],"picked":"Stack+1","floor":38},{"not_picked":["Recycle+1","Aggregate"],"picked":"Coolheaded","floor":41},{"not_picked":["Aggregate+1","Rebound"],"picked":"Hologram+1","floor":44}],"player_experience":714413,"relics_obtained":[{"floor":7.0,"key":"Boot"},{"floor":9.0,"key":"Matryoshka"},{"floor":26.0,"key":"Tiny Chest"},{"floor":26.0,"key":"Sundial"},{"floor":28.0,"key":"Smiling Mask"},{"floor":28.0,"key":"PreservedInsect"},{"floor":43,"key":"Lantern"},{"floor":46,"key":"Centennial Puzzle"}],"event_choices":[{"event_name":"Living Wall","player_choice":"Change","floor":2.0,"damage_taken":0.0},{"event_name":"Scrap Ooze","player_choice":"success","floor":4.0,"damage_taken":3.0},{"event_name":"Golden Wing","player_choice":"Gained Gold","floor":5.0,"damage_taken":0.0},{"event_name":"Addict","player_choice":"Obtained Relic","floor":22.0,"damage_taken":0.0},{"event_name":"The Mausoleum","player_choice":"Yes","floor":24.0,"damage_taken":0.0},{"event_name":"Vampires","player_choice":"Became a vampire","floor":27.0,"damage_taken":0.0},{"event_name":"SensoryStone","player_choice":"Memory 1","floor":39,"damage_taken":0},{"event_name":"FaceTrader","player_choice":"Trade","floor":45,"damage_taken":0}],"is_beta":false,"boss_relics":[{"not_picked":["Pandora\u0027s Box","Calling Bell"],"picked":"Astrolabe"},{"not_picked":["White Beast Statue","Empty Cage"],"picked":"Fusion Hammer"}],"items_purged_floors":[14],"is_endless":false,"potions_floor_spawned":[1,11,12,16,25,31,35,38,41],"killed_by":"4 Shapes","ascension_level":13}