{"gold_per_floor":[118,23,23,42,5,30,2,22,22,22,45,80,80,107,107,182,182,192,192,205,44,60,60,60,110,135,147,174,111,23,35,35,35],"floor_reached":33,"playtime":1241,"items_purged":["Decay","Strike_G"],"score":572,"play_id":"22ff6fd4-0371-4d7c-900c-68748dbf0369","local_time":"20190204010954","is_ascension_mode":true,"campfire_choices":[{"floor":13.0,"key":"REST"},{"data":"Noxious Fumes","floor":15.0,"key":"SMITH"},{"floor":23,"key":"REST"},{"data":"After Image","floor":27,"key":"SMITH"},{"data":"Footwork","floor":32,"key":"SMITH"}],"neow_cost":"NONE","seed_source_timestamp":2182685340053381,"circlet_count":0,"master_deck":["AscendersBane","Defend_G","Defend_G","Defend_G","Defend_G","Defend_G","Strike_G","Strike_G","Strike_G","Survivor","Neutralize","Riddle With Holes","Noxious Fumes+1","Skewer","Predator","Poisoned Stab","Cloak And Dagger","Dodge and Roll","Die Die Die","Backflip","Dagger Spray","After Image+1","All Out Attack+1","Dodge and Roll","Poisoned Stab","Footwork+1","Ghostly","Ghostly","Ghostly","Sucker Punch","Dash"],"special_seed":0,"relics":["Ring of the Snake","NeowsBlessing","Thread and Needle","Unceasing Top","The Specimen","Odd Mushroom","Potion Belt","Gremlin Horn","HoveringKite","MawBank"],"potions_floor_usage":[20],"damage_taken":[{"damage":0.0,"enemies":"Cultist","floor":1.0,"turns":1.0},{"damage":0.0,"enemies":"Jaw Worm","floor":4.0,"turns":1.0},{"damage":0.0,"enemies":"3 Sentries","floor":6.0,"turns":1.0},{"damage":0.0,"enemies":"2 Louse","floor":8.0,"turns":3.0},{"damage":2.0,"enemies":"The Mushroom Lair","floor":11.0,"turns":4.0},{"damage":19.0,"enemies":"Gremlin Nob","floor":12.0,"turns":4.0},{"damage":17.0,"enemies":"3 Sentries","floor":14.0,"turns":5.0},{"damage":24.0,"enemies":"Hexaghost","floor":16.0,"turns":10.0},{"damage":4,"enemies":"Spheric Guardian","floor":18,"turns":6},{"damage":15,"enemies":"Shell Parasite","floor":20,"turns":7},{"damage":23,"enemies":"Snake Plant","floor":22,"turns":6},{"damage":0,"enemies":"Snecko","floor":28,"turns":7},{"damage":8,"enemies":"3 Cultists","floor":31,"turns":5},{"damage":33,"enemies":"Collector","floor":33,"turns":8}],"seed_played":"4631792601628469910","potions_obtained":[{"floor":8.0,"key":"Fire Potion"},{"floor":11.0,"key":"FearPotion"},{"floor":12.0,"key":"GamblersBrew"},{"floor":16.0,"key":"GamblersBrew"}],"is_trial":false,"path_per_floor":["M","$","?","M","$","E","$","M","T","?","?","E","R","E","R","B",null,"M","?","M","$","M","R","?","?","T","R","M","?","$","M","R","B"],"character_chosen":"THE_SILENT","items_purchased":["Noxious Fumes","Deadly Poison","Predator","Cloak And Dagger","Dodge and Roll","Poisoned Stab"],"campfire_rested":2,"item_purchase_floors":[2,2,5,7,21,21],"current_hp_per_floor":[59,59,59,59,59,59,59,59,59,59,57,38,57,40,40,16,54,50,50,35,35,12,31,31,31,31,31,31,31,31,23,23,0],"gold":35,"neow_bonus":"THREE_ENEMY_KILL","is_prod":false,"is_daily":false,"chose_seed":false,"campfire_upgraded":3,"win_rate":0,"timestamp":1549238994,"path_taken":["M","?","?","M","$","E","$","?","T","?","?","E","R","E","R","BOSS","M","?","M","$","M","R","?","?","T","R","?","?","?","M","R","BOSS"],"build_version":"2019-01-23","purchased_purges":2,"victory":false,"max_hp_per_floor":[66,66,66,66,66,66,66,66,66,66,66,66,66,66,66,66,66,66,66,66,66,66,66,33,33,33,33,33,33,33,33,33,33],"card_choices":[{"not_picked":["Sucker Punch","Cloak And Dagger"],"picked":"Riddle With Holes","floor":1.0},{"not_picked":["Reflex","Deflect"],"picked":"Skewer","floor":4.0},{"not_picked":["Heel Hook","Bane"],"picked":"Poisoned Stab","floor":6.0},{"not_picked":["Bane","Prepared"],"picked":"Dodge and Roll","floor":8.0},{"not_picked":["Slice","Acrobatics"],"picked":"Die Die Die","floor":11.0},{"not_picked":["Blade Dance","Prepared"],"picked":"Backflip","floor":12.0},{"not_picked":["Flechettes","Outmaneuver"],"picked":"Dagger Spray","floor":14.0},{"not_picked":["Burst","Phantasmal Killer"],"picked":"After Image","floor":16.0},{"not_picked":["Slice","Calculated Gamble","Deflect+1"],"picked":"SKIP","floor":18},{"not_picked":["Crippling Poison","Masterful Stab"],"picked":"All Out Attack+1","floor":20},{"not_picked":["Underhanded Strike","Flying Knee"],"picked":"Footwork","floor":22},{"not_picked":["Dagger Throw","Flying Knee"],"picked":"Sucker Punch","floor":28},{"not_picked":["Finisher","Poisoned Stab"],"picked":"Dash","floor":31}],"player_experience":634709,"relics_obtained":[{"floor":6.0,"key":"Unceasing Top"},{"floor":9.0,"key":"The Specimen"},{"floor":11.0,"key":"Odd Mushroom"},{"floor":12.0,"key":"Potion Belt"},{"floor":14.0,"key":"Gremlin Horn"},{"floor":26,"key":"MawBank"}],"event_choices":[{"cards_removed":["Deadly Poison"],"damage_healed":0.0,"max_hp_gain":0.0,"max_hp_loss":0.0,"gold_gain":0.0,"event_name":"WeMeetAgain","player_choice":"Gave Card","floor":3.0,"gold_loss":0.0,"damage_taken":0.0,"relics_obtained":["Thread and Needle"]},{"damage_healed":0.0,"max_hp_gain":0.0,"max_hp_loss":0.0,"gold_gain":0.0,"event_name":"The Cleric","player_choice":"Leave","floor":10.0,"gold_loss":0.0,"damage_taken":0.0},{"damage_healed":0.0,"max_hp_gain":0.0,"max_hp_loss":0.0,"gold_gain":0.0,"event_name":"Mushrooms","player_choice":"Fought Mushrooms","floor":11.0,"gold_loss":0.0,"damage_taken":0.0},{"damage_healed":0,"gold_gain":0,"player_choice":"Smashed Altar","damage_taken":0,"max_hp_gain":0,"max_hp_loss":0,"event_name":"Forgotten Altar","floor":19,"gold_loss":0,"cards_obtained":["Decay"]},{"damage_healed":0,"gold_gain":0,"player_choice":"Became a Ghost","damage_taken":0,"max_hp_gain":0,"max_hp_loss":33,"event_name":"Ghosts","floor":24,"gold_loss":0,"cards_obtained":["Ghostly","Ghostly","Ghostly"]},{"damage_healed":0,"gold_gain":100,"player_choice":"Bet on Murderer","damage_taken":0,"max_hp_gain":0,"max_hp_loss":0,"event_name":"The Joust","floor":25,"gold_loss":50},{"cards_removed":["Strike_G"],"damage_healed":0,"gold_gain":0,"player_choice":"Gave Gold","damage_taken":0,"max_hp_gain":0,"max_hp_loss":0,"event_name":"Beggar","floor":29,"gold_loss":75}],"is_beta":false,"boss_relics":[{"not_picked":["Fusion Hammer","White Beast Statue"],"picked":"HoveringKite"}],"items_purged_floors":[21,30],"is_endless":false,"potions_floor_spawned":[8,11,12,16],"killed_by":"Collector","ascension_level":20}