{"gold_per_floor":[111,111,125,125,141,141,171,171,194,210,275,350,109,123,123,198,198,216,231,249,264,264,264,281,281,307,325,325],"floor_reached":28,"playtime":1370,"items_purged":["Strike_R"],"score":429,"play_id":"f756ce6b-ed68-4d36-a750-761fb4b6467d","local_time":"20181020223520","is_ascension_mode":true,"campfire_choices":[{"data":"Bash","floor":6,"key":"SMITH"},{"data":"Uppercut","floor":15,"key":"SMITH"},{"floor":23,"key":"REST"},{"data":"Immolate","floor":25,"key":"SMITH"}],"neow_cost":"TEN_PERCENT_HP_LOSS","seed_source_timestamp":171287802460806,"circlet_count":0,"master_deck":["Strike_R","Defend_R","Defend_R","Defend_R","Defend_R","Bash+1","AscendersBane","Thunderclap","Reckless Charge","Shrug It Off","Immolate+1","Pommel Strike","Ghostly Armor","Uppercut+1","Infernal Blade","Impervious","Whirlwind+1","Brutality+1","Combust+1","Cleave","Shrug It Off","Power Through","Sever Soul","Second Wind+1"],"relics":["Burning Blood","Mango","Darkstone Periapt","Question Card","Anchor","Tiny Chest","Astrolabe","Pen Nib"],"potions_floor_usage":[11,16,24,28],"damage_taken":[{"damage":7,"enemies":"Jaw Worm","floor":1,"turns":3},{"damage":5,"enemies":"2 Louse","floor":3,"turns":3},{"damage":1,"enemies":"Cultist","floor":5,"turns":3},{"damage":44,"enemies":"3 Sentries","floor":7,"turns":11},{"damage":0,"enemies":"Exordium Wildlife","floor":10,"turns":3},{"damage":24,"enemies":"Gremlin Nob","floor":11,"turns":5},{"damage":0,"enemies":"3 Louse","floor":14,"turns":2},{"damage":25,"enemies":"Hexaghost","floor":16,"turns":10},{"damage":26,"enemies":"Chosen","floor":18,"turns":6},{"damage":22,"enemies":"2 Thieves","floor":19,"turns":3},{"damage":16,"enemies":"Centurion and Healer","floor":20,"turns":7},{"damage":7,"enemies":"3 Cultists","floor":21,"turns":3},{"damage":15,"enemies":"Colosseum Slavers","floor":22,"turns":3},{"damage":29,"enemies":"Cultist and Chosen","floor":24,"turns":6},{"damage":4,"enemies":"Centurion and Healer","floor":27,"turns":5},{"damage":30,"enemies":"Shelled Parasite and Fungi","floor":28,"turns":5}],"seed_played":"3820066109168957831","potions_obtained":[{"floor":1,"key":"Fire Potion"},{"floor":3,"key":"Weak Potion"},{"floor":11,"key":"Weak Potion"},{"floor":16,"key":"Explosive Potion"},{"floor":21,"key":"Regen Potion"},{"floor":24,"key":"SpeedPotion"}],"is_trial":false,"path_per_floor":["M","?","M","?","M","R","E","T","T","M","E","?","$","M","R","B",null,"M","M","M","M","?","R","M","R","T","M"],"character_chosen":"IRONCLAD","items_purchased":["Uppercut","LiquidBronze"],"campfire_rested":1,"item_purchase_floors":[13,13],"current_hp_per_floor":[81,81,82,82,82,82,44,44,44,50,32,21,21,27,27,8,64,44,28,18,17,8,32,24,24,24,26,0],"gold":325,"neow_bonus":"ONE_RARE_RELIC","is_prod":false,"is_daily":false,"chose_seed":false,"campfire_upgraded":3,"win_rate":0,"timestamp":1540071320,"path_taken":["M","?","M","?","?","R","E","?","T","?","E","?","$","M","R","BOSS","M","M","M","M","?","R","M","R","T","M","?"],"build_version":"2018-10-18","purchased_purges":1,"victory":false,"max_hp_per_floor":[82,82,82,82,82,82,82,82,82,82,82,82,82,82,82,82,82,82,82,82,82,82,82,82,82,82,82,82],"card_choices":[{"not_picked":["Heavy Blade","Flex"],"picked":"Thunderclap","floor":1},{"not_picked":["Burning Pact","Iron Wave"],"picked":"Reckless Charge","floor":3},{"not_picked":["Dropkick","Flex"],"picked":"Shrug It Off","floor":5},{"not_picked":["Cleave","True Grit"],"picked":"Immolate","floor":7},{"not_picked":["Clash","Shrug It Off","Bloodletting"],"picked":"Pommel Strike","floor":10},{"not_picked":["Combust","Blood for Blood","Bloodletting"],"picked":"Ghostly Armor","floor":11},{"not_picked":["Whirlwind","Corruption","Entrench"],"picked":"Infernal Blade","floor":14},{"not_picked":["Exhume","Berserk","Dark Embrace"],"picked":"Impervious","floor":16},{"not_picked":["Heavy Blade+1","Twin Strike","Clash"],"picked":"Cleave","floor":18},{"not_picked":["Pommel Strike","Anger","Havoc"],"picked":"Shrug It Off","floor":19},{"not_picked":["Thunderclap","Dark Embrace","Heavy Blade","Entrench"],"picked":"SKIP","floor":20},{"not_picked":["Clothesline+1","Dual Wield+1","Thunderclap"],"picked":"Power Through","floor":21},{"not_picked":["Heavy Blade","Wild Strike","Thunderclap"],"picked":"Sever Soul","floor":24},{"not_picked":["Anger","Iron Wave+1","Fire Breathing"],"picked":"Second Wind+1","floor":27}],"player_experience":900276,"relics_obtained":[{"floor":7,"key":"Darkstone Periapt"},{"floor":8,"key":"Question Card"},{"floor":9,"key":"Anchor"},{"floor":11,"key":"Tiny Chest"},{"floor":26,"key":"Pen Nib"}],"event_choices":[{"damage_healed":0,"gold_gain":0,"player_choice":"Ignored","damage_taken":0,"max_hp_gain":0,"max_hp_loss":0,"event_name":"Liars Game","floor":2,"gold_loss":0},{"damage_healed":0,"gold_gain":0,"player_choice":"Leave","damage_taken":0,"max_hp_gain":0,"max_hp_loss":0,"event_name":"The Cleric","floor":4,"gold_loss":0},{"damage_healed":0,"gold_gain":75,"player_choice":"Gather Gold","damage_taken":11,"max_hp_gain":0,"max_hp_loss":0,"event_name":"World of Goop","floor":12,"gold_loss":0},{"damage_healed":0,"gold_gain":0,"player_choice":"Fight","damage_taken":0,"max_hp_gain":0,"max_hp_loss":0,"event_name":"Colosseum","floor":22,"gold_loss":0},{"damage_healed":0,"gold_gain":0,"player_choice":"Fled From Nobs","damage_taken":0,"max_hp_gain":0,"max_hp_loss":0,"event_name":"Colosseum","floor":22,"gold_loss":0}],"is_beta":false,"boss_relics":[{"not_picked":["Eternal Feather","Coffee Dripper"],"picked":"Astrolabe"}],"items_purged_floors":[13],"is_endless":false,"potions_floor_spawned":[1,3,5,11,16,20,21,22,24,27],"killed_by":"Shelled Parasite and Fungi","ascension_level":17}