{"gold_per_floor":[112,37,37,37,37,68,68,68,117,158,183,207,54,94,94,94],"floor_reached":16,"playtime":312,"items_purged":["Strike_R","Strike_R"],"score":328,"play_id":"dafb79ba-0392-493b-9353-8808ff5393e3","local_time":"20190225003522","is_ascension_mode":true,"campfire_choices":[{"data":"Bash","floor":7,"key":"SMITH"},{"data":"Heavy Blade","floor":15,"key":"SMITH"}],"neow_cost":"NONE","seed_source_timestamp":736824832764285,"circlet_count":0,"master_deck":["AscendersBane","Strike_R","Strike_R","Strike_R","Defend_R","Defend_R","Defend_R","Defend_R","Bash+1","Heavy Blade+1","Impervious","Inflame","Sentinel","Shrug It Off","Cleave","Sentinel"],"special_seed":0,"relics":["Burning Blood","NeowsBlessing","Golden Idol","Sundial","Matryoshka","Anchor","Juzu Bracelet","Vajra","Odd Mushroom","Smiling Mask"],"potions_floor_usage":[11,14,16],"damage_taken":[{"damage":0.0,"enemies":"Cultist","floor":1.0,"turns":1.0},{"damage":0,"enemies":"3 Sentries","floor":6,"turns":1},{"damage":0,"enemies":"Gremlin Nob","floor":10,"turns":1},{"damage":4,"enemies":"The Mushroom Lair","floor":11,"turns":4},{"damage":2,"enemies":"2 Louse","floor":12,"turns":4},{"damage":10,"enemies":"3 Sentries","floor":14,"turns":7},{"damage":68,"enemies":"Hexaghost","floor":16,"turns":9}],"seed_played":"-4598039988127764937","potions_obtained":[{"floor":6,"key":"LiquidBronze"},{"floor":10,"key":"SteroidPotion"},{"floor":12,"key":"BloodPotion"}],"is_trial":false,"path_per_floor":["M","$","?","?","$","E","R","?","T","E","?","M","$","E","R","B"],"character_chosen":"IRONCLAD","items_purchased":["Cleave"],"campfire_rested":0,"item_purchase_floors":[13],"current_hp_per_floor":[74,74,74,68,68,68,68,50,50,56,58,62,62,58,58,0],"gold":94,"neow_bonus":"THREE_ENEMY_KILL","is_prod":false,"is_daily":false,"chose_seed":false,"campfire_upgraded":2,"win_rate":0,"timestamp":1551051322,"path_taken":["M","$","?","?","$","E","R","?","T","E","?","M","$","E","R","BOSS"],"build_version":"2019-01-23","purchased_purges":2,"victory":false,"max_hp_per_floor":[75,75,75,68,68,68,68,68,68,68,68,68,68,68,68,68],"card_choices":[{"not_picked":["Armaments","Warcry"],"picked":"Heavy Blade","floor":1.0},{"not_picked":["Havoc","Sword Boomerang"],"picked":"Impervious","floor":6},{"not_picked":["Wild Strike","Sword Boomerang"],"picked":"Inflame","floor":10},{"not_picked":["Headbutt","Dual Wield"],"picked":"Sentinel","floor":11},{"not_picked":["Inflame","Spot Weakness"],"picked":"Shrug It Off","floor":12},{"not_picked":["Twin Strike","Havoc"],"picked":"Sentinel","floor":14}],"player_experience":664660,"relics_obtained":[{"floor":6,"key":"Sundial"},{"floor":9,"key":"Anchor"},{"floor":9,"key":"Juzu Bracelet"},{"floor":10,"key":"Vajra"},{"floor":11,"key":"Odd Mushroom"},{"floor":14,"key":"Smiling Mask"}],"event_choices":[{"damage_healed":0,"gold_gain":0,"player_choice":"Leave","damage_taken":0,"max_hp_gain":0,"max_hp_loss":0,"event_name":"The Cleric","floor":3,"gold_loss":0},{"damage_healed":0,"gold_gain":0,"player_choice":"Lose Max HP","damage_taken":0,"relics_obtained":["Golden Idol"],"max_hp_gain":0,"max_hp_loss":7,"event_name":"Golden Idol","floor":4,"gold_loss":0},{"damage_healed":0,"gold_gain":0,"player_choice":"Success","damage_taken":18,"relics_obtained":["Matryoshka"],"max_hp_gain":0,"max_hp_loss":0,"event_name":"Scrap Ooze","floor":8,"gold_loss":0},{"damage_healed":0,"gold_gain":0,"player_choice":"Fought Mushrooms","damage_taken":0,"max_hp_gain":0,"max_hp_loss":0,"event_name":"Mushrooms","floor":11,"gold_loss":0}],"is_beta":false,"boss_relics":[],"items_purged_floors":[2,13],"is_endless":false,"potions_floor_spawned":[6,10,12],"killed_by":"Hexaghost","ascension_level":20}