{"gold_per_floor":[111,111,129,144,158,158,184,66,66,16,50,50,67,77,77,77],"floor_reached":16,"playtime":475,"items_purged":["Strike_B","Strike_B"],"score":196,"play_id":"8ac244f2-1a89-4ac6-a833-fb2d187cafbf","local_time":"20190517235950","is_ascension_mode":true,"campfire_choices":[{"data":"Conserve Battery","floor":6,"key":"SMITH"},{"data":"Defragment","floor":12,"key":"SMITH"},{"floor":15,"key":"REST"}],"neow_cost":"NONE","seed_source_timestamp":348529816995400,"circlet_count":0,"master_deck":["AscendersBane","Strike_B","Strike_B","Defend_B","Defend_B","Defend_B","Defend_B","Zap+1","Dualcast","Self Repair","Capacitor","Ball Lightning","Conserve Battery+1","Defragment+1","Defragment","Skim","Capacitor","Beam Cell"],"relics":["Cracked Core","Smiling Mask","Kunai","Ornamental Fan","Bag of Marbles"],"potions_floor_usage":[5,7,16],"damage_taken":[{"damage":0,"enemies":"2 Louse","floor":1,"turns":2},{"damage":6,"enemies":"Cultist","floor":3,"turns":4},{"damage":4,"enemies":"Jaw Worm","floor":4,"turns":3},{"damage":10,"enemies":"Gremlin Gang","floor":5,"turns":3},{"damage":15,"enemies":"3 Sentries","floor":7,"turns":5},{"damage":15,"enemies":"Lagavulin","floor":11,"turns":6},{"damage":21,"enemies":"Exordium Wildlife","floor":13,"turns":5},{"damage":10,"enemies":"Large Slime","floor":14,"turns":4},{"damage":43,"enemies":"Slime Boss","floor":16,"turns":5}],"seed_played":"7420486981800177515","potions_obtained":[{"floor":3,"key":"Explosive Potion"},{"floor":5,"key":"PowerPotion"},{"floor":7,"key":"Ancient Potion"},{"floor":14,"key":"Strength Potion"}],"is_trial":false,"path_per_floor":["M","?","M","M","M","R","E","$","T","$","E","R","M","M","R","B"],"character_chosen":"DEFECT","items_purchased":["Defragment"],"campfire_rested":1,"item_purchase_floors":[8],"current_hp_per_floor":[64,64,65,61,51,51,43,43,43,43,35,35,21,18,39,0],"gold":77,"neow_bonus":"RANDOM_COMMON_RELIC","is_prod":false,"is_daily":false,"chose_seed":false,"campfire_upgraded":2,"win_rate":0,"timestamp":1558130390,"path_taken":["M","?","M","M","?","R","E","$","T","$","E","R","M","M","R","BOSS"],"build_version":"2019-01-23","purchased_purges":2,"victory":false,"max_hp_per_floor":[71,71,71,71,71,71,71,71,71,71,71,71,71,71,71,71],"card_choices":[{"not_picked":["Redo","Beam Cell"],"picked":"Self Repair","floor":1},{"not_picked":["Stack","Coolheaded"],"picked":"Capacitor","floor":3},{"not_picked":["Redo","Hello World"],"picked":"Ball Lightning","floor":4},{"not_picked":["Genetic Algorithm","Sweeping Beam"],"picked":"Conserve Battery","floor":5},{"not_picked":["Stack","Streamline"],"picked":"Defragment","floor":7},{"not_picked":["Scrape","Stack"],"picked":"Skim","floor":11},{"not_picked":["Compile Driver","Biased Cognition"],"picked":"Capacitor","floor":13},{"not_picked":["Ball Lightning","Rip and Tear"],"picked":"Beam Cell","floor":14}],"player_experience":1135997,"relics_obtained":[{"floor":7,"key":"Kunai"},{"floor":9,"key":"Ornamental Fan"},{"floor":11,"key":"Bag of Marbles"}],"event_choices":[{"damage_healed":0,"gold_gain":0,"player_choice":"Forge","damage_taken":0,"max_hp_gain":0,"max_hp_loss":0,"event_name":"Accursed Blacksmith","floor":2,"gold_loss":0,"cards_upgraded":["Zap"]}],"is_beta":false,"boss_relics":[],"items_purged_floors":[8,10],"is_endless":false,"potions_floor_spawned":[3,5,7,14],"killed_by":"Slime Boss","ascension_level":15}