{"gold_per_floor":[112,126,141,12,29,29,39,39,39,39,57,57,89,108,108,179,179,194,212,54,54,69,69,88,3,3,3,19,19,19,38,38,38],"floor_reached":33,"playtime":1121,"items_purged":["Strike_G"],"score":452,"play_id":"50ac2008-7a9a-4383-b168-f985f6432fdc","local_time":"20190517151859","is_ascension_mode":true,"campfire_choices":[{"data":"A Thousand Cuts","floor":6,"key":"SMITH"},{"data":"Neutralize","floor":8,"key":"SMITH"},{"data":"Dodge and Roll","floor":10,"key":"SMITH"},{"data":"Noxious Fumes","floor":12,"key":"SMITH"},{"data":"Blade Dance","floor":15,"key":"SMITH"},{"data":"Wraith Form v2","floor":23,"key":"SMITH"},{"data":"Caltrops","floor":27,"key":"SMITH"},{"floor":30,"key":"REST"},{"data":"Doppelganger","floor":32,"key":"SMITH"}],"neow_cost":"NONE","seed_source_timestamp":316627765303100,"circlet_count":0,"master_deck":["AscendersBane","Defend_G","Defend_G","Defend_G","Defend_G","Defend_G","Strike_G","Strike_G","Strike_G","Strike_G","Survivor","Neutralize+1","A Thousand Cuts+1","Flying Knee","Quick Slash","Dodge and Roll+1","Endless Agony","Noxious Fumes+1","Blade Dance+1","Deflect","Wraith Form v2+1","Caltrops+1","Terror+1","Leg Sweep","Cloak And Dagger","Doppelganger+1","Blade Dance","Bane+1"],"relics":["Ring of the Serpent","Happy Flower","Vajra","Boot","Matryoshka","Anchor","Omamori","Dream Catcher"],"potions_floor_usage":[13,16,18,19,33],"damage_taken":[{"damage":9,"enemies":"Cultist","floor":1,"turns":5},{"damage":7,"enemies":"Jaw Worm","floor":2,"turns":4},{"damage":0,"enemies":"2 Louse","floor":3,"turns":2},{"damage":0,"enemies":"2 Fungi Beasts","floor":5,"turns":5},{"damage":2,"enemies":"Red Slaver","floor":7,"turns":4},{"damage":0,"enemies":"Looter","floor":11,"turns":4},{"damage":3,"enemies":"3 Sentries","floor":13,"turns":7},{"damage":0,"enemies":"Blue Slaver","floor":14,"turns":2},{"damage":6,"enemies":"Hexaghost","floor":16,"turns":9},{"damage":0,"enemies":"Chosen","floor":18,"turns":3},{"damage":2,"enemies":"2 Thieves","floor":19,"turns":4},{"damage":15,"enemies":"Cultist and Chosen","floor":22,"turns":5},{"damage":4,"enemies":"Snecko","floor":24,"turns":6},{"damage":12,"enemies":"Snake Plant","floor":28,"turns":5},{"damage":2,"enemies":"3 Cultists","floor":31,"turns":4},{"damage":50,"enemies":"Collector","floor":33,"turns":8}],"seed_played":"4544327451792551463","potions_obtained":[{"floor":5,"key":"GamblersBrew"},{"floor":7,"key":"EssenceOfSteel"},{"floor":13,"key":"Dexterity Potion"},{"floor":14,"key":"GhostInAJar"},{"floor":16,"key":"FearPotion"},{"floor":19,"key":"FearPotion"},{"floor":22,"key":"LiquidBronze"}],"is_trial":false,"path_per_floor":["M","M","M","$","M","R","M","R","T","R","M","R","E","M","R","B",null,"M","M","$","?","M","R","M","?","T","R","M","?","R","M","R","B"],"character_chosen":"THE_SILENT","items_purchased":["Dexterity Potion","Boot"],"campfire_rested":1,"item_purchase_floors":[4,20],"current_hp_per_floor":[50,43,43,43,43,43,41,41,41,41,41,41,38,38,38,32,58,58,56,56,56,41,41,37,37,37,37,25,25,44,42,42,0],"gold":38,"neow_bonus":"ONE_RANDOM_RARE_CARD","is_prod":false,"is_daily":false,"chose_seed":false,"campfire_upgraded":8,"win_rate":0,"timestamp":1558099139,"path_taken":["M","M","?","$","M","R","M","R","T","R","M","R","E","M","R","BOSS","M","M","$","?","M","R","M","?","T","R","M","?","R","?","R","BOSS"],"build_version":"2019-01-23","purchased_purges":1,"victory":false,"max_hp_per_floor":[66,66,66,66,66,66,66,66,66,66,66,66,66,66,66,66,66,66,66,66,66,66,66,66,66,66,66,66,66,66,66,66,66],"card_choices":[{"not_picked":["Deadly Poison","Underhanded Strike"],"picked":"Flying Knee","floor":1},{"not_picked":["Masterful Stab","Concentrate"],"picked":"Quick Slash","floor":2},{"not_picked":["Slice","Quick Slash"],"picked":"Dodge and Roll","floor":3},{"not_picked":["Heel Hook","Slice","Underhanded Strike"],"picked":"SKIP","floor":5},{"not_picked":["PiercingWail","Expertise"],"picked":"Endless Agony","floor":7},{"not_picked":["Poisoned Stab","Prepared"],"picked":"Noxious Fumes","floor":11},{"not_picked":["Calculated Gamble","Endless Agony"],"picked":"Blade Dance","floor":13},{"not_picked":["Reflex","Underhanded Strike"],"picked":"Deflect","floor":14},{"not_picked":["After Image","Unload"],"picked":"Wraith Form v2","floor":16},{"not_picked":["Deadly Poison","Eviscerate"],"picked":"Caltrops","floor":18},{"not_picked":["Dodge and Roll","Outmaneuver"],"picked":"Terror+1","floor":19},{"not_picked":["Flying Knee","Concentrate"],"picked":"Leg Sweep","floor":22},{"not_picked":["Riddle With Holes+1","Blade Dance"],"picked":"Cloak And Dagger","floor":24},{"not_picked":["Prepared","Outmaneuver"],"picked":"Doppelganger","floor":28},{"not_picked":["Heel Hook","Setup"],"picked":"Blade Dance","floor":30},{"not_picked":["Skewer","Quick Slash"],"picked":"Bane+1","floor":31}],"player_experience":1129344,"relics_obtained":[{"floor":9,"key":"Happy Flower"},{"floor":13,"key":"Vajra"},{"floor":26,"key":"Anchor"},{"floor":26,"key":"Omamori"}],"event_choices":[{"damage_healed":0,"gold_gain":0,"player_choice":"Ignored","damage_taken":0,"max_hp_gain":0,"max_hp_loss":0,"event_name":"Beggar","floor":21,"gold_loss":0},{"damage_healed":0,"gold_gain":0,"player_choice":"Obtained Relic","damage_taken":0,"relics_obtained":["Matryoshka"],"max_hp_gain":0,"max_hp_loss":0,"event_name":"Addict","floor":25,"gold_loss":85},{"damage_healed":0,"gold_gain":0,"player_choice":"Gave Potion","damage_taken":0,"relics_obtained":["Dream Catcher"],"max_hp_gain":0,"max_hp_loss":0,"event_name":"WeMeetAgain","floor":29,"gold_loss":0}],"is_beta":false,"boss_relics":[{"not_picked":["Snecko Eye","Cursed Key"],"picked":"Ring of the Serpent"}],"items_purged_floors":[4],"is_endless":false,"potions_floor_spawned":[5,7,13,14,16,19,22],"killed_by":"Collector","ascension_level":16}