{"path_per_floor":["M","$","M","M","?","R","E","R","T","R","M","?","M","?","R"],"character_chosen":"IRONCLAD","items_purchased":[],"gold_per_floor":[11,11,23,38,38,38,63,63,143,143,156,156,176,176,176,176],"floor_reached":16,"campfire_rested":1,"playtime":543,"current_hp_per_floor":[68,68,72,70,70,70,50,50,50,50,49,29,26,14,38,0],"items_purged":[],"gold":176,"score":145,"play_id":"5b324b1a-17d3-49c2-b59d-bedac68888d9","local_time":"20180518231721","is_prod":false,"is_daily":false,"chose_seed":false,"is_ascension_mode":true,"campfire_upgraded":3,"timestamp":1526681841,"campfire_choices":[{"data":"Shrug It Off","floor":6,"key":"SMITH"},{"data":"True Grit","floor":8,"key":"SMITH"},{"data":"Brutality","floor":10,"key":"SMITH"},{"floor":15,"key":"REST"}],"path_taken":["M","$","M","M","?","R","E","R","T","R","M","?","M","?","R","BOSS"],"build_version":"2018-05-17","seed_source_timestamp":103989935332249,"purchased_purges":0,"victory":false,"master_deck":["Strike_R","Strike_R","Strike_R","Strike_R","Strike_R","Defend_R","Defend_R","Defend_R","Defend_R","Bash","Shrug It Off+1","Brutality+1","True Grit+1","Second Wind","Clothesline","Corruption"],"max_hp_per_floor":[80,80,80,80,80,80,80,80,80,80,80,80,82,82,82,82],"relics":["Burning Blood","Bird Faced Urn","Singing Bowl","Pantograph","Golden Idol","Dream Catcher"],"card_choices":[{"not_picked":["True Grit","Anger"],"picked":"Shrug It Off","floor":1},{"not_picked":["Combust","Cleave"],"picked":"Brutality","floor":3},{"not_picked":["Wild Strike","Havoc"],"picked":"True Grit","floor":4},{"not_picked":["Heavy Blade","Reckless Charge"],"picked":"Second Wind","floor":7},{"not_picked":["Ghostly Armor","Warcry"],"picked":"Clothesline","floor":11},{"not_picked":["True Grit","Searing Blow","Barricade"],"picked":"Singing Bowl","floor":13},{"not_picked":["Fire Breathing","Cleave"],"picked":"Corruption","floor":15}],"player_experience":316463,"potions_floor_usage":[],"damage_taken":[{"damage":10,"enemies":"Small Slimes","floor":1,"turns":4},{"damage":2,"enemies":"Cultist","floor":3,"turns":4},{"damage":10,"enemies":"2 Louse","floor":4,"turns":3},{"damage":28,"enemies":"Gremlin Nob","floor":7,"turns":5},{"damage":9,"enemies":"Blue Slaver","floor":11,"turns":5},{"damage":13,"enemies":"3 Louse","floor":13,"turns":4},{"damage":69,"enemies":"Hexaghost","floor":16,"turns":9}],"relics_obtained":[{"floor":7,"key":"Singing Bowl"},{"floor":9,"key":"Pantograph"}],"event_choices":[{"event_name":"Transmorgrifier","player_choice":"Skipped","floor":5,"damage_taken":0},{"event_name":"Golden Idol","player_choice":"Take Damage","floor":12,"damage_taken":0},{"event_name":"Scrap Ooze","player_choice":"success","floor":14,"damage_taken":12}],"boss_relics":[],"potions_floor_spawned":[7],"seed_played":"-2952296328657239947","killed_by":"Hexaghost","ascension_level":9,"potions_obtained":[{"floor":7,"key":"EssenceOfSteel"}],"is_trial":false}