{"gold_per_floor":[13,63,78,96,77,109,109,127,127,127,36,36,311,331,331,410,410,410,7,7,7,7,7,7,7],"floor_reached":25,"playtime":950,"items_purged":["Strike_G","Regret"],"score":369,"play_id":"fa8788bc-6988-482b-acd7-ccc3f0ccaab6","local_time":"20190623160127","is_ascension_mode":true,"campfire_choices":[{"data":"Neutralize","floor":7,"key":"SMITH"},{"floor":10,"key":"REST"},{"data":"Predator","floor":12,"key":"SMITH"},{"floor":15,"key":"REST"},{"floor":23,"key":"REST"}],"neow_cost":"NO_GOLD","seed_source_timestamp":488634286140900,"circlet_count":0,"master_deck":["AscendersBane","Defend_G","Defend_G","Defend_G","Defend_G","Defend_G","Strike_G","Strike_G","Survivor","Neutralize+1","Predator+1","Sucker Punch","Deflect","Backstab","Dagger Spray","Cloak And Dagger","Blade Dance","Noxious Fumes","Dodge and Roll","Bullet Time","Leg Sweep","Well Laid Plans","Panache","Caltrops","Deflect","Escape Plan","Finisher","Flying Knee"],"relics":["Ring of the Snake","Shuriken","The Courier","Ectoplasm"],"potions_floor_usage":[16,25],"damage_taken":[{"damage":0,"enemies":"Small Slimes","floor":1,"turns":3},{"damage":0,"enemies":"Cultist","floor":3,"turns":4},{"damage":0,"enemies":"2 Louse","floor":4,"turns":2},{"damage":2,"enemies":"Exordium Thugs","floor":5,"turns":4},{"damage":28,"enemies":"Gremlin Nob","floor":6,"turns":5},{"damage":8,"enemies":"Lots of Slimes","floor":8,"turns":3},{"damage":13,"enemies":"Gremlin Gang","floor":14,"turns":5},{"damage":30,"enemies":"The Guardian","floor":16,"turns":13},{"damage":12,"enemies":"Shell Parasite","floor":18,"turns":5},{"damage":16,"enemies":"Spheric Guardian","floor":20,"turns":4},{"damage":10,"enemies":"Centurion and Healer","floor":22,"turns":7},{"damage":16,"enemies":"Snecko","floor":24,"turns":7},{"damage":19,"enemies":"Gremlin Leader","floor":25,"turns":2}],"seed_played":"-3070030515443324676","potions_obtained":[{"floor":1,"key":"FairyPotion"},{"floor":4,"key":"Ancient Potion"},{"floor":14,"key":"Poison Potion"},{"floor":18,"key":"LiquidBronze"},{"floor":24,"key":"Dexterity Potion"}],"is_trial":false,"path_per_floor":["M","?","M","M","M","E","R","M","T","R","$","R","?","M","R","B",null,"M","$","M","$","M","R","M","E"],"character_chosen":"THE_SILENT","items_purchased":["Noxious Fumes","Well Laid Plans","Panache","Caltrops","Deflect"],"campfire_rested":3,"item_purchase_floors":[11,19,19,19,19],"current_hp_per_floor":[59,53,53,53,51,23,23,15,15,34,34,34,34,21,40,10,52,40,40,24,24,14,33,17,0],"gold":7,"neow_bonus":"TRANSFORM_TWO_CARDS","is_prod":false,"is_daily":false,"chose_seed":false,"campfire_upgraded":2,"win_rate":0,"timestamp":1561298487,"path_taken":["M","?","M","M","?","E","R","M","T","R","?","R","?","?","R","BOSS","M","$","M","?","?","R","M","E"],"build_version":"2019-01-23","purchased_purges":2,"victory":false,"max_hp_per_floor":[66,66,66,66,66,66,66,66,66,66,66,66,66,66,66,66,66,66,66,66,66,66,66,66,66],"card_choices":[{"not_picked":["Choke","Distraction"],"picked":"Deflect","floor":1},{"not_picked":["Sucker Punch","Slice","Tactician"],"picked":"SKIP","floor":3},{"not_picked":["Catalyst","PiercingWail"],"picked":"Backstab","floor":4},{"not_picked":["Envenom","Outmaneuver"],"picked":"Dagger Spray","floor":5},{"not_picked":["Dodge and Roll","Tactician"],"picked":"Cloak And Dagger","floor":6},{"not_picked":["Poisoned Stab","Underhanded Strike"],"picked":"Blade Dance","floor":8},{"not_picked":["Sucker Punch","Reflex"],"picked":"Dodge and Roll","floor":14},{"not_picked":["Grand Finale","Envenom"],"picked":"Bullet Time","floor":16},{"not_picked":["Underhanded Strike","Poisoned Stab"],"picked":"Leg Sweep","floor":18},{"not_picked":["Underhanded Strike","Slice"],"picked":"Escape Plan","floor":20},{"not_picked":["Accuracy","Flying Knee"],"picked":"Finisher","floor":22},{"not_picked":["Deadly Poison","Well Laid Plans"],"picked":"Flying Knee","floor":24}],"player_experience":1459385,"relics_obtained":[{"floor":6,"key":"Shuriken"},{"floor":9,"key":"The Courier"}],"event_choices":[{"damage_healed":0,"gold_gain":50,"player_choice":"Touch","damage_taken":6,"max_hp_gain":0,"max_hp_loss":0,"event_name":"FaceTrader","floor":2,"gold_loss":0},{"damage_healed":0,"gold_gain":275,"player_choice":"Desecrate","damage_taken":0,"max_hp_gain":0,"max_hp_loss":0,"event_name":"Golden Shrine","floor":13,"gold_loss":0,"cards_obtained":["Regret"]}],"is_beta":false,"boss_relics":[{"not_picked":["Velvet Choker","Fusion Hammer"],"picked":"Ectoplasm"}],"items_purged_floors":[11,19],"is_endless":false,"potions_floor_spawned":[1,4,14,18,24],"killed_by":"Gremlin Leader","ascension_level":16}