{"gold_per_floor":[110,110,185,185,205,205,205,221,244,258,258,271,271,65,65,159,159,177,200,22,22],"floor_reached":21,"playtime":518,"items_purged":["Injury"],"score":313,"play_id":"ef08d2e3-ec3d-4abe-83a1-247d618c345b","local_time":"20190803234615","is_ascension_mode":true,"campfire_choices":[{"data":"Zap","floor":6.0,"key":"SMITH"},{"data":"Cold Snap","floor":11.0,"key":"SMITH"},{"floor":13.0,"key":"REST"},{"data":"Chaos","floor":15.0,"key":"SMITH"}],"neow_cost":"PERCENT_DAMAGE","seed_source_timestamp":0,"circlet_count":0,"master_deck":["AscendersBane","Strike_B","Strike_B","Strike_B","Strike_B","Defend_B","Defend_B","Defend_B","Defend_B","Zap+1","Dualcast","Cold Snap+1","Compile Driver","Stack","Sweeping Beam","Loop","Chaos+1","FTL","Echo Form","Turbo+1","Stack","Seek","Barrage"],"special_seed":0,"relics":["Cracked Core","Peace Pipe","Golden Idol","Regal Pillow","Nuclear Battery"],"potions_floor_usage":[],"damage_taken":[{"damage":0.0,"enemies":"2 Louse","floor":1.0,"turns":1.0},{"damage":10.0,"enemies":"Small Slimes","floor":5.0,"turns":3.0},{"damage":0.0,"enemies":"Cultist","floor":8.0,"turns":3.0},{"damage":4.0,"enemies":"Exordium Thugs","floor":10.0,"turns":5.0},{"damage":9.0,"enemies":"Red Slaver","floor":12.0,"turns":3.0},{"damage":4.0,"enemies":"Slime Boss","floor":16.0,"turns":7.0},{"damage":21.0,"enemies":"Spheric Guardian","floor":18.0,"turns":4.0},{"damage":29.0,"enemies":"2 Thieves","floor":19.0,"turns":5.0},{"damage":20,"enemies":"Shelled Parasite and Fungi","floor":21,"turns":1}],"seed_played":"-5111490445615686833","potions_obtained":[{"floor":5.0,"key":"Swift Potion"},{"floor":7.0,"key":"GamblersBrew"},{"floor":12.0,"key":"Explosive Potion"},{"floor":16.0,"key":"SteroidPotion"},{"floor":18.0,"key":"SkillPotion"},{"floor":19.0,"key":"Regen Potion"}],"is_trial":false,"path_per_floor":["M","?","?","?","M","R","?","M","T","M","R","M","R","$","R","B",null,"M","M","$","M"],"character_chosen":"DEFECT","items_purchased":["Chaos","FTL","Seek","Barrage"],"campfire_rested":1,"item_purchase_floors":[14,14,20,20],"current_hp_per_floor":[46,46,35,40,30,30,30,30,30,26,26,17,54,54,54,50,70,49,20,20,0],"gold":22,"neow_bonus":"ONE_RARE_RELIC","is_prod":false,"is_daily":false,"chose_seed":false,"campfire_upgraded":3,"win_rate":0,"timestamp":1564868775,"path_taken":["M","?","?","?","M","R","?","?","T","M","R","M","R","?","R","BOSS","M","M","$","M"],"build_version":"2019-07-17","purchased_purges":1,"victory":false,"max_hp_per_floor":[71,71,71,76,76,76,76,76,76,76,76,76,76,76,76,76,76,76,76,76,76],"card_choices":[{"not_picked":["Darkness","Loop"],"picked":"Cold Snap","floor":1.0},{"not_picked":["Turbo","FTL"],"picked":"Compile Driver","floor":5.0},{"not_picked":["Heatsinks","Streamline"],"picked":"Stack","floor":8.0},{"not_picked":["Turbo","Rebound"],"picked":"Sweeping Beam","floor":10.0},{"not_picked":["Cold Snap","Heatsinks"],"picked":"Loop","floor":12.0},{"not_picked":["Reboot","Machine Learning"],"picked":"Echo Form","floor":16.0},{"not_picked":["Rebound","Streamline+1"],"picked":"Turbo+1","floor":18.0},{"not_picked":["Streamline","FTL"],"picked":"Stack","floor":19.0}],"player_experience":1792316,"relics_obtained":[{"floor":9.0,"key":"Regal Pillow"}],"event_choices":[{"damage_healed":0.0,"max_hp_gain":0.0,"max_hp_loss":0.0,"gold_gain":0.0,"event_name":"Golden Idol","player_choice":"Take Wound","floor":2.0,"gold_loss":0.0,"damage_taken":0.0,"relics_obtained":["Golden Idol"],"cards_obtained":["Injury"]},{"damage_healed":0.0,"max_hp_gain":0.0,"max_hp_loss":0.0,"gold_gain":75.0,"event_name":"World of Goop","player_choice":"Gather Gold","floor":3.0,"gold_loss":0.0,"damage_taken":11.0},{"damage_healed":0.0,"max_hp_gain":5.0,"max_hp_loss":0.0,"gold_gain":0.0,"event_name":"Big Fish","player_choice":"Donut","floor":4.0,"gold_loss":0.0,"damage_taken":0.0},{"damage_healed":0.0,"max_hp_gain":0.0,"max_hp_loss":0.0,"gold_gain":0.0,"event_name":"Lab","player_choice":"Got Potions","floor":7.0,"gold_loss":0.0,"damage_taken":0.0}],"is_beta":false,"boss_relics":[{"not_picked":["Philosopher\u0027s Stone","Coffee Dripper"],"picked":"Nuclear Battery"}],"items_purged_floors":[14],"is_endless":false,"potions_floor_spawned":[5,12,16,18,19],"killed_by":"Shelled Parasite and Fungi","ascension_level":17}