{"gold_per_floor":[113,188,201,201,211,245,245,259,334,334,353,367,367,378,378,378],"floor_reached":16,"playtime":446,"items_purged":[],"score":104,"play_id":"5066dcd0-5a83-44ae-833e-abc6083359a6","local_time":"20191009195151","is_ascension_mode":false,"campfire_choices":[{"data":"Body Slam","floor":7.0,"key":"SMITH"},{"data":"Bash","floor":10,"key":"SMITH"},{"data":"Iron Wave","floor":13,"key":"SMITH"},{"data":"Twin Strike","floor":15,"key":"SMITH"}],"neow_cost":"NONE","seed_source_timestamp":279201516447508,"circlet_count":0,"master_deck":["Strike_R","Strike_R","Strike_R","Strike_R","Strike_R","Defend_R","Defend_R","Defend_R","Defend_R","Bash+1","Twin Strike+1","Iron Wave+1","Body Slam+1"],"special_seed":0,"relics":["Coffee Dripper"],"potions_floor_usage":[8,16,16],"damage_taken":[{"damage":0.0,"enemies":"Small Slimes","floor":1.0,"turns":3.0},{"damage":1.0,"enemies":"Jaw Worm","floor":3.0,"turns":3.0},{"damage":0.0,"enemies":"Cultist","floor":5.0,"turns":2.0},{"damage":35.0,"enemies":"Lagavulin","floor":6.0,"turns":4.0},{"damage":3,"enemies":"Gremlin Gang","floor":8,"turns":5},{"damage":0,"enemies":"Looter","floor":11,"turns":2},{"damage":13,"enemies":"Red Slaver","floor":12,"turns":2},{"damage":0,"enemies":"3 Louse","floor":14,"turns":3},{"damage":24,"enemies":"Slime Boss","floor":16,"turns":7}],"seed_played":"8559989172402135171","potions_obtained":[{"floor":5.0,"key":"SkillPotion"},{"floor":6.0,"key":"Block Potion"},{"floor":11,"key":"Explosive Potion"},{"floor":14,"key":"Ancient Potion"}],"is_trial":false,"path_per_floor":["M","?","M","?","M","E","R","M","T","R","M","M","R","M","R","B"],"character_chosen":"IRONCLAD","items_purchased":[],"campfire_rested":0,"item_purchase_floors":[],"current_hp_per_floor":[80,69,68,68,68,33,33,30,30,30,30,17,17,17,17,0],"gold":378,"neow_bonus":"BOSS_RELIC","is_prod":false,"is_daily":false,"chose_seed":false,"campfire_upgraded":4,"win_rate":0,"timestamp":1570675911,"path_taken":["M","?","M","?","M","E","R","?","T","R","M","M","R","?","R","BOSS"],"build_version":"2019-07-17","purchased_purges":0,"victory":false,"max_hp_per_floor":[80,80,80,80,80,80,80,80,80,80,80,80,80,80,80,80],"card_choices":[{"not_picked":["Sword Boomerang","Sever Soul","Metallicize"],"picked":"SKIP","floor":1.0},{"not_picked":["Thunderclap","Burning Pact"],"picked":"Twin Strike","floor":3.0},{"not_picked":["Iron Wave","Armaments","Thunderclap"],"picked":"SKIP","floor":5.0},{"not_picked":["Armaments","Thunderclap"],"picked":"Iron Wave","floor":5.0},{"not_picked":["Heavy Blade","Clash"],"picked":"Body Slam","floor":6.0},{"not_picked":["Reckless Charge","Clash","Infernal Blade"],"picked":"SKIP","floor":8},{"not_picked":["Clothesline","Perfected Strike","Dark Embrace"],"picked":"SKIP","floor":11},{"not_picked":["Thunderclap","Body Slam","Armaments"],"picked":"SKIP","floor":12},{"not_picked":["Thunderclap","Warcry","Pummel"],"picked":"SKIP","floor":14}],"player_experience":377067,"relics_obtained":[],"event_choices":[{"damage_healed":0.0,"max_hp_gain":0.0,"max_hp_loss":0.0,"gold_gain":75.0,"event_name":"World of Goop","player_choice":"Gather Gold","floor":2.0,"gold_loss":0.0,"damage_taken":11.0},{"damage_healed":0.0,"max_hp_gain":0.0,"max_hp_loss":0.0,"gold_gain":0.0,"event_name":"WeMeetAgain","player_choice":"Ignored","floor":4.0,"gold_loss":0.0,"damage_taken":0.0}],"is_beta":false,"boss_relics":[],"items_purged_floors":[],"is_endless":false,"potions_floor_spawned":[5,6,11,14],"killed_by":"Slime Boss","ascension_level":0}