{"gold_per_floor":[110,130,280,299,299,299,315,315,315,3,33,33,33,33,33,107,107,121,136,136,148,148],"floor_reached":22,"playtime":843,"items_purged":[],"score":322,"play_id":"b3fa01af-4032-47a9-b725-4477b33fb314","local_time":"20190424040913","is_ascension_mode":true,"campfire_choices":[{"data":"Neutralize","floor":6,"key":"SMITH"},{"data":"Skewer","floor":8,"key":"SMITH"},{"data":"Cloak And Dagger","floor":15,"key":"SMITH"}],"neow_cost":"NONE","seed_source_timestamp":107278397264300,"circlet_count":0,"master_deck":["AscendersBane","Defend_G","Defend_G","Defend_G","Defend_G","Defend_G","Strike_G","Strike_G","Strike_G","Strike_G","Survivor","Neutralize+1","Skewer+1","Backflip","Dagger Spray","Deflect","Cloak And Dagger+1","Blade Dance","A Thousand Cuts","Blade Dance","Calculated Gamble","Slice"],"relics":["Ring of the Snake","Art of War","Pen Nib","Ornamental Fan","Kunai","White Beast Statue"],"potions_floor_usage":[11,16,21,22],"damage_taken":[{"damage":2,"enemies":"Jaw Worm","floor":1,"turns":6},{"damage":2,"enemies":"2 Louse","floor":2,"turns":4},{"damage":0,"enemies":"Cultist","floor":4,"turns":4},{"damage":2,"enemies":"2 Fungi Beasts","floor":7,"turns":4},{"damage":14,"enemies":"3 Sentries","floor":11,"turns":11},{"damage":37,"enemies":"Slime Boss","floor":16,"turns":10},{"damage":18,"enemies":"Spheric Guardian","floor":18,"turns":4},{"damage":5,"enemies":"3 Byrds","floor":19,"turns":6},{"damage":30,"enemies":"Snecko","floor":21,"turns":6},{"damage":14,"enemies":"Colosseum Slavers","floor":22,"turns":3}],"seed_played":"5712750217731484122","potions_obtained":[{"floor":2,"key":"SpeedPotion"},{"floor":7,"key":"FairyPotion"},{"floor":11,"key":"LiquidBronze"},{"floor":16,"key":"FearPotion"},{"floor":18,"key":"PowerPotion"},{"floor":21,"key":"SteroidPotion"}],"is_trial":false,"path_per_floor":["M","M","?","M","?","R","M","R","T","$","E","?","$","?","R","B",null,"M","M","?","M","?"],"character_chosen":"THE_SILENT","items_purchased":["Ornamental Fan","Cloak And Dagger"],"campfire_rested":0,"item_purchase_floors":[10,10],"current_hp_per_floor":[57,55,55,55,60,60,58,58,58,58,44,44,44,44,44,7,55,37,32,32,2,0],"gold":148,"neow_bonus":"RANDOM_COMMON_RELIC","is_prod":false,"is_daily":false,"chose_seed":false,"campfire_upgraded":3,"win_rate":0,"timestamp":1556071753,"path_taken":["M","M","?","M","?","R","M","R","T","$","E","?","$","?","R","BOSS","M","M","?","?","?"],"build_version":"2019-01-23","purchased_purges":0,"victory":false,"max_hp_per_floor":[66,66,66,66,71,71,71,71,71,71,71,71,71,71,71,71,71,71,71,71,71,71],"card_choices":[{"not_picked":["Blade Dance","Deadly Poison"],"picked":"Skewer","floor":1},{"not_picked":["Quick Slash","Bouncing Flask"],"picked":"Backflip","floor":2},{"not_picked":["Underhanded Strike","Backflip"],"picked":"Dagger Spray","floor":4},{"not_picked":["Distraction","Cloak And Dagger"],"picked":"Deflect","floor":7},{"not_picked":["Bane","Footwork"],"picked":"Blade Dance","floor":11},{"not_picked":["Grand Finale","Envenom"],"picked":"A Thousand Cuts","floor":16},{"not_picked":["Cloak And Dagger","Underhanded Strike+1"],"picked":"Blade Dance","floor":18},{"not_picked":["Quick Slash","PiercingWail"],"picked":"Calculated Gamble","floor":19},{"not_picked":["Masterful Stab","Dagger Spray"],"picked":"Slice","floor":21}],"player_experience":1062365,"relics_obtained":[{"floor":9,"key":"Pen Nib"},{"floor":11,"key":"Kunai"}],"event_choices":[{"damage_healed":0,"gold_gain":150,"player_choice":"AGREE","damage_taken":0,"max_hp_gain":0,"max_hp_loss":0,"event_name":"Liars Game","floor":3,"gold_loss":0,"cards_obtained":["Doubt"]},{"damage_healed":0,"gold_gain":0,"player_choice":"Donut","damage_taken":0,"max_hp_gain":5,"max_hp_loss":0,"event_name":"Big Fish","floor":5,"gold_loss":0},{"damage_healed":0,"gold_gain":0,"player_choice":"Leave","damage_taken":0,"max_hp_gain":0,"max_hp_loss":0,"event_name":"The Cleric","floor":12,"gold_loss":0},{"cards_removed":["Doubt"],"damage_healed":0,"gold_gain":0,"player_choice":"Forget","damage_taken":0,"max_hp_gain":0,"max_hp_loss":0,"event_name":"Living Wall","floor":14,"gold_loss":0},{"cards_removed":["Strike_G"],"damage_healed":0,"gold_gain":0,"player_choice":"Purged","damage_taken":0,"max_hp_gain":0,"max_hp_loss":0,"event_name":"Purifier","floor":20,"gold_loss":0},{"damage_healed":0,"gold_gain":0,"player_choice":"Fight","damage_taken":0,"max_hp_gain":0,"max_hp_loss":0,"event_name":"Colosseum","floor":22,"gold_loss":0}],"is_beta":false,"boss_relics":[{"not_picked":["Coffee Dripper","Velvet Choker"],"picked":"White Beast Statue"}],"items_purged_floors":[],"is_endless":false,"potions_floor_spawned":[2,7,11,16,18,19,21],"killed_by":"Colosseum Slavers","ascension_level":15}