{"gold_per_floor":[111,122,132,132,149,149,180,180,232,242,1,1,11,31,31,109,109,129,129,29,29,29,29,54,54,54,71,86,98,98,23,23,23],"floor_reached":33,"playtime":938,"items_purged":["Strike_R","Decay"],"score":521,"play_id":"a8e942e0-7ff5-4827-8bab-93c5cd37cb89","local_time":"20190823104044","is_ascension_mode":true,"campfire_choices":[{"data":"Whirlwind","floor":6,"key":"SMITH"},{"data":"Bash","floor":8,"key":"SMITH"},{"data":"Clothesline","floor":12,"key":"SMITH"},{"data":"Seeing Red","floor":15,"key":"SMITH"},{"floor":23,"key":"REST"},{"data":"Rampage","floor":25,"key":"SMITH"},{"data":"Armaments","floor":30,"key":"SMITH"},{"floor":32,"key":"REST"}],"neow_cost":"NONE","seed_source_timestamp":797519740376200,"circlet_count":0,"master_deck":["AscendersBane","Strike_R","Strike_R","Defend_R","Defend_R","Defend_R","Defend_R","Bash+1","Headbutt","Thunderclap","Whirlwind+1","Clothesline+1","Seeing Red+1","Flex","Fiend Fire","Rampage+1","Immolate","Uppercut","Feel No Pain","Battle Trance+1","Armaments+1","Infernal Blade"],"relics":["Burning Blood","Blue Candle","Happy Flower","Bag of Marbles","Mark of Pain","Blood Vial","Bottled Lightning"],"potions_floor_usage":[7,7,24,24,24,24,28],"damage_taken":[{"damage":3,"enemies":"2 Louse","floor":1,"turns":4},{"damage":1,"enemies":"Cultist","floor":2,"turns":3},{"damage":14,"enemies":"Jaw Worm","floor":3,"turns":4},{"damage":11,"enemies":"3 Louse","floor":5,"turns":2},{"damage":30,"enemies":"Gremlin Nob","floor":7,"turns":4},{"damage":0,"enemies":"Gremlin Gang","floor":10,"turns":1},{"damage":26,"enemies":"Large Slime","floor":13,"turns":4},{"damage":1,"enemies":"2 Fungi Beasts","floor":14,"turns":2},{"damage":34,"enemies":"Hexaghost","floor":16,"turns":8},{"damage":32,"enemies":"Shell Parasite","floor":18,"turns":3},{"damage":28,"enemies":"Gremlin Leader","floor":24,"turns":3},{"damage":7,"enemies":"Chosen","floor":27,"turns":3},{"damage":8,"enemies":"Centurion and Healer","floor":28,"turns":4},{"damage":0,"enemies":"3 Cultists","floor":29,"turns":2},{"damage":88,"enemies":"Collector","floor":33,"turns":6}],"seed_played":"-8901672665215334234","potions_obtained":[{"floor":1,"key":"Fire Potion"},{"floor":7,"key":"Fruit Juice"},{"floor":10,"key":"Poison Potion"},{"floor":14,"key":"SteroidPotion"},{"floor":18,"key":"EntropicBrew"},{"floor":21,"key":"LiquidBronze"},{"floor":24,"key":"GamblersBrew"},{"floor":29,"key":"SpeedPotion"}],"is_trial":false,"path_per_floor":["M","M","M","?","M","R","E","R","T","M","$","R","M","M","R","B",null,"M","?","$","?","$","R","E","R","T","M","M","M","R","?","R","B"],"character_chosen":"IRONCLAD","items_purchased":["Bag of Marbles"],"campfire_rested":2,"item_purchase_floors":[11],"current_hp_per_floor":[78,82,74,74,69,69,50,50,50,56,56,56,36,41,41,13,69,43,43,43,43,43,69,47,47,47,48,48,56,56,56,82,0],"gold":23,"neow_bonus":"TEN_PERCENT_HP_BONUS","is_prod":false,"is_daily":false,"chose_seed":false,"campfire_upgraded":6,"win_rate":0,"timestamp":1566549644,"path_taken":["M","M","M","?","M","R","E","R","T","M","$","R","M","?","R","BOSS","M","?","$","?","$","R","E","R","T","M","?","M","R","?","R","BOSS"],"build_version":"2019-07-17","purchased_purges":2,"victory":false,"max_hp_per_floor":[82,82,82,82,82,82,87,87,87,87,87,87,87,87,87,87,87,87,87,87,87,87,87,87,87,87,87,87,87,87,87,87,87],"card_choices":[{"not_picked":["Dropkick","Blood for Blood"],"picked":"Headbutt","floor":1},{"not_picked":["Havoc","Clash"],"picked":"Thunderclap","floor":2},{"not_picked":["Shrug It Off","Ghostly Armor"],"picked":"Whirlwind","floor":3},{"not_picked":["Hemokinesis","Perfected Strike"],"picked":"Clothesline","floor":5},{"not_picked":["Dual Wield","Searing Blow"],"picked":"Seeing Red","floor":7},{"not_picked":["True Grit","Thunderclap"],"picked":"Flex","floor":10},{"not_picked":["Clash","Heavy Blade"],"picked":"Fiend Fire","floor":13},{"not_picked":["Body Slam","Flex"],"picked":"Rampage","floor":14},{"not_picked":["Barricade","Reaper"],"picked":"Immolate","floor":16},{"not_picked":["Cleave","Twin Strike"],"picked":"Uppercut","floor":18},{"not_picked":["Thunderclap","Infernal Blade"],"picked":"Feel No Pain","floor":24},{"not_picked":["Havoc","Shrug It Off"],"picked":"Battle Trance+1","floor":27},{"not_picked":["Flame Barrier","Sword Boomerang+1"],"picked":"Armaments","floor":28},{"not_picked":["Intimidate","Pommel Strike"],"picked":"Infernal Blade","floor":29}],"player_experience":1955063,"relics_obtained":[{"floor":7,"key":"Blue Candle"},{"floor":9,"key":"Happy Flower"},{"floor":24,"key":"Blood Vial"},{"floor":26,"key":"Bottled Lightning"}],"event_choices":[{"cards_removed":["Strike_R"],"damage_healed":0,"gold_gain":0,"player_choice":"Purged","damage_taken":0,"max_hp_gain":0,"max_hp_loss":0,"event_name":"Purifier","floor":4,"gold_loss":0},{"damage_healed":0,"gold_gain":0,"player_choice":"Smashed Altar","damage_taken":0,"max_hp_gain":0,"max_hp_loss":0,"event_name":"Forgotten Altar","floor":19,"gold_loss":0,"cards_obtained":["Decay"]},{"damage_healed":0,"gold_gain":0,"player_choice":"Got Potions","damage_taken":0,"max_hp_gain":0,"max_hp_loss":0,"event_name":"Lab","floor":21,"gold_loss":0},{"cards_removed":["Strike_R"],"damage_healed":0,"gold_gain":0,"player_choice":"Gave Gold","damage_taken":0,"max_hp_gain":0,"max_hp_loss":0,"event_name":"Beggar","floor":31,"gold_loss":75}],"is_beta":false,"boss_relics":[{"not_picked":["Runic Cube","Sozu"],"picked":"Mark of Pain"}],"items_purged_floors":[11,20],"is_endless":false,"potions_floor_spawned":[1,7,10,14,18,24,29],"killed_by":"Collector","ascension_level":19}