{"gold_per_floor":[118,43,43,43,55,55,65,81,108,108,123,123,148,166,166,166],"floor_reached":16,"playtime":470,"items_purged":["Strike_R"],"score":168,"play_id":"7473b3b4-2736-4c15-98c4-02c5b3c86b6d","local_time":"20190303180824","is_ascension_mode":true,"campfire_choices":[{"data":"Bash","floor":6,"key":"SMITH"},{"data":"True Grit","floor":10,"key":"SMITH"},{"data":"Body Slam","floor":12,"key":"SMITH"},{"data":"Exhume","floor":15,"key":"SMITH"}],"neow_cost":"NONE","seed_source_timestamp":166646791896500,"circlet_count":0,"master_deck":["AscendersBane","Strike_R","Strike_R","Strike_R+1","Defend_R","Defend_R","Defend_R","Defend_R","Bash+1","Corruption+1","Headbutt+1","True Grit+1","Shrug It Off","Body Slam+1","Exhume+1","Power Through"],"relics":["Burning Blood","NeowsBlessing","Whetstone","PreservedInsect"],"potions_floor_usage":[8,8,13],"damage_taken":[{"damage":0,"enemies":"2 Louse","floor":1,"turns":1},{"damage":0,"enemies":"Small Slimes","floor":5,"turns":1},{"damage":0,"enemies":"Cultist","floor":7,"turns":1},{"damage":33,"enemies":"Gremlin Gang","floor":8,"turns":5},{"damage":17,"enemies":"3 Louse","floor":11,"turns":5},{"damage":8,"enemies":"Gremlin Nob","floor":13,"turns":4},{"damage":5,"enemies":"Large Slime","floor":14,"turns":4},{"damage":41,"enemies":"Slime Boss","floor":16,"turns":7}],"seed_played":"3304298078027776958","potions_obtained":[{"floor":1,"key":"Swift Potion"},{"floor":5,"key":"Poison Potion"},{"floor":11,"key":"PowerPotion"}],"is_trial":false,"path_per_floor":["M","$","?","?","M","R","M","M","T","R","M","R","E","M","R","B"],"character_chosen":"IRONCLAD","items_purchased":[],"campfire_rested":0,"item_purchase_floors":[],"current_hp_per_floor":[78,78,71,71,77,77,80,53,53,53,42,42,40,41,41,0],"gold":166,"neow_bonus":"THREE_ENEMY_KILL","is_prod":false,"is_daily":false,"chose_seed":false,"campfire_upgraded":4,"win_rate":0,"timestamp":1551632904,"path_taken":["M","$","?","?","?","R","?","M","T","R","M","R","E","M","R","BOSS"],"build_version":"2019-01-23","purchased_purges":1,"victory":false,"max_hp_per_floor":[80,80,80,80,80,80,80,80,80,80,80,80,80,80,80,80],"card_choices":[{"not_picked":["Metallicize","Evolve"],"picked":"Corruption","floor":1},{"not_picked":["Wild Strike","Perfected Strike"],"picked":"Headbutt","floor":5},{"not_picked":["Sever Soul","Evolve"],"picked":"True Grit","floor":7},{"not_picked":["Pommel Strike","Combust"],"picked":"Shrug It Off","floor":8},{"not_picked":["Pommel Strike","Reaper"],"picked":"Body Slam","floor":11},{"not_picked":["Twin Strike","Sever Soul"],"picked":"Exhume","floor":13},{"not_picked":["Evolve","Burning Pact"],"picked":"Power Through","floor":14}],"player_experience":922562,"relics_obtained":[{"floor":9,"key":"Whetstone"},{"floor":13,"key":"PreservedInsect"}],"event_choices":[{"cards_removed":["Strike_R"],"damage_healed":0,"gold_gain":0,"player_choice":"Card Removal","damage_taken":7,"max_hp_gain":0,"max_hp_loss":0,"event_name":"Golden Wing","floor":3,"gold_loss":0},{"damage_healed":0,"gold_gain":0,"player_choice":"Forge","damage_taken":0,"max_hp_gain":0,"max_hp_loss":0,"event_name":"Accursed Blacksmith","floor":4,"gold_loss":0,"cards_upgraded":["Corruption"]}],"is_beta":false,"boss_relics":[],"items_purged_floors":[2],"is_endless":false,"potions_floor_spawned":[1,5,11],"killed_by":"Slime Boss","ascension_level":13}