{"gold_per_floor":[116,41,51,69,83,83,108,108,108,121,138,148,148,168,168,239,239,211,261,275,13,13,13,44,19,70,70,84,97,109,24,24,101,101,118,118,118,128,1,1],"floor_reached":40,"playtime":2281,"items_purged":["Strike_B","Strike_B"],"score":800,"play_id":"0bfc834c-d975-4022-90f3-b90ada828094","local_time":"20190617202120","is_ascension_mode":true,"campfire_choices":[{"data":"Beam Cell","floor":6,"key":"SMITH"},{"floor":8,"key":"REST"},{"floor":13,"key":"DIG"},{"data":"Streamline","floor":15,"key":"SMITH"},{"floor":23,"key":"DIG"},{"data":"Buffer","floor":27,"key":"SMITH"},{"floor":32,"key":"DIG"}],"neow_cost":"TEN_PERCENT_HP_LOSS","seed_source_timestamp":56796540950343,"circlet_count":0,"master_deck":["AscendersBane","Strike_B","Strike_B","Defend_B","Defend_B","Defend_B","Defend_B","Zap","Dualcast","Beam Cell+1","Conserve Battery","Glacier","Streamline+1","Creative AI","Static Discharge","Cold Snap","Storm","Buffer+1","Static Discharge","Undo","Electrodynamics","Coolheaded","Glacier+1","Conserve Battery","Biased Cognition","Mayhem","Barrage+1","Capacitor"],"relics":["Cracked Core","Bird Faced Urn","WingedGreaves","Shovel","Gambling Chip","Nuclear Battery","Bag of Preparation","DataDisk","Oddly Smooth Stone","Smiling Mask","StoneCalendar","Torii","Snecko Eye"],"potions_floor_usage":[7,16,16,33],"damage_taken":[{"damage":21,"enemies":"Small Slimes","floor":1,"turns":3},{"damage":2,"enemies":"Jaw Worm","floor":3,"turns":3},{"damage":0,"enemies":"Cultist","floor":4,"turns":3},{"damage":0,"enemies":"2 Fungi Beasts","floor":5,"turns":4},{"damage":13,"enemies":"Lagavulin","floor":7,"turns":7},{"damage":6,"enemies":"Looter","floor":10,"turns":3},{"damage":13,"enemies":"Blue Slaver","floor":11,"turns":3},{"damage":5,"enemies":"3 Louse","floor":12,"turns":4},{"damage":2,"enemies":"2 Fungi Beasts","floor":14,"turns":3},{"damage":35,"enemies":"Hexaghost","floor":16,"turns":7},{"damage":26,"enemies":"2 Thieves","floor":18,"turns":4},{"damage":1,"enemies":"Shell Parasite","floor":20,"turns":7},{"damage":18,"enemies":"Book of Stabbing","floor":24,"turns":4},{"damage":23,"enemies":"Centurion and Healer","floor":28,"turns":8},{"damage":0,"enemies":"Chosen and Byrds","floor":29,"turns":5},{"damage":12,"enemies":"Snake Plant","floor":30,"turns":4},{"damage":46,"enemies":"Collector","floor":33,"turns":13},{"damage":8,"enemies":"3 Shapes","floor":35,"turns":5},{"damage":0,"enemies":"Orb Walker","floor":38,"turns":5},{"damage":82,"enemies":"Giant Head","floor":40,"turns":9}],"seed_played":"2748225532136866263","potions_obtained":[{"floor":5,"key":"Poison Potion"},{"floor":7,"key":"FearPotion"},{"floor":12,"key":"Poison Potion"},{"floor":16,"key":"LiquidBronze"},{"floor":18,"key":"EssenceOfSteel"},{"floor":35,"key":"SpeedPotion"}],"is_trial":false,"path_per_floor":["M","$","M","M","M","R","E","R","T","M","M","M","R","M","R","B",null,"M","?","M","$","?","R","E","$","T","R","M","M","M","?","R","B",null,"M","?","?","M","$","E"],"character_chosen":"DEFECT","items_purchased":["Electrodynamics","Bag of Preparation","Coolheaded","Capacitor"],"campfire_rested":1,"item_purchase_floors":[21,21,25,39],"current_hp_per_floor":[43,43,41,41,41,41,28,47,47,41,30,25,25,27,27,4,49,31,31,46,46,46,46,42,42,42,42,35,49,47,47,47,23,54,60,60,60,64,64,0],"gold":1,"neow_bonus":"ONE_RARE_RELIC","is_prod":false,"is_daily":false,"chose_seed":false,"campfire_upgraded":3,"win_rate":0,"timestamp":1560799280,"path_taken":["M","$","M","M","M","R","E","R","T","M","M","M","R","M","R","BOSS","M","?","M","$","?","R","E","?","T","R","M","M","?","?","R","BOSS","M","?","?","M","$","E"],"build_version":"2019-01-23","purchased_purges":2,"victory":false,"max_hp_per_floor":[64,64,64,64,64,64,64,64,64,64,64,64,64,64,64,64,64,64,64,64,64,64,64,64,64,64,64,64,64,64,64,64,64,64,64,64,64,64,64,64],"card_choices":[{"not_picked":["Rebound","Stack"],"picked":"Beam Cell","floor":1},{"not_picked":["Beam Cell","Storm"],"picked":"Conserve Battery","floor":3},{"not_picked":["Beam Cell","Rebound"],"picked":"Glacier","floor":4},{"not_picked":["Steam","Conserve Battery"],"picked":"Streamline","floor":5},{"not_picked":["Leap","Lockon"],"picked":"Creative AI","floor":7},{"not_picked":["Leap","Reinforced Body"],"picked":"Static Discharge","floor":10},{"not_picked":["Coolheaded","Double Energy"],"picked":"Cold Snap","floor":11},{"not_picked":["Redo","Streamline"],"picked":"Storm","floor":12},{"not_picked":["Scrape","Redo","Turbo"],"picked":"SKIP","floor":14},{"not_picked":["Machine Learning","Meteor Strike"],"picked":"Buffer","floor":16},{"not_picked":["Steam","Heatsinks"],"picked":"Static Discharge","floor":18},{"not_picked":["BootSequence","Rebound"],"picked":"Undo","floor":20},{"not_picked":["Beam Cell","BootSequence","Cold Snap"],"picked":"SKIP","floor":24},{"not_picked":["Turbo+1","Hologram"],"picked":"Glacier+1","floor":28},{"not_picked":["Lockon","Doom and Gloom+1"],"picked":"Conserve Battery","floor":29},{"not_picked":["Streamline","Double Energy","Machine Learning"],"picked":"SKIP","floor":30},{"not_picked":["Core Surge","Multi-Cast"],"picked":"Biased Cognition","floor":33},{"not_picked":["Coolheaded","Hologram","Auto Shields"],"picked":"SKIP","floor":35},{"not_picked":["Impatience","Metamorphosis"],"picked":"Mayhem","floor":36},{"not_picked":["Cold Snap","Compile Driver"],"picked":"Barrage+1","floor":38}],"player_experience":1085343,"relics_obtained":[{"floor":7,"key":"WingedGreaves"},{"floor":9,"key":"Shovel"},{"floor":13,"key":"Gambling Chip"},{"floor":23,"key":"DataDisk"},{"floor":24,"key":"Oddly Smooth Stone"},{"floor":26,"key":"Smiling Mask"},{"floor":32,"key":"Torii"}],"event_choices":[{"damage_healed":0,"gold_gain":50,"player_choice":"Stole From Cult","damage_taken":0,"max_hp_gain":0,"max_hp_loss":0,"event_name":"Nest","floor":19,"gold_loss":0},{"damage_healed":0,"gold_gain":0,"player_choice":"Ignored","damage_taken":0,"max_hp_gain":0,"max_hp_loss":0,"event_name":"Ghosts","floor":22,"gold_loss":0},{"damage_healed":0,"gold_gain":0,"player_choice":"Obtained Relic","damage_taken":0,"relics_obtained":["StoneCalendar"],"max_hp_gain":0,"max_hp_loss":0,"event_name":"Addict","floor":31,"gold_loss":85},{"damage_healed":0,"gold_gain":0,"player_choice":"Memory 1","damage_taken":0,"max_hp_gain":0,"max_hp_loss":0,"event_name":"SensoryStone","floor":36,"gold_loss":0},{"damage_healed":0,"gold_gain":0,"player_choice":"Ignored","damage_taken":0,"max_hp_gain":0,"max_hp_loss":0,"event_name":"Mysterious Sphere","floor":37,"gold_loss":0}],"is_beta":false,"boss_relics":[{"not_picked":["Black Star","Runic Dome"],"picked":"Nuclear Battery"},{"not_picked":["Sozu","Velvet Choker"],"picked":"Snecko Eye"}],"items_purged_floors":[2,39],"is_endless":false,"potions_floor_spawned":[5,7,12,16,18,28,35],"killed_by":"Giant Head","ascension_level":19}