{"gold_per_floor":[118,128,142,154,164,164,174,174,199,199],"floor_reached":10,"playtime":418,"items_purged":[],"score":118,"play_id":"941f21be-4d14-4e15-91f9-91910533f0b8","local_time":"20190722181910","is_ascension_mode":true,"campfire_choices":[{"data":"Skewer","floor":6,"key":"SMITH"},{"data":"Neutralize","floor":8,"key":"SMITH"}],"neow_cost":"NONE","seed_source_timestamp":117074116396600,"circlet_count":0,"master_deck":["AscendersBane","Strike_G","Strike_G","Strike_G","Strike_G","Strike_G","Defend_G","Defend_G","Defend_G","Defend_G","Defend_G","Survivor","Neutralize+1","Skewer+1","Endless Agony","Footwork","Dagger Throw","Deflect","Backflip"],"relics":["Ring of the Snake","Juzu Bracelet"],"potions_floor_usage":[5,7],"damage_taken":[{"damage":1,"enemies":"Cultist","floor":1,"turns":4},{"damage":0,"enemies":"Jaw Worm","floor":2,"turns":6},{"damage":2,"enemies":"Small Slimes","floor":3,"turns":4},{"damage":1,"enemies":"2 Fungi Beasts","floor":4,"turns":4},{"damage":2,"enemies":"Looter","floor":5,"turns":3},{"damage":0,"enemies":"Lots of Slimes","floor":7,"turns":2},{"damage":48,"enemies":"Lagavulin Event","floor":10,"turns":9}],"seed_played":"7492251372035003443","potions_obtained":[{"floor":1,"key":"AttackPotion"},{"floor":3,"key":"Weak Potion"},{"floor":7,"key":"GamblersBrew"}],"is_trial":false,"path_per_floor":["M","M","M","M","M","R","M","R","T","?"],"character_chosen":"THE_SILENT","items_purchased":[],"campfire_rested":0,"item_purchase_floors":[],"current_hp_per_floor":[64,64,62,61,59,59,59,59,59,11],"gold":199,"neow_bonus":"TEN_PERCENT_HP_BONUS","is_prod":false,"is_daily":false,"chose_seed":false,"campfire_upgraded":2,"win_rate":0,"timestamp":1563812350,"path_taken":["M","M","M","?","M","R","M","R","T","?"],"build_version":"2019-07-17","purchased_purges":0,"victory":false,"max_hp_per_floor":[72,72,72,72,72,72,72,72,72,72],"card_choices":[{"not_picked":["Sucker Punch","Dash"],"picked":"Skewer","floor":1},{"not_picked":["Acrobatics","Concentrate"],"picked":"Endless Agony","floor":2},{"not_picked":["Distraction","Deadly Poison"],"picked":"Footwork","floor":3},{"not_picked":["Quick Slash","Outmaneuver"],"picked":"Dagger Throw","floor":4},{"not_picked":["Acrobatics","PiercingWail"],"picked":"Deflect","floor":5},{"not_picked":["Accuracy","Sucker Punch"],"picked":"Backflip","floor":7}],"player_experience":1740990,"relics_obtained":[{"floor":9,"key":"Juzu Bracelet"}],"event_choices":[{"damage_healed":0,"gold_gain":0,"player_choice":"Searched \u00271\u0027 times","damage_taken":0,"max_hp_gain":0,"max_hp_loss":0,"event_name":"Dead Adventurer","floor":10,"gold_loss":0}],"is_beta":false,"boss_relics":[],"items_purged_floors":[],"is_endless":false,"potions_floor_spawned":[1,3,4,7],"killed_by":"Lagavulin Event","ascension_level":18}