{"gold_per_floor":[11,11,28,42,14,14,29,29,29,29,61,136,22,22,22,94,94,106,121,2,2,2,2,28,28,28,28,28,40,40,75,75,75],"floor_reached":33,"playtime":1351,"items_purged":["Strike_R"],"score":516,"play_id":"59810933-b4e1-43ac-8f9e-fafb0a52234b","local_time":"20180928192223","is_ascension_mode":true,"campfire_choices":[{"data":"Infernal Blade","floor":6,"key":"SMITH"},{"data":"Sever Soul","floor":8,"key":"SMITH"},{"floor":15,"key":"REST"},{"data":"Immolate","floor":23,"key":"SMITH"},{"data":"Havoc","floor":25,"key":"SMITH"},{"data":"Shrug It Off","floor":28,"key":"SMITH"},{"data":"Power Through","floor":32,"key":"SMITH"}],"neow_cost":"NO_GOLD","seed_source_timestamp":166712320585853,"circlet_count":0,"master_deck":["Strike_R+1","Strike_R+1","Strike_R+1","Defend_R+1","Defend_R+1","Defend_R+1","Defend_R+1","Bash","AscendersBane","Infernal Blade+1","Sever Soul+1","Shrug It Off+1","Headbutt","Havoc+1","Immolate+1","Entrench","Spot Weakness","Havoc+1","Power Through+1"],"relics":["Burning Blood","Dead Branch","Frozen Egg 2","Self Forming Clay","Mark of Pain","Mummified Hand","Molten Egg 2","Ancient Tea Set"],"potions_floor_usage":[11,16,19,24,24,31],"damage_taken":[{"damage":4,"enemies":"Small Slimes","floor":1,"turns":4},{"damage":0,"enemies":"Cultist","floor":3,"turns":2},{"damage":7,"enemies":"Jaw Worm","floor":4,"turns":2},{"damage":8,"enemies":"Exordium Thugs","floor":7,"turns":6},{"damage":54,"enemies":"Gremlin Nob","floor":11,"turns":5},{"damage":16,"enemies":"Hexaghost","floor":16,"turns":6},{"damage":17,"enemies":"Shell Parasite","floor":18,"turns":4},{"damage":12,"enemies":"3 Byrds","floor":19,"turns":4},{"damage":21,"enemies":"Slavers","floor":24,"turns":4},{"damage":4,"enemies":"3 Cultists","floor":29,"turns":4},{"damage":30,"enemies":"Book of Stabbing","floor":31,"turns":4},{"damage":57,"enemies":"Collector","floor":33,"turns":5}],"seed_played":"-3973599341996072377","potions_obtained":[{"floor":1,"key":"Block Potion"},{"floor":3,"key":"LiquidBronze"},{"floor":18,"key":"Block Potion"},{"floor":19,"key":"Regen Potion"},{"floor":29,"key":"FearPotion"}],"is_trial":false,"path_per_floor":["M","?","M","M","$","R","M","R","T","?","E","?","$","?","R","B",null,"M","M","$","?","?","R","E","R","T","?","R","M","?","E","R"],"character_chosen":"IRONCLAD","items_purchased":["Shrug It Off","Havoc","PowerPotion","Spot Weakness"],"campfire_rested":1,"item_purchase_floors":[5,13,13,20],"current_hp_per_floor":[70,75,80,79,79,79,77,77,77,77,29,18,18,18,42,32,68,57,51,51,51,80,80,72,72,72,72,72,74,74,50,50,0],"gold":75,"neow_bonus":"ONE_RARE_RELIC","is_prod":false,"is_daily":false,"chose_seed":false,"campfire_upgraded":6,"win_rate":0,"timestamp":1538158943,"path_taken":["M","?","M","M","$","R","M","R","T","?","E","?","$","?","R","BOSS","M","M","$","?","?","R","E","R","T","?","R","?","?","E","R","BOSS"],"build_version":"2018-09-27","purchased_purges":1,"victory":false,"max_hp_per_floor":[75,80,80,80,80,80,80,80,80,80,80,80,80,80,80,80,80,80,80,80,80,80,80,80,80,80,80,80,80,80,80,80,80],"card_choices":[{"not_picked":["Wild Strike","Havoc"],"picked":"Infernal Blade","floor":1},{"not_picked":["Perfected Strike","Sword Boomerang"],"picked":"Sever Soul","floor":3},{"not_picked":["Rampage","Perfected Strike","Berserk"],"picked":"SKIP","floor":4},{"not_picked":["Anger","Heavy Blade"],"picked":"Headbutt","floor":7},{"not_picked":["Flex","Pommel Strike","Dropkick"],"picked":"SKIP","floor":11},{"not_picked":["Exhume","Bludgeon"],"picked":"Immolate","floor":16},{"not_picked":["Wild Strike","Dropkick"],"picked":"Entrench","floor":18},{"not_picked":["Sword Boomerang","Wild Strike","Thunderclap"],"picked":"SKIP","floor":19},{"not_picked":["Clash","Cleave"],"picked":"Havoc","floor":24},{"not_picked":["Twin Strike+1","Armaments","Pommel Strike+1"],"picked":"SKIP","floor":29},{"not_picked":["Perfected Strike+1","Rage"],"picked":"Power Through","floor":31}],"player_experience":778060,"relics_obtained":[{"floor":9,"key":"Frozen Egg 2"},{"floor":11,"key":"Self Forming Clay"},{"floor":24,"key":"Mummified Hand"},{"floor":26,"key":"Molten Egg 2"},{"floor":31,"key":"Ancient Tea Set"}],"event_choices":[{"event_name":"Big Fish","player_choice":"Donut","floor":2,"damage_taken":0},{"event_name":"Transmorgrifier","player_choice":"Transform","floor":10,"damage_taken":0},{"event_name":"World of Goop","player_choice":"Gather Gold","floor":12,"damage_taken":0},{"event_name":"The Lab","player_choice":"Got Potions","floor":14,"damage_taken":0},{"event_name":"Back to Basics","player_choice":"Simplicity","floor":21,"damage_taken":0},{"event_name":"Bonfire Elementals","player_choice":"UNCOMMON","floor":22,"damage_taken":0},{"event_name":"Accursed Blacksmith","player_choice":"Forge","floor":27,"damage_taken":0},{"event_name":"Cursed Tome","player_choice":"Ignored","floor":30,"damage_taken":0}],"is_beta":false,"boss_relics":[{"not_picked":["Ectoplasm","Fusion Hammer"],"picked":"Mark of Pain"}],"items_purged_floors":[20],"is_endless":false,"potions_floor_spawned":[1,3,4,18,19,29],"killed_by":"Collector","ascension_level":17}