{"gold_per_floor":[114,134,134,209,224,268,268,301,301,301,317,317,317],"floor_reached":13,"playtime":413,"items_purged":[],"score":186,"play_id":"1cb5fc56-e700-4a6d-8438-280204b4b5e4","local_time":"20190225194124","is_ascension_mode":true,"campfire_choices":[{"floor":7.0,"key":"REST"},{"floor":12,"key":"REST"}],"neow_cost":"TEN_PERCENT_HP_LOSS","seed_source_timestamp":805462147136221,"circlet_count":0,"master_deck":["AscendersBane","Defend_G","Defend_G","Defend_G","Defend_G","Defend_G","Strike_G","Strike_G","Strike_G","Strike_G","Strike_G","Survivor","Neutralize","Forethought","Trip","Backflip","Dagger Throw","Deadly Poison","Dagger Throw"],"special_seed":0,"relics":["Ring of the Snake","Golden Idol","Bronze Scales","Singing Bowl","Snake Skull","Tough Bandages"],"potions_floor_usage":[13],"damage_taken":[{"damage":2.0,"enemies":"Jaw Worm","floor":1.0,"turns":4.0},{"damage":0.0,"enemies":"2 Louse","floor":2.0,"turns":3.0},{"damage":0.0,"enemies":"Small Slimes","floor":5.0,"turns":3.0},{"damage":26.0,"enemies":"3 Sentries","floor":6.0,"turns":13.0},{"damage":32,"enemies":"Gremlin Nob","floor":8,"turns":4},{"damage":0,"enemies":"Looter","floor":11,"turns":3},{"damage":34,"enemies":"Lagavulin","floor":13,"turns":6}],"seed_played":"-2583075129272196478","potions_obtained":[{"floor":2.0,"key":"AttackPotion"},{"floor":8,"key":"LiquidBronze"}],"is_trial":false,"path_per_floor":["M","M","?","?","M","E","R","E","T","T","M","R","E"],"character_chosen":"THE_SILENT","items_purchased":[],"campfire_rested":2,"item_purchase_floors":[],"current_hp_per_floor":[57,57,54,43,43,17,33,3,3,3,5,22,0],"gold":317,"neow_bonus":"RANDOM_COLORLESS_2","is_prod":false,"is_daily":false,"chose_seed":false,"campfire_upgraded":0,"win_rate":0,"timestamp":1551120084,"path_taken":["M","M","?","?","M","E","R","E","T","?","M","R","E"],"build_version":"2019-01-23","purchased_purges":0,"victory":false,"max_hp_per_floor":[60,60,54,54,54,54,54,56,56,56,58,58,58],"card_choices":[{"not_picked":["Outmaneuver","Prepared"],"picked":"Backflip","floor":1.0},{"not_picked":["Endless Agony","Slice"],"picked":"Dagger Throw","floor":2.0},{"not_picked":["Terror","Catalyst"],"picked":"Deadly Poison","floor":5.0},{"not_picked":["Sucker Punch","Dodge and Roll"],"picked":"Dagger Throw","floor":6.0},{"not_picked":["Crippling Poison","All Out Attack","Night Terror"],"picked":"Singing Bowl","floor":8},{"not_picked":["Prepared","Deadly Poison","Dagger Spray"],"picked":"Singing Bowl","floor":11}],"player_experience":664972,"relics_obtained":[{"floor":6.0,"key":"Bronze Scales"},{"floor":8,"key":"Singing Bowl"},{"floor":9,"key":"Snake Skull"},{"floor":10,"key":"Tough Bandages"}],"event_choices":[{"damage_healed":0.0,"max_hp_gain":0.0,"max_hp_loss":6.0,"gold_gain":0.0,"event_name":"Golden Idol","player_choice":"Lose Max HP","floor":3.0,"gold_loss":0.0,"damage_taken":0.0,"relics_obtained":["Golden Idol"]},{"damage_healed":0.0,"max_hp_gain":0.0,"max_hp_loss":0.0,"gold_gain":75.0,"event_name":"World of Goop","player_choice":"Gather Gold","floor":4.0,"gold_loss":0.0,"damage_taken":11.0}],"is_beta":false,"boss_relics":[],"items_purged_floors":[],"is_endless":false,"potions_floor_spawned":[2,8],"killed_by":"Lagavulin","ascension_level":20}