{"gold_per_floor":[359,378,378,392,408,408,408,408,431,452,452,452],"floor_reached":12,"playtime":345,"items_purged":[],"score":140,"play_id":"06340d3e-4bff-427d-97c0-abfb53f72b7b","local_time":"20190104232607","is_ascension_mode":true,"campfire_choices":[{"floor":8.0,"key":"REST"}],"neow_cost":"TEN_PERCENT_HP_LOSS","seed_source_timestamp":193375412942955,"circlet_count":0,"master_deck":["AscendersBane","Strike_B","Strike_B","Strike_B","Strike_B","Defend_B","Defend_B","Defend_B","Defend_B+1","Zap","Dualcast","Chaos+1","Cold Snap+1","Reinforced Body","Cold Snap","Glacier"],"special_seed":0,"relics":["Cracked Core","Golden Idol","Dream Catcher","Oddly Smooth Stone"],"potions_floor_usage":[12],"damage_taken":[{"damage":2.0,"enemies":"Jaw Worm","floor":1.0,"turns":3.0},{"damage":12.0,"enemies":"Small Slimes","floor":2.0,"turns":3.0},{"damage":12.0,"enemies":"2 Louse","floor":4.0,"turns":4.0},{"damage":7.0,"enemies":"Looter","floor":5.0,"turns":3.0},{"damage":5.0,"enemies":"Exordium Wildlife","floor":10.0,"turns":7.0},{"damage":13,"enemies":"Gremlin Nob","floor":12,"turns":3}],"seed_played":"-2742022986518276398","potions_obtained":[{"floor":1.0,"key":"GamblersBrew"},{"floor":2.0,"key":"Strength Potion"}],"is_trial":false,"path_per_floor":["M","M","?","M","M","?","?","R","T","M","?","E"],"character_chosen":"DEFECT","items_purchased":[],"campfire_rested":1,"item_purchase_floors":[],"current_hp_per_floor":[62,50,31,19,12,12,12,29,29,24,13,0],"gold":452,"neow_bonus":"TWO_FIFTY_GOLD","is_prod":false,"is_daily":false,"chose_seed":false,"campfire_upgraded":0,"win_rate":0,"timestamp":1546640767,"path_taken":["M","M","?","M","M","?","?","R","T","M","?","E"],"build_version":"2019-01-03v4","purchased_purges":0,"victory":false,"max_hp_per_floor":[64,64,64,64,64,58,58,58,58,58,58,58],"card_choices":[{"not_picked":["Doom and Gloom","Undo"],"picked":"Chaos","floor":1.0},{"not_picked":["Steam","Beam Cell"],"picked":"Cold Snap","floor":2.0},{"not_picked":["Genetic Algorithm","Leap"],"picked":"Reinforced Body","floor":4.0},{"not_picked":["Leap","Barrage"],"picked":"Cold Snap","floor":5.0},{"not_picked":["Beam Cell","Melter"],"picked":"Glacier","floor":10.0}],"player_experience":576879,"relics_obtained":[{"floor":9.0,"key":"Dream Catcher"}],"event_choices":[{"damage_healed":0.0,"max_hp_gain":0.0,"max_hp_loss":0.0,"gold_gain":0.0,"event_name":"Shining Light","player_choice":"Entered Light","floor":3.0,"gold_loss":0.0,"damage_taken":19.0,"cards_upgraded":["Cold Snap","Defend_B"]},{"damage_healed":0.0,"max_hp_gain":0.0,"max_hp_loss":6.0,"gold_gain":0.0,"event_name":"Golden Idol","player_choice":"Lose Max HP","floor":6.0,"gold_loss":0.0,"damage_taken":0.0,"relics_obtained":["Golden Idol"]},{"damage_healed":0.0,"max_hp_gain":0.0,"max_hp_loss":0.0,"gold_gain":0.0,"event_name":"Living Wall","player_choice":"Grow","floor":7.0,"gold_loss":0.0,"damage_taken":0.0,"cards_upgraded":["Chaos"]},{"damage_healed":0.0,"max_hp_gain":0.0,"max_hp_loss":0.0,"gold_gain":0.0,"event_name":"Scrap Ooze","player_choice":"Success","floor":11.0,"gold_loss":0.0,"damage_taken":11.0,"relics_obtained":["Oddly Smooth Stone"]}],"is_beta":false,"boss_relics":[],"items_purged_floors":[],"is_endless":false,"potions_floor_spawned":[1,2],"killed_by":"Gremlin Nob","ascension_level":20}