{"gold_per_floor":[18,18,18,18,18,18,32,32,84,84,116,129,161,178,178,257,257,268,268,268,279,279,279,296,296,323,349,349,23,33,53,53,125,125,137,237,253,91,109,109,126,143,143,161,0,0,0,0],"floor_reached":48,"playtime":1774,"items_purged":["Strike_B"],"score":947,"play_id":"3ce0028e-c9e0-4a11-a05f-ecaea81228ee","local_time":"20190918210908","is_ascension_mode":true,"campfire_choices":[{"floor":6,"key":"REST"},{"data":"Gash","floor":8,"key":"SMITH"},{"floor":10,"key":"REST"},{"floor":15,"key":"REST"},{"floor":23,"key":"REST"},{"floor":25,"key":"REST"},{"floor":28,"key":"REST"},{"floor":32,"key":"REST"},{"floor":40,"key":"REST"},{"floor":46,"key":"REST"}],"neow_cost":"NO_GOLD","seed_source_timestamp":2647590905200,"circlet_count":0,"master_deck":["AscendersBane","Strike_B+1","Strike_B+1","Strike_B+1","Defend_B","Defend_B","Defend_B","Defend_B","Zap+1","Dualcast","Core Surge+1","Gash+1","Cold Snap+1","Hologram","Sweeping Beam+1","Compile Driver+1","Ball Lightning+1","Seek","Beam Cell+1","RitualDagger+1","Necronomicurse","Leap","Steam","Undo","Apotheosis","Doom and Gloom+1","Glacier+1","Conserve Battery","Multi-Cast","Redo","Defragment+1","Static Discharge+1","Self Repair+1","FTL+1","Defragment+1","Chill+1","Static Discharge+1","Hologram+1","Magnetism+1"],"relics":["Cracked Core","PreservedInsect","Molten Egg 2","Lantern","Cables","Frozen Egg 2","Sozu","Necronomicon","Whetstone","Calipers","Runic Pyramid","Turnip","Symbiotic Virus","Red Mask"],"potions_floor_usage":[16,22,27],"damage_taken":[{"damage":8,"enemies":"Small Slimes","floor":1,"turns":2},{"damage":7,"enemies":"Jaw Worm","floor":7,"turns":2},{"damage":6,"enemies":"Gremlin Nob","floor":11,"turns":3},{"damage":0,"enemies":"2 Louse","floor":12,"turns":2},{"damage":18,"enemies":"Lagavulin","floor":13,"turns":3},{"damage":0,"enemies":"Looter","floor":14,"turns":2},{"damage":20,"enemies":"Slime Boss","floor":16,"turns":7},{"damage":19,"enemies":"Shell Parasite","floor":18,"turns":3},{"damage":2,"enemies":"Spheric Guardian","floor":21,"turns":3},{"damage":0,"enemies":"Masked Bandits","floor":22,"turns":2},{"damage":5,"enemies":"Cultist and Chosen","floor":24,"turns":5},{"damage":17,"enemies":"Book of Stabbing","floor":27,"turns":3},{"damage":24,"enemies":"Snake Plant","floor":30,"turns":4},{"damage":0,"enemies":"Chosen and Byrds","floor":31,"turns":3},{"damage":30,"enemies":"Champ","floor":33,"turns":10},{"damage":8,"enemies":"Orb Walker","floor":35,"turns":2},{"damage":4,"enemies":"Mind Bloom Boss Battle","floor":36,"turns":4},{"damage":28,"enemies":"3 Shapes","floor":37,"turns":4},{"damage":0,"enemies":"Maw","floor":39,"turns":8},{"damage":21,"enemies":"Transient","floor":41,"turns":6},{"damage":0,"enemies":"4 Shapes","floor":42,"turns":5},{"damage":0,"enemies":"Maw","floor":44,"turns":6},{"damage":73,"enemies":"2 Orb Walkers","floor":48,"turns":4}],"seed_played":"-7363568957894262689","potions_obtained":[{"floor":1,"key":"PowerPotion"},{"floor":7,"key":"LiquidBronze"},{"floor":16,"key":"SmokeBomb"}],"is_trial":false,"path_per_floor":["M","?","?","?","T","R","M","R","T","R","E","M","E","M","R","B",null,"M","?","?","M","?","R","M","R","T","E","R","$","M","M","R","B",null,"M","?","M","$","M","R","M","M","T","M","?","R","?","?"],"character_chosen":"DEFECT","items_purchased":["Apotheosis","Doom and Gloom+1","Self Repair+1","FTL+1"],"campfire_rested":9,"item_purchase_floors":[29,29,38,38],"current_hp_per_floor":[56,56,45,24,24,45,38,38,38,59,53,53,35,35,56,36,62,43,37,16,14,14,35,30,51,51,34,55,55,31,31,52,22,59,51,47,19,19,29,50,39,39,39,49,49,70,70,0],"gold":0,"neow_bonus":"THREE_RARE_CARDS","is_prod":false,"is_daily":false,"chose_seed":false,"campfire_upgraded":1,"win_rate":0,"timestamp":1568833748,"path_taken":["M","?","?","?","?","R","M","R","T","R","E","M","E","?","R","BOSS","M","?","?","M","?","R","M","R","T","E","R","?","M","?","R","BOSS","M","?","M","$","M","R","M","M","T","M","?","R","?","?"],"build_version":"2019-07-17","purchased_purges":1,"victory":false,"max_hp_per_floor":[71,71,71,71,71,71,71,71,71,71,71,71,71,71,71,71,71,71,71,71,71,71,71,71,71,71,71,71,71,71,71,71,71,71,71,71,71,71,71,71,71,71,71,71,71,71,71,71],"card_choices":[{"not_picked":["Meteor Strike","Seek"],"picked":"Core Surge","floor":0},{"not_picked":["Doom and Gloom","Streamline"],"picked":"Gash","floor":1},{"not_picked":["Stack","Rebound+1"],"picked":"Cold Snap+1","floor":7},{"not_picked":["Loop","Streamline+1"],"picked":"Hologram","floor":11},{"not_picked":["Auto Shields","Chill"],"picked":"Sweeping Beam+1","floor":12},{"not_picked":["Storm","Stack"],"picked":"Compile Driver+1","floor":13},{"not_picked":["Glacier","Barrage+1"],"picked":"Ball Lightning+1","floor":14},{"not_picked":["Hyperbeam+1","Amplify"],"picked":"Seek","floor":16},{"not_picked":["Turbo","Undo"],"picked":"Beam Cell+1","floor":18},{"not_picked":["Fusion","Redo"],"picked":"Leap","floor":21},{"not_picked":["Streamline+1","Aggregate"],"picked":"Steam","floor":24},{"not_picked":["Hyperbeam+1","Stack"],"picked":"Undo","floor":27},{"not_picked":["Reprogram","Hologram"],"picked":"Glacier+1","floor":30},{"not_picked":["Stack","Steam Power"],"picked":"Conserve Battery","floor":31},{"not_picked":["Seek","Thunder Strike+1"],"picked":"Multi-Cast","floor":33},{"not_picked":["Streamline+1","Steam Power"],"picked":"Redo","floor":35},{"not_picked":["Conserve Battery","Rebound+1"],"picked":"Defragment+1","floor":36},{"not_picked":["Ball Lightning+1","Skim"],"picked":"Static Discharge+1","floor":37},{"not_picked":["Sweeping Beam+1","Beam Cell+1"],"picked":"Defragment+1","floor":39},{"not_picked":["Thunder Strike+1","Coolheaded"],"picked":"Chill+1","floor":41},{"not_picked":["Sweeping Beam+1","Hologram"],"picked":"Static Discharge+1","floor":42},{"not_picked":["Blizzard+1","Rebound+1"],"picked":"Hologram+1","floor":44},{"not_picked":["Deep Breath","Secret Technique"],"picked":"Magnetism+1","floor":47}],"player_experience":1988432,"relics_obtained":[{"floor":5,"key":"Molten Egg 2"},{"floor":9,"key":"Lantern"},{"floor":11,"key":"Cables"},{"floor":13,"key":"Frozen Egg 2"},{"floor":20,"key":"Necronomicon"},{"floor":26,"key":"Whetstone"},{"floor":27,"key":"Calipers"},{"floor":36,"key":"Turnip"},{"floor":43,"key":"Symbiotic Virus"}],"event_choices":[{"damage_healed":0,"gold_gain":0,"player_choice":"Grow","damage_taken":0,"max_hp_gain":0,"max_hp_loss":0,"event_name":"Living Wall","floor":2,"gold_loss":0,"cards_upgraded":["Zap"]},{"damage_healed":0,"gold_gain":0,"player_choice":"Success","damage_taken":11,"relics_obtained":["PreservedInsect"],"max_hp_gain":0,"max_hp_loss":0,"event_name":"Scrap Ooze","floor":3,"gold_loss":0},{"damage_healed":0,"gold_gain":0,"player_choice":"Entered Light","damage_taken":21,"max_hp_gain":0,"max_hp_loss":0,"event_name":"Shining Light","floor":4,"gold_loss":0,"cards_upgraded":["Core Surge","Strike_B"]},{"damage_healed":0,"gold_gain":0,"player_choice":"Joined the Cult","damage_taken":6,"max_hp_gain":0,"max_hp_loss":0,"event_name":"Nest","floor":19,"gold_loss":0,"cards_obtained":["RitualDagger"]},{"damage_healed":0,"gold_gain":0,"player_choice":"Obtained Book","damage_taken":21,"max_hp_gain":0,"max_hp_loss":0,"event_name":"Cursed Tome","floor":20,"gold_loss":0},{"damage_healed":0,"gold_gain":0,"player_choice":"Fought Bandits","damage_taken":0,"max_hp_gain":0,"max_hp_loss":0,"event_name":"Masked Bandits","floor":22,"gold_loss":0},{"damage_healed":0,"gold_gain":0,"player_choice":"Fight","damage_taken":0,"max_hp_gain":0,"max_hp_loss":0,"event_name":"MindBloom","floor":36,"gold_loss":0},{"damage_healed":0,"gold_gain":0,"player_choice":"Paid","damage_taken":0,"relics_obtained":["Red Mask"],"max_hp_gain":0,"max_hp_loss":0,"event_name":"Tomb of Lord Red Mask","floor":45,"gold_loss":161},{"damage_healed":0,"gold_gain":0,"player_choice":"Memory 1","damage_taken":0,"max_hp_gain":0,"max_hp_loss":0,"event_name":"SensoryStone","floor":47,"gold_loss":0},{"damage_healed":0,"gold_gain":0,"player_choice":"Fight","damage_taken":0,"max_hp_gain":0,"max_hp_loss":0,"event_name":"Mysterious Sphere","floor":48,"gold_loss":0}],"is_beta":false,"boss_relics":[{"not_picked":["Lizard Tail","Cursed Key"],"picked":"Sozu"},{"not_picked":["Philosopher\u0027s Stone","Eternal Feather"],"picked":"Runic Pyramid"}],"items_purged_floors":[29],"is_endless":false,"potions_floor_spawned":[1,7,16,21,22,33,35,37,44],"killed_by":"2 Orb Walkers","ascension_level":18}