{"gold_per_floor":[114,3,3,78,128,154,154,184,235,250,265,293,75,75,75,154,154,165,165,40,56,21,21,21],"floor_reached":24,"playtime":667,"items_purged":["Strike_B","Strike_B","Defend_B"],"score":438,"play_id":"1e6e3ead-a656-4a85-890c-2e2cf6993379","local_time":"20190520235230","is_ascension_mode":true,"campfire_choices":[{"data":"Zap","floor":7,"key":"SMITH"},{"floor":15,"key":"REST"},{"data":"Fission","floor":23,"key":"SMITH"}],"neow_cost":"NONE","seed_source_timestamp":607097734561300,"circlet_count":0,"master_deck":["AscendersBane","Strike_B+1","Strike_B+1","Defend_B","Defend_B","Zap+1","Dualcast","Genetic Algorithm","Loop","Coolheaded","Hologram","Cold Snap","Fusion","Beam Cell","Conserve Battery","Static Discharge","Glacier","Fission+1","Ball Lightning","Compile Driver","Self Repair"],"relics":["Cracked Core","NeowsBlessing","Anchor","Singing Bowl","Whetstone","Odd Mushroom","Nuclear Battery"],"potions_floor_usage":[10,16,16,21],"damage_taken":[{"damage":0,"enemies":"Small Slimes","floor":1,"turns":1},{"damage":0,"enemies":"Gremlin Nob","floor":6,"turns":1},{"damage":0,"enemies":"3 Sentries","floor":8,"turns":1},{"damage":2,"enemies":"Cultist","floor":10,"turns":5},{"damage":2,"enemies":"Jaw Worm","floor":11,"turns":4},{"damage":19,"enemies":"The Mushroom Lair","floor":12,"turns":4},{"damage":42,"enemies":"Slime Boss","floor":16,"turns":14},{"damage":12,"enemies":"Chosen","floor":18,"turns":7},{"damage":28,"enemies":"2 Thieves","floor":21,"turns":4},{"damage":27,"enemies":"Slavers","floor":24,"turns":2}],"seed_played":"-5676160430719161616","potions_obtained":[{"floor":1,"key":"Ancient Potion"},{"floor":8,"key":"Block Potion"},{"floor":10,"key":"Dexterity Potion"},{"floor":18,"key":"Regen Potion"}],"is_trial":false,"path_per_floor":["M","$","?","?","?","E","R","E","T","M","M","?","$","?","R","B",null,"M","?","$","M","$","R","E"],"character_chosen":"DEFECT","items_purchased":["Loop","Conserve Battery","Static Discharge","Self Repair"],"campfire_rested":1,"item_purchase_floors":[2,13,13,22],"current_hp_per_floor":[64,64,69,58,51,51,51,51,51,49,47,28,28,28,50,8,59,47,42,42,26,26,26,0],"gold":21,"neow_bonus":"THREE_ENEMY_KILL","is_prod":false,"is_daily":false,"chose_seed":false,"campfire_upgraded":2,"win_rate":0,"timestamp":1558389150,"path_taken":["M","$","?","?","?","E","R","E","T","?","M","?","$","?","R","BOSS","M","?","$","M","?","R","E"],"build_version":"2019-01-23","purchased_purges":3,"victory":false,"max_hp_per_floor":[71,71,76,76,76,76,76,76,76,76,76,76,76,76,76,76,76,76,76,76,76,76,76,76],"card_choices":[{"not_picked":["Defragment","Hello World"],"picked":"Genetic Algorithm","floor":1},{"not_picked":["Doom and Gloom","Force Field"],"picked":"Coolheaded","floor":6},{"not_picked":["Beam Cell","Redo"],"picked":"Hologram","floor":8},{"not_picked":["Rebound","Coolheaded"],"picked":"Cold Snap","floor":10},{"not_picked":["FTL","Hologram"],"picked":"Fusion","floor":11},{"not_picked":["Blizzard","Steam Power"],"picked":"Beam Cell","floor":12},{"not_picked":["Hyperbeam","All For One"],"picked":"Fission","floor":16},{"not_picked":["Melter","Sweeping Beam"],"picked":"Ball Lightning","floor":18},{"not_picked":["Beam Cell","Cold Snap"],"picked":"Compile Driver","floor":21}],"player_experience":1178589,"relics_obtained":[{"floor":6,"key":"Anchor"},{"floor":8,"key":"Singing Bowl"},{"floor":9,"key":"Whetstone"},{"floor":12,"key":"Odd Mushroom"}],"event_choices":[{"damage_healed":0,"gold_gain":0,"player_choice":"Donut","damage_taken":0,"max_hp_gain":5,"max_hp_loss":0,"event_name":"Big Fish","floor":3,"gold_loss":0},{"damage_healed":0,"gold_gain":75,"player_choice":"Gather Gold","damage_taken":11,"max_hp_gain":0,"max_hp_loss":0,"event_name":"World of Goop","floor":4,"gold_loss":0},{"damage_healed":0,"gold_gain":50,"player_choice":"Touch","damage_taken":7,"max_hp_gain":0,"max_hp_loss":0,"event_name":"FaceTrader","floor":5,"gold_loss":0},{"damage_healed":0,"gold_gain":0,"player_choice":"Fought Mushrooms","damage_taken":0,"max_hp_gain":0,"max_hp_loss":0,"event_name":"Mushrooms","floor":12,"gold_loss":0},{"damage_healed":0,"gold_gain":0,"cards_transformed":["Defend_B"],"player_choice":"Change","damage_taken":0,"max_hp_gain":0,"max_hp_loss":0,"event_name":"Living Wall","floor":14,"gold_loss":0,"cards_obtained":["Glacier"]},{"damage_healed":0,"gold_gain":0,"player_choice":"Punched","damage_taken":5,"max_hp_gain":0,"max_hp_loss":0,"event_name":"Designer","floor":19,"gold_loss":0}],"is_beta":false,"boss_relics":[{"not_picked":["Lizard Tail","Black Star"],"picked":"Nuclear Battery"}],"items_purged_floors":[2,13,20],"is_endless":false,"potions_floor_spawned":[1,8,10,18],"killed_by":"Slavers","ascension_level":15}