{"gold_per_floor":[118,118,118,131,141,141,166,183,231,248,275,275,295,295,295,374,374,393,31,57,57,57,57,72,72,72,72,88,104,104,4,4,81,81,100,100,100,116,116],"floor_reached":39,"playtime":1491,"items_purged":["Strike_G","Defend_G"],"score":750,"play_id":"cdcbadff-75dd-4acb-a061-c1c3682eb74e","local_time":"20190623011613","is_ascension_mode":true,"campfire_choices":[{"data":"Noxious Fumes","floor":6,"key":"SMITH"},{"data":"Footwork","floor":12,"key":"SMITH"},{"floor":15,"key":"REST"},{"data":"Apotheosis","floor":23,"key":"SMITH"},{"data":"Finisher","floor":25,"key":"SMITH"},{"floor":30,"key":"REST"},{"floor":32,"key":"REST"}],"neow_cost":"NONE","seed_source_timestamp":434980977894200,"circlet_count":0,"master_deck":["AscendersBane","Defend_G","Defend_G","Defend_G","Survivor","Neutralize+1","Noxious Fumes+1","Backflip","Blade Dance","Footwork+1","Bouncing Flask","Finisher+1","Deadly Poison","Deadly Poison","Corpse Explosion","Deadly Poison","Apotheosis+1","Dash","Dagger Throw","Bite","Bite","Bite","Bite","Ghostly","Ghostly","Ghostly","Caltrops","Bane","Envenom","Neutralize","Slice","Footwork","Adrenaline","Tactician","Madness","Acrobatics+1"],"relics":["Ring of the Snake","NeowsBlessing","Mummified Hand","Blood Vial","Anchor","GremlinMask","Empty Cage","Red Mask","Letter Opener","Sozu"],"potions_floor_usage":[7,11,20,33,33],"damage_taken":[{"damage":0,"enemies":"Small Slimes","floor":1,"turns":1},{"damage":0,"enemies":"2 Louse","floor":4,"turns":1},{"damage":0,"enemies":"Cultist","floor":5,"turns":1},{"damage":24,"enemies":"Gremlin Nob","floor":7,"turns":5},{"damage":1,"enemies":"Large Slime","floor":8,"turns":6},{"damage":3,"enemies":"Red Slaver","floor":10,"turns":4},{"damage":9,"enemies":"3 Sentries","floor":11,"turns":8},{"damage":7,"enemies":"2 Fungi Beasts","floor":13,"turns":4},{"damage":27,"enemies":"The Guardian","floor":16,"turns":8},{"damage":12,"enemies":"2 Thieves","floor":18,"turns":3},{"damage":25,"enemies":"Masked Bandits","floor":20,"turns":6},{"damage":6,"enemies":"3 Byrds","floor":24,"turns":5},{"damage":19,"enemies":"Snecko","floor":28,"turns":6},{"damage":11,"enemies":"Snake Plant","floor":29,"turns":5},{"damage":25,"enemies":"Automaton","floor":33,"turns":10},{"damage":17,"enemies":"Orb Walker","floor":35,"turns":4},{"damage":12,"enemies":"3 Shapes","floor":38,"turns":5},{"damage":14,"enemies":"Sphere and 2 Shapes","floor":39,"turns":4}],"seed_played":"-1357697104955386314","potions_obtained":[{"floor":1,"key":"Energy Potion"},{"floor":5,"key":"Poison Potion"},{"floor":16,"key":"GhostInAJar"},{"floor":28,"key":"Dexterity Potion"},{"floor":29,"key":"PowerPotion"},{"floor":33,"key":"SteroidPotion"}],"is_trial":false,"path_per_floor":["M","?","?","M","M","R","E","M","T","M","E","R","M","?","R","B",null,"M","$","?","?","?","R","M","R","T","?","M","M","R","$","R","B",null,"M","?","?","M","M"],"character_chosen":"THE_SILENT","items_purchased":["Apotheosis","Dash"],"campfire_rested":3,"item_purchase_floors":[19,19],"current_hp_per_floor":[59,52,52,52,52,52,28,27,27,26,19,19,14,14,33,8,52,42,42,19,19,19,19,20,20,20,20,8,9,15,15,21,11,20,12,12,12,6,0],"gold":116,"neow_bonus":"THREE_ENEMY_KILL","is_prod":false,"is_daily":false,"chose_seed":false,"campfire_upgraded":4,"win_rate":0,"timestamp":1561245373,"path_taken":["M","?","?","?","M","R","E","M","T","M","E","R","M","?","R","BOSS","M","$","?","?","?","R","?","R","T","?","M","?","R","$","R","BOSS","M","?","?","M","M"],"build_version":"2019-01-23","purchased_purges":2,"victory":false,"max_hp_per_floor":[66,66,66,66,66,66,66,66,66,66,66,66,66,66,66,66,66,66,66,66,46,23,23,23,23,23,23,23,23,23,23,23,23,23,23,23,23,23,23],"card_choices":[{"not_picked":["Concentrate","Backflip"],"picked":"Noxious Fumes","floor":1},{"not_picked":["Outmaneuver","Sucker Punch"],"picked":"Backflip","floor":4},{"not_picked":["Sucker Punch","Slice"],"picked":"Blade Dance","floor":5},{"not_picked":["Concentrate","Infinite Blades"],"picked":"Footwork","floor":7},{"not_picked":["Blur","Infinite Blades"],"picked":"Bouncing Flask","floor":8},{"not_picked":["Eviscerate","Quick Slash"],"picked":"Finisher","floor":10},{"not_picked":["Backflip","Underhanded Strike"],"picked":"Deadly Poison","floor":11},{"not_picked":["Bane","Expertise"],"picked":"Deadly Poison","floor":13},{"not_picked":["Envenom","Night Terror"],"picked":"Corpse Explosion","floor":16},{"not_picked":["Underhanded Strike","Dodge and Roll"],"picked":"Deadly Poison","floor":18},{"not_picked":["All Out Attack","Deadly Poison"],"picked":"Dagger Throw","floor":20},{"not_picked":["Concentrate","Distraction"],"picked":"Caltrops","floor":24},{"not_picked":["Cloak And Dagger","Dagger Throw"],"picked":"Slice","floor":28},{"not_picked":["Tactician","Reflex"],"picked":"Footwork","floor":29},{"not_picked":["Night Terror","Tools of the Trade"],"picked":"Adrenaline","floor":33},{"not_picked":["Blade Dance","Dodge and Roll"],"picked":"Tactician","floor":35},{"not_picked":["Panacea","Violence"],"picked":"Madness","floor":37},{"not_picked":["Bane+1","Dodge and Roll"],"picked":"Acrobatics+1","floor":38}],"player_experience":1447210,"relics_obtained":[{"floor":7,"key":"Mummified Hand"},{"floor":9,"key":"Blood Vial"},{"floor":11,"key":"Anchor"},{"floor":20,"key":"Red Mask"},{"floor":26,"key":"Letter Opener"}],"event_choices":[{"cards_removed":["Strike_G"],"damage_healed":0,"gold_gain":0,"player_choice":"Card Removal","damage_taken":7,"max_hp_gain":0,"max_hp_loss":0,"event_name":"Golden Wing","floor":2,"gold_loss":0},{"damage_healed":0,"gold_gain":0,"player_choice":"Upgraded","damage_taken":0,"max_hp_gain":0,"max_hp_loss":0,"event_name":"Upgrade Shrine","floor":3,"gold_loss":0,"cards_upgraded":["Neutralize"]},{"damage_healed":0,"gold_gain":0,"player_choice":"Trade","damage_taken":0,"relics_obtained":["GremlinMask"],"max_hp_gain":0,"max_hp_loss":0,"event_name":"FaceTrader","floor":14,"gold_loss":0},{"damage_healed":0,"gold_gain":0,"player_choice":"Fought Bandits","damage_taken":0,"max_hp_gain":0,"max_hp_loss":0,"event_name":"Masked Bandits","floor":20,"gold_loss":0},{"damage_healed":0,"gold_gain":0,"player_choice":"Became a vampire","damage_taken":0,"max_hp_gain":0,"max_hp_loss":20,"event_name":"Vampires","floor":21,"gold_loss":0,"cards_obtained":["Bite","Bite","Bite","Bite","Bite"]},{"damage_healed":0,"gold_gain":0,"player_choice":"Became a Ghost","damage_taken":0,"max_hp_gain":0,"max_hp_loss":23,"event_name":"Ghosts","floor":22,"gold_loss":0,"cards_obtained":["Ghostly","Ghostly","Ghostly"]},{"damage_healed":0,"gold_gain":0,"player_choice":"3 cards matched","damage_taken":0,"max_hp_gain":0,"max_hp_loss":0,"event_name":"Match and Keep!","floor":27,"gold_loss":0,"cards_obtained":["Bane","Envenom","Neutralize"]},{"cards_removed":["Bite"],"damage_healed":0,"gold_gain":0,"player_choice":"Removed Attack","damage_taken":0,"max_hp_gain":0,"max_hp_loss":0,"event_name":"Falling","floor":36,"gold_loss":0},{"damage_healed":0,"gold_gain":0,"player_choice":"Memory 1","damage_taken":0,"max_hp_gain":0,"max_hp_loss":0,"event_name":"SensoryStone","floor":37,"gold_loss":0}],"is_beta":false,"boss_relics":[{"not_picked":["Fusion Hammer","Runic Pyramid"],"picked":"Empty Cage"},{"not_picked":["Coffee Dripper","Black Star"],"picked":"Sozu"}],"items_purged_floors":[19,31],"is_endless":false,"potions_floor_spawned":[1,5,16,28,29,33,38],"killed_by":"Sphere and 2 Shapes","ascension_level":16}