{"gold_per_floor":[111,3,17,37,48,48,64,64,64,84,94,94,113,125,125,221,221,239,68,68,79,79,79,107,107,132,132,142,142,176,101,101,203,203,220,46,58,73,90,90,102,102,102,0,0,15,15,26,26,26],"floor_reached":51,"playtime":2909,"items_purged":["Strike_R","Strike_R","Cleave"],"score":913,"play_id":"c1fecf7b-5f3b-406b-b058-12cd1ae4b019","local_time":"20190912234047","is_ascension_mode":true,"campfire_choices":[{"data":"True Grit","floor":6.0,"key":"SMITH"},{"data":"Battle Trance","floor":8.0,"key":"SMITH"},{"data":"Pommel Strike","floor":12.0,"key":"SMITH"},{"data":"Whirlwind","floor":15.0,"key":"SMITH"},{"data":"Heavy Blade","floor":23.0,"key":"SMITH"},{"data":"Disarm","floor":25.0,"key":"SMITH"},{"data":"Spot Weakness","floor":27.0,"key":"SMITH"},{"data":"Feel No Pain","floor":29.0,"key":"SMITH"},{"data":"Shockwave","floor":32.0,"key":"SMITH"},{"floor":40.0,"key":"REST"},{"data":"Shrug It Off","floor":42.0,"key":"SMITH"},{"floor":45.0,"key":"REST"},{"floor":49,"key":"REST"}],"neow_cost":"NONE","seed_source_timestamp":0,"circlet_count":0,"master_deck":["Defend_R","Defend_R","Defend_R","Defend_R","Heavy Blade+1","Battle Trance+1","Pommel Strike+1","True Grit+1","Whirlwind+1","Impervious","Spot Weakness+1","Feel No Pain+1","Disarm+1","Shockwave+1","Warcry+1","Shrug It Off+1","True Grit+1","Shrug It Off+1","Disarm"],"special_seed":0,"relics":["Burning Blood","Ornamental Fan","Empty Cage","Letter Opener","PreservedInsect","Dream Catcher","Philosopher\u0027s Stone","Question Card","Red Mask"],"potions_floor_usage":[50,50,50,50,50,50],"damage_taken":[{"damage":1.0,"enemies":"Cultist","floor":1.0,"turns":4.0},{"damage":2.0,"enemies":"2 Louse","floor":3.0,"turns":3.0},{"damage":5.0,"enemies":"Small Slimes","floor":4.0,"turns":4.0},{"damage":20.0,"enemies":"3 Louse","floor":5.0,"turns":4.0},{"damage":13.0,"enemies":"Blue Slaver","floor":7.0,"turns":5.0},{"damage":9.0,"enemies":"Exordium Thugs","floor":10.0,"turns":7.0},{"damage":2.0,"enemies":"2 Fungi Beasts","floor":11.0,"turns":4.0},{"damage":1.0,"enemies":"3 Louse","floor":13.0,"turns":2.0},{"damage":8.0,"enemies":"Exordium Wildlife","floor":14.0,"turns":4.0},{"damage":58.0,"enemies":"Hexaghost","floor":16.0,"turns":10.0},{"damage":0.0,"enemies":"3 Byrds","floor":18.0,"turns":3.0},{"damage":1.0,"enemies":"Chosen","floor":21.0,"turns":8.0},{"damage":51.0,"enemies":"Slavers","floor":24.0,"turns":8.0},{"damage":0.0,"enemies":"Snecko","floor":28.0,"turns":4.0},{"damage":12.0,"enemies":"Gremlin Leader","floor":30.0,"turns":4.0},{"damage":51.0,"enemies":"Collector","floor":33.0,"turns":7.0},{"damage":19.0,"enemies":"3 Shapes","floor":35.0,"turns":6.0},{"damage":10.0,"enemies":"3 Darklings","floor":37.0,"turns":3.0},{"damage":15.0,"enemies":"Sphere and 2 Shapes","floor":38.0,"turns":5.0},{"damage":41.0,"enemies":"Writhing Mass","floor":39.0,"turns":6.0},{"damage":2.0,"enemies":"Spire Growth","floor":41.0,"turns":6.0},{"damage":1,"enemies":"3 Darklings","floor":46,"turns":3},{"damage":26,"enemies":"Transient","floor":48,"turns":5},{"damage":50,"enemies":"Time Eater","floor":50,"turns":11}],"seed_played":"-3371950390503810266","potions_obtained":[{"floor":3.0,"key":"EssenceOfSteel"},{"floor":10.0,"key":"EssenceOfSteel"},{"floor":11.0,"key":"SkillPotion"},{"floor":13.0,"key":"FairyPotion"},{"floor":14.0,"key":"AttackPotion"},{"floor":20.0,"key":"BloodPotion"},{"floor":20.0,"key":"EssenceOfSteel"},{"floor":20.0,"key":"Energy Potion"},{"floor":24.0,"key":"PowerPotion"},{"floor":35.0,"key":"SpeedPotion"},{"floor":37.0,"key":"Explosive Potion"},{"floor":39.0,"key":"EntropicBrew"}],"is_trial":false,"path_per_floor":["M","$","M","M","M","R","M","R","T","M","M","R","M","M","R","B",null,"M","$","?","M","?","R","E","R","T","R","M","R","E","?","R","B",null,"M","$","M","M","M","R","M","R","T","?","R","M","?","M","R","B",null],"character_chosen":"IRONCLAD","items_purchased":["Battle Trance","Feel No Pain","PowerPotion"],"campfire_rested":3,"item_purchase_floors":[2,19,36],"current_hp_per_floor":[85,85,88,88,74,74,67,67,67,64,68,68,73,71,71,19,71,77,77,77,82,82,82,37,37,37,37,43,43,37,37,37,14,70,57,57,53,44,9,35,39,39,39,39,65,70,70,50,76,32],"gold":26,"neow_bonus":"TEN_PERCENT_HP_BONUS","is_prod":false,"is_daily":false,"chose_seed":false,"campfire_upgraded":10,"win_rate":0,"timestamp":1568356847,"path_taken":["M","$","M","?","M","R","M","R","T","M","M","R","M","M","R","BOSS","M","$","?","?","?","R","E","R","T","R","M","R","E","?","R","BOSS","M","$","M","M","M","R","M","R","T","?","R","M","?","M","R","BOSS"],"build_version":"2019-07-17","purchased_purges":3,"victory":true,"max_hp_per_floor":[88,88,88,88,88,88,88,88,88,88,88,88,88,88,88,88,88,88,88,88,88,88,88,88,88,88,88,88,88,88,88,88,88,88,88,88,88,88,88,88,88,88,88,88,88,88,88,88,88,88],"card_choices":[{"not_picked":["Flex","Shrug It Off"],"picked":"Heavy Blade","floor":1.0},{"not_picked":["Flex","Warcry"],"picked":"Pommel Strike","floor":3.0},{"not_picked":["Ghostly Armor","Rampage"],"picked":"True Grit","floor":4.0},{"not_picked":["Sentinel","Perfected Strike","Flex"],"picked":"SKIP","floor":5.0},{"not_picked":["Ghostly Armor","Heavy Blade"],"picked":"Cleave","floor":7.0},{"not_picked":["Armaments","Rupture","Brutality"],"picked":"SKIP","floor":10.0},{"not_picked":["Anger","Flex","Clothesline"],"picked":"SKIP","floor":11.0},{"not_picked":["Second Wind","Pummel","Uppercut"],"picked":"SKIP","floor":13.0},{"not_picked":["Iron Wave","Fire Breathing"],"picked":"Whirlwind","floor":14.0},{"not_picked":["Immolate","Berserk"],"picked":"Impervious","floor":16.0},{"not_picked":["Carnage","Perfected Strike"],"picked":"Spot Weakness","floor":18.0},{"not_picked":["Clash","Fire Breathing","Thunderclap"],"picked":"SKIP","floor":21.0},{"not_picked":["Anger","Rampage"],"picked":"Disarm","floor":24.0},{"not_picked":["Seeing Red","Pommel Strike","Headbutt"],"picked":"SKIP","floor":28.0},{"not_picked":["Corruption","Clothesline"],"picked":"Shockwave","floor":30.0},{"not_picked":["Anger+1","Body Slam+1","Warcry+1"],"picked":"SKIP","floor":35.0},{"not_picked":["Anger+1","Body Slam+1"],"picked":"Warcry+1","floor":35.0},{"not_picked":["Battle Trance","Clothesline","Perfected Strike+1"],"picked":"SKIP","floor":37.0},{"not_picked":["Combust","Blood for Blood","Sword Boomerang"],"picked":"SKIP","floor":38.0},{"not_picked":["Thunderclap+1","Iron Wave"],"picked":"Shrug It Off","floor":39.0},{"not_picked":["Warcry","Anger+1"],"picked":"True Grit+1","floor":40.0},{"not_picked":["Havoc","Iron Wave+1","Rampage"],"picked":"SKIP","floor":41.0},{"not_picked":["Uppercut","Pummel","Headbutt+1"],"picked":"Shrug It Off","floor":45.0},{"not_picked":["Warcry","Sword Boomerang","Clash+1","Clothesline+1"],"picked":"SKIP","floor":46},{"not_picked":["Whirlwind+1","Body Slam","Spot Weakness"],"picked":"Disarm","floor":48}],"player_experience":203002,"relics_obtained":[{"floor":9.0,"key":"Ornamental Fan"},{"floor":24.0,"key":"Letter Opener"},{"floor":26.0,"key":"PreservedInsect"},{"floor":30.0,"key":"Dream Catcher"},{"floor":43.0,"key":"Question Card"}],"event_choices":[{"damage_healed":0.0,"max_hp_gain":0.0,"max_hp_loss":0.0,"gold_gain":0.0,"event_name":"Lab","player_choice":"Got Potions","floor":20.0,"gold_loss":0.0,"damage_taken":0.0},{"cards_removed":["Strike_R"],"damage_healed":0.0,"max_hp_gain":0.0,"max_hp_loss":0.0,"gold_gain":0.0,"event_name":"Back to Basics","player_choice":"Elegance","floor":22.0,"gold_loss":0.0,"damage_taken":0.0},{"cards_removed":["Bash"],"damage_healed":0.0,"max_hp_gain":0.0,"max_hp_loss":0.0,"gold_gain":0.0,"event_name":"Beggar","player_choice":"Gave Gold","floor":31.0,"gold_loss":75.0,"damage_taken":0.0},{"damage_healed":0.0,"max_hp_gain":0.0,"max_hp_loss":0.0,"gold_gain":0.0,"event_name":"Tomb of Lord Red Mask","player_choice":"Paid","floor":44.0,"gold_loss":102.0,"damage_taken":0.0,"relics_obtained":["Red Mask"]},{"damage_healed":0,"gold_gain":0,"player_choice":"Upgraded","damage_taken":0,"max_hp_gain":0,"max_hp_loss":0,"event_name":"Upgrade Shrine","floor":47,"gold_loss":0,"cards_upgraded":["Shrug It Off"]}],"is_beta":false,"boss_relics":[{"not_picked":["Runic Pyramid","Eternal Feather"],"picked":"Empty Cage"},{"not_picked":["Black Blood","Fusion Hammer"],"picked":"Philosopher\u0027s Stone"}],"items_purged_floors":[2,19,36],"is_endless":false,"potions_floor_spawned":[3,10,11,13,14,24,35,37,39],"ascension_level":7}