{"gold_per_floor":[111,131,146,161,161,161,177,177,177,177,208,45,45,70,70,145,145,160,160],"floor_reached":19,"playtime":845,"items_purged":["Strike_B"],"score":309,"play_id":"95b92c6c-8c78-4f9f-9452-3ca7396621d0","local_time":"20190801171031","is_ascension_mode":true,"campfire_choices":[{"floor":6,"key":"REST"},{"floor":10,"key":"REST"},{"data":"Zap","floor":13,"key":"SMITH"},{"floor":15,"key":"REST"}],"neow_cost":"NONE","seed_source_timestamp":262782512957000,"circlet_count":0,"master_deck":["AscendersBane","Strike_B+1","Defend_B","Defend_B","Zap+1","Dualcast","Deep Breath","Gash","Ball Lightning","Echo Form","Genetic Algorithm+1","White Noise","Rainbow","Auto Shields","Self Repair","Fission","Electrodynamics","Gash+1","Aggregate+1","Heatsinks+1","Compile Driver"],"relics":["Cracked Core","Pantograph","Bottled Lightning","Odd Mushroom","Astrolabe"],"potions_floor_usage":[14,19],"damage_taken":[{"damage":4,"enemies":"Jaw Worm","floor":1,"turns":4},{"damage":10,"enemies":"Small Slimes","floor":2,"turns":3},{"damage":6,"enemies":"2 Louse","floor":3,"turns":2},{"damage":13,"enemies":"2 Fungi Beasts","floor":4,"turns":4},{"damage":6,"enemies":"Looter","floor":7,"turns":3},{"damage":27,"enemies":"3 Sentries","floor":11,"turns":7},{"damage":16,"enemies":"The Mushroom Lair","floor":14,"turns":4},{"damage":47,"enemies":"Slime Boss","floor":16,"turns":8},{"damage":43,"enemies":"Shell Parasite","floor":18,"turns":6},{"damage":31,"enemies":"3 Byrds","floor":19,"turns":2}],"seed_played":"-2056742551989429096","potions_obtained":[{"floor":1,"key":"Explosive Potion"},{"floor":11,"key":"Ancient Potion"},{"floor":14,"key":"Explosive Potion"}],"is_trial":false,"path_per_floor":["M","M","M","M","?","R","M","?","T","R","E","$","R","?","R","B",null,"M","M"],"character_chosen":"DEFECT","items_purchased":["Self Repair"],"campfire_rested":3,"item_purchase_floors":[12],"current_hp_per_floor":[60,50,44,31,10,31,25,25,25,46,19,19,19,10,31,23,59,30,0],"gold":160,"neow_bonus":"RANDOM_COLORLESS","is_prod":false,"is_daily":false,"chose_seed":false,"campfire_upgraded":1,"win_rate":0,"timestamp":1564672231,"path_taken":["M","M","M","M","?","R","M","?","T","R","E","$","R","?","R","BOSS","M","M"],"build_version":"2019-07-17","purchased_purges":1,"victory":false,"max_hp_per_floor":[71,71,71,71,71,71,71,71,71,71,71,71,71,71,71,71,71,71,71],"card_choices":[{"not_picked":["Rebound","Hologram"],"picked":"Gash","floor":1},{"not_picked":["Barrage","Steam"],"picked":"Ball Lightning","floor":2},{"not_picked":["Undo","Chill"],"picked":"Echo Form","floor":3},{"not_picked":["Gash","Go for the Eyes"],"picked":"Genetic Algorithm","floor":4},{"not_picked":["Rebound","Coolheaded"],"picked":"White Noise","floor":7},{"not_picked":["Sweeping Beam","Stack"],"picked":"Auto Shields","floor":11},{"not_picked":["Melter","Stack"],"picked":"Fission","floor":14},{"not_picked":["Rainbow","Machine Learning"],"picked":"Electrodynamics","floor":16},{"not_picked":["Coolheaded+1","Redo"],"picked":"Compile Driver","floor":18}],"player_experience":1789527,"relics_obtained":[{"floor":9,"key":"Pantograph"},{"floor":11,"key":"Bottled Lightning"},{"floor":14,"key":"Odd Mushroom"}],"event_choices":[{"damage_healed":0,"gold_gain":0,"player_choice":"Entered Light","damage_taken":21,"max_hp_gain":0,"max_hp_loss":0,"event_name":"Shining Light","floor":5,"gold_loss":0,"cards_upgraded":["Genetic Algorithm","Strike_B"]},{"damage_healed":0,"gold_gain":0,"cards_transformed":["Strike_B"],"player_choice":"Change","damage_taken":0,"max_hp_gain":0,"max_hp_loss":0,"event_name":"Living Wall","floor":8,"gold_loss":0,"cards_obtained":["Rainbow"]},{"damage_healed":0,"gold_gain":0,"player_choice":"Fought Mushrooms","damage_taken":0,"max_hp_gain":0,"max_hp_loss":0,"event_name":"Mushrooms","floor":14,"gold_loss":0}],"is_beta":false,"boss_relics":[{"not_picked":["Ectoplasm","Coffee Dripper"],"picked":"Astrolabe"}],"items_purged_floors":[12],"is_endless":false,"potions_floor_spawned":[1,11,14],"killed_by":"3 Byrds","ascension_level":17}