{"gold_per_floor":[113,113,113,131,131,169,169,208,208,229,260,273,297,316,316,409,409,432,432,432,432,22,22,22],"floor_reached":24,"playtime":796,"items_purged":[],"score":455,"play_id":"bd15d96f-98f1-4903-8c7e-07d630478eca","local_time":"20190613061739","is_ascension_mode":true,"campfire_choices":[{"data":"Neutralize","floor":7,"key":"SMITH"},{"floor":15,"key":"REST"},{"data":"A Thousand Cuts","floor":23,"key":"SMITH"}],"neow_cost":"NONE","seed_source_timestamp":107681278386900,"circlet_count":0,"master_deck":["AscendersBane","Defend_G","Defend_G","Defend_G","Defend_G","Defend_G","Survivor","Neutralize+1","Backflip","Blade Dance","Poisoned Stab","Quick Slash","Poisoned Stab","Accuracy","Blade Dance","Noxious Fumes","Skewer","A Thousand Cuts+1","Cloak And Dagger","Bite","Bite","Bite","Bite","Bite","Tools of the Trade"],"relics":["Ring of the Snake","NeowsBlessing","Golden Idol","FossilizedHelix","Omamori","The Specimen","Strawberry","Runic Pyramid","Necronomicon","Ice Cream"],"potions_floor_usage":[8,11,13],"damage_taken":[{"damage":0,"enemies":"Cultist","floor":1,"turns":1},{"damage":0,"enemies":"Small Slimes","floor":4,"turns":1},{"damage":0,"enemies":"3 Sentries","floor":6,"turns":2},{"damage":20,"enemies":"Lagavulin","floor":8,"turns":7},{"damage":0,"enemies":"2 Louse","floor":10,"turns":2},{"damage":20,"enemies":"3 Sentries","floor":11,"turns":7},{"damage":0,"enemies":"2 Fungi Beasts","floor":12,"turns":4},{"damage":0,"enemies":"3 Louse","floor":13,"turns":3},{"damage":13,"enemies":"Red Slaver","floor":14,"turns":4},{"damage":33,"enemies":"Slime Boss","floor":16,"turns":12},{"damage":5,"enemies":"3 Byrds","floor":18,"turns":6},{"damage":40,"enemies":"Book of Stabbing","floor":24,"turns":3}],"seed_played":"3569179049122868285","potions_obtained":[{"floor":6,"key":"Poison Potion"},{"floor":8,"key":"LiquidBronze"},{"floor":10,"key":"FairyPotion"},{"floor":12,"key":"GhostInAJar"}],"is_trial":false,"path_per_floor":["M","?","?","M","?","E","R","E","T","M","E","M","M","M","R","B",null,"M","?","?","?","$","R","E"],"character_chosen":"THE_SILENT","items_purchased":["Ice Cream","Tools of the Trade"],"campfire_rested":1,"item_purchase_floors":[22,22],"current_hp_per_floor":[59,59,52,52,52,52,52,32,32,32,19,19,19,6,27,1,55,50,50,29,29,29,29,0],"gold":22,"neow_bonus":"THREE_ENEMY_KILL","is_prod":false,"is_daily":false,"chose_seed":false,"campfire_upgraded":2,"win_rate":0,"timestamp":1560399459,"path_taken":["M","?","?","M","?","E","R","E","T","M","E","M","M","M","R","BOSS","M","?","?","?","$","R","E"],"build_version":"2019-01-23","purchased_purges":0,"victory":false,"max_hp_per_floor":[66,66,66,66,66,66,66,66,66,66,73,73,73,73,73,73,73,73,51,51,51,51,51,51],"card_choices":[{"not_picked":["Heel Hook","Sucker Punch"],"picked":"Backflip","floor":1},{"not_picked":["Backflip","Acrobatics"],"picked":"Blade Dance","floor":4},{"not_picked":["Expertise","Sucker Punch"],"picked":"Poisoned Stab","floor":6},{"not_picked":["Dodge and Roll","Outmaneuver"],"picked":"Quick Slash","floor":8},{"not_picked":["Bane","Prepared"],"picked":"Poisoned Stab","floor":10},{"not_picked":["Phantasmal Killer","Reflex"],"picked":"Accuracy","floor":11},{"not_picked":["PiercingWail","Slice"],"picked":"Blade Dance","floor":12},{"not_picked":["PiercingWail","Choke"],"picked":"Noxious Fumes","floor":13},{"not_picked":["Concentrate","Choke"],"picked":"Skewer","floor":14},{"not_picked":["Tools of the Trade","After Image"],"picked":"A Thousand Cuts","floor":16},{"not_picked":["Dagger Throw","Deflect"],"picked":"Cloak And Dagger","floor":18}],"player_experience":1324063,"relics_obtained":[{"floor":6,"key":"FossilizedHelix"},{"floor":8,"key":"Omamori"},{"floor":9,"key":"The Specimen"},{"floor":11,"key":"Strawberry"},{"floor":20,"key":"Necronomicon"}],"event_choices":[{"damage_healed":0,"gold_gain":0,"player_choice":"Take Wound","damage_taken":0,"relics_obtained":["Golden Idol"],"max_hp_gain":0,"max_hp_loss":0,"event_name":"Golden Idol","floor":2,"gold_loss":0,"cards_obtained":["Injury"]},{"cards_removed":["Injury"],"damage_healed":0,"gold_gain":0,"player_choice":"Card Removal","damage_taken":7,"max_hp_gain":0,"max_hp_loss":0,"event_name":"Golden Wing","floor":3,"gold_loss":0},{"damage_healed":0,"gold_gain":0,"player_choice":"Ignored","damage_taken":0,"max_hp_gain":0,"max_hp_loss":0,"event_name":"Liars Game","floor":5,"gold_loss":0},{"damage_healed":0,"gold_gain":0,"player_choice":"Became a vampire","damage_taken":0,"max_hp_gain":0,"max_hp_loss":22,"event_name":"Vampires","floor":19,"gold_loss":0,"cards_obtained":["Bite","Bite","Bite","Bite","Bite"]},{"damage_healed":0,"gold_gain":0,"player_choice":"Obtained Book","damage_taken":21,"max_hp_gain":0,"max_hp_loss":0,"event_name":"Cursed Tome","floor":20,"gold_loss":0},{"damage_healed":0,"gold_gain":0,"player_choice":"Cursed","damage_taken":0,"max_hp_gain":0,"max_hp_loss":0,"event_name":"Wheel of Change","floor":21,"gold_loss":0,"cards_obtained":["Decay"]}],"is_beta":false,"boss_relics":[{"not_picked":["Velvet Choker","Fusion Hammer"],"picked":"Runic Pyramid"}],"items_purged_floors":[],"is_endless":false,"potions_floor_spawned":[6,8,10,12],"killed_by":"Book of Stabbing","ascension_level":16}