{"gold_per_floor":[18,37,37,37,52,79,99,132,158,158,178,178,198,225,225,296,296,312,58,75,0,16,16,29,42,42,42,42],"floor_reached":28,"playtime":850,"items_purged":["Strike_B"],"score":484,"play_id":"4c8095aa-b635-465d-adab-3ca2bfa3a54e","local_time":"20190311225531","is_ascension_mode":true,"campfire_choices":[{"floor":10.0,"key":"REST"},{"floor":12.0,"key":"REST"},{"floor":15.0,"key":"REST"},{"floor":23.0,"key":"REST"},{"floor":27,"key":"REST"}],"neow_cost":"NO_GOLD","seed_source_timestamp":2026250666495786,"circlet_count":0,"master_deck":["AscendersBane","Strike_B","Strike_B","Defend_B","Defend_B","Defend_B","Defend_B","Zap","Dualcast","Rebound","Gash","Chaos","Streamline","Streamline","Reinforced Body","Tempest","Gash","Capacitor","Conserve Battery","Echo Form","Conserve Battery","Static Discharge","Gash","Chill","Conserve Battery","Defragment"],"special_seed":0,"relics":["Cracked Core","Torii","Girya","Strawberry","Bronze Scales","Happy Flower","Nuclear Battery","Oddly Smooth Stone","Kunai"],"potions_floor_usage":[24,24],"damage_taken":[{"damage":1.0,"enemies":"Cultist","floor":1.0,"turns":3.0},{"damage":1.0,"enemies":"Jaw Worm","floor":2.0,"turns":3.0},{"damage":7.0,"enemies":"2 Louse","floor":5.0,"turns":2.0},{"damage":8.0,"enemies":"Gremlin Nob","floor":6.0,"turns":3.0},{"damage":19.0,"enemies":"Large Slime","floor":7.0,"turns":6.0},{"damage":20.0,"enemies":"Lagavulin","floor":8.0,"turns":4.0},{"damage":14.0,"enemies":"Exordium Wildlife","floor":11.0,"turns":4.0},{"damage":7.0,"enemies":"3 Louse","floor":13.0,"turns":2.0},{"damage":24.0,"enemies":"Gremlin Nob","floor":14.0,"turns":4.0},{"damage":13.0,"enemies":"Slime Boss","floor":16.0,"turns":9.0},{"damage":20.0,"enemies":"2 Thieves","floor":18.0,"turns":3.0},{"damage":11.0,"enemies":"Spheric Guardian","floor":20.0,"turns":5.0},{"damage":19.0,"enemies":"Snecko","floor":22.0,"turns":5.0},{"damage":0,"enemies":"Cultist and Chosen","floor":24,"turns":3},{"damage":23,"enemies":"3 Cultists","floor":25,"turns":5},{"damage":52,"enemies":"Slavers","floor":28,"turns":3}],"seed_played":"-3823916680510162353","potions_obtained":[{"floor":2.0,"key":"GamblersBrew"},{"floor":5.0,"key":"Fire Potion"},{"floor":7.0,"key":"SkillPotion"},{"floor":13.0,"key":"Weak Potion"},{"floor":16.0,"key":"Dexterity Potion"},{"floor":18.0,"key":"Explosive Potion"},{"floor":22.0,"key":"Poison Potion"},{"floor":24,"key":"SpeedPotion"}],"is_trial":false,"path_per_floor":["M","M","$","?","M","E","M","E","T","R","M","R","M","E","R","B",null,"M","$","M","$","M","R","M","M","T","R","E"],"character_chosen":"DEFECT","items_purchased":["Static Discharge","Oddly Smooth Stone"],"campfire_rested":5,"item_purchase_floors":[19,19],"current_hp_per_floor":[63,62,62,62,55,47,28,15,15,38,24,47,40,16,39,26,65,45,45,34,34,15,38,38,15,15,38,0],"gold":42,"neow_bonus":"ONE_RARE_RELIC","is_prod":false,"is_daily":false,"chose_seed":false,"campfire_upgraded":0,"win_rate":0,"timestamp":1552341331,"path_taken":["M","M","?","?","M","E","M","E","T","R","M","R","M","E","R","BOSS","M","$","M","?","M","R","M","M","T","R","E"],"build_version":"2019-01-23","purchased_purges":1,"victory":false,"max_hp_per_floor":[71,71,71,71,71,71,71,78,78,78,78,78,78,78,78,78,78,78,78,78,78,78,78,78,78,78,78,78],"card_choices":[{"not_picked":["Hologram","Redo"],"picked":"Rebound","floor":1.0},{"not_picked":["Coolheaded","Blizzard"],"picked":"Gash","floor":2.0},{"not_picked":["Double Energy","Chaos"],"picked":"Streamline","floor":5.0},{"not_picked":["Leap","Blizzard"],"picked":"Streamline","floor":6.0},{"not_picked":["Hologram","Aggregate"],"picked":"Reinforced Body","floor":7.0},{"not_picked":["Meteor Strike","Stack"],"picked":"Tempest","floor":8.0},{"not_picked":["Conserve Battery","Rebound"],"picked":"Gash","floor":11.0},{"not_picked":["Hologram","Turbo"],"picked":"Capacitor","floor":13.0},{"not_picked":["Leap","Force Field"],"picked":"Conserve Battery","floor":14.0},{"not_picked":["Thunder Strike","Core Surge"],"picked":"Echo Form","floor":16.0},{"not_picked":["Barrage","Hologram"],"picked":"Conserve Battery","floor":18.0},{"not_picked":["Hologram","Steam"],"picked":"Gash","floor":20.0},{"not_picked":["Rebound","Scrape"],"picked":"Chill","floor":22.0},{"not_picked":["Turbo","Rip and Tear+1"],"picked":"Conserve Battery","floor":24},{"not_picked":["Scrape","Coolheaded+1"],"picked":"Defragment","floor":25}],"player_experience":697454,"relics_obtained":[{"floor":6.0,"key":"Girya"},{"floor":8.0,"key":"Strawberry"},{"floor":9.0,"key":"Bronze Scales"},{"floor":14.0,"key":"Happy Flower"},{"floor":26,"key":"Kunai"}],"event_choices":[{"damage_healed":0.0,"max_hp_gain":0.0,"max_hp_loss":0.0,"gold_gain":0.0,"cards_transformed":["Strike_B"],"event_name":"Transmorgrifier","player_choice":"Transformed","floor":4.0,"gold_loss":0.0,"damage_taken":0.0,"cards_obtained":["Chaos"]}],"is_beta":false,"boss_relics":[{"not_picked":["Lizard Tail","Sozu"],"picked":"Nuclear Battery"}],"items_purged_floors":[21],"is_endless":false,"potions_floor_spawned":[2,5,7,13,16,18,22,24],"killed_by":"Slavers","ascension_level":20}