{"gold_per_floor":[217,235,235,250,264,264,264,264,310,310,320,320,335,367,367,442,442,456,471,16,16],"floor_reached":21,"playtime":742,"items_purged":["Strike_G"],"score":326,"play_id":"7d6dbea8-0d73-4e60-b6af-259fa874b72e","local_time":"20190622191404","is_ascension_mode":true,"campfire_choices":[{"data":"Skewer","floor":6,"key":"SMITH"},{"data":"Flechettes","floor":10,"key":"SMITH"},{"data":"Deadly Poison","floor":12,"key":"SMITH"},{"floor":15,"key":"REST"}],"neow_cost":"NONE","seed_source_timestamp":413996146216800,"circlet_count":0,"master_deck":["AscendersBane","Defend_G","Defend_G","Defend_G","Defend_G","Defend_G","Strike_G+1","Strike_G","Strike_G","Strike_G+1","Survivor","Neutralize+1","Deadly Poison+1","Flechettes+1","Skewer+1","Dagger Throw","Blur","Envenom","Caltrops","Malaise","Blade Dance","Dodge and Roll","Corpse Explosion","Noxious Fumes","Blade Dance"],"relics":["Ring of the Snake","Boot","Lantern","Whetstone","Cursed Key"],"potions_floor_usage":[11,11,14,18,19],"damage_taken":[{"damage":3,"enemies":"Jaw Worm","floor":1,"turns":5},{"damage":0,"enemies":"Cultist","floor":2,"turns":4},{"damage":0,"enemies":"2 Louse","floor":4,"turns":2},{"damage":5,"enemies":"Blue Slaver","floor":5,"turns":4},{"damage":13,"enemies":"Lots of Slimes","floor":11,"turns":6},{"damage":0,"enemies":"Red Slaver","floor":13,"turns":3},{"damage":12,"enemies":"Gremlin Nob","floor":14,"turns":4},{"damage":36,"enemies":"The Guardian","floor":16,"turns":10},{"damage":10,"enemies":"3 Byrds","floor":18,"turns":3},{"damage":9,"enemies":"Shell Parasite","floor":19,"turns":5},{"damage":38,"enemies":"Sentry and Sphere","floor":21,"turns":5}],"seed_played":"1243618780306705997","potions_obtained":[{"floor":4,"key":"AttackPotion"},{"floor":5,"key":"EssenceOfSteel"},{"floor":8,"key":"SkillPotion"},{"floor":8,"key":"Regen Potion"},{"floor":11,"key":"AttackPotion"},{"floor":13,"key":"Explosive Potion"},{"floor":16,"key":"Dexterity Potion"}],"is_trial":false,"path_per_floor":["M","M","?","M","M","R","?","?","T","R","M","R","M","E","R","B",null,"M","M","$","M"],"character_chosen":"THE_SILENT","items_purchased":["Corpse Explosion","Noxious Fumes","GhostInAJar","Blade Dance"],"campfire_rested":1,"item_purchase_floors":[20,20,20,20],"current_hp_per_floor":[56,56,56,56,51,51,33,33,33,33,35,35,35,23,42,6,51,41,32,32,0],"gold":16,"neow_bonus":"HUNDRED_GOLD","is_prod":false,"is_daily":false,"chose_seed":false,"campfire_upgraded":3,"win_rate":0,"timestamp":1561223644,"path_taken":["M","M","?","M","?","R","?","?","T","R","M","R","M","E","R","BOSS","M","M","?","M"],"build_version":"2019-01-23","purchased_purges":1,"victory":false,"max_hp_per_floor":[66,66,66,66,66,66,66,66,66,66,66,66,66,66,66,66,66,66,66,66,66],"card_choices":[{"not_picked":["Prepared","Well Laid Plans"],"picked":"Deadly Poison","floor":1},{"not_picked":["Prepared","Accuracy"],"picked":"Flechettes","floor":2},{"not_picked":["Dagger Spray","Masterful Stab"],"picked":"Skewer","floor":4},{"not_picked":["Deflect","Slice"],"picked":"Dagger Throw","floor":5},{"not_picked":["Flying Knee","Endless Agony"],"picked":"Blur","floor":11},{"not_picked":["Setup","Dagger Spray"],"picked":"Envenom","floor":13},{"not_picked":["Blur","Noxious Fumes"],"picked":"Caltrops","floor":14},{"not_picked":["Glass Knife","Venomology"],"picked":"Malaise","floor":16},{"not_picked":["Eviscerate","Reflex"],"picked":"Blade Dance","floor":18},{"not_picked":["Slice","Setup"],"picked":"Dodge and Roll","floor":19}],"player_experience":1440226,"relics_obtained":[{"floor":9,"key":"Lantern"},{"floor":14,"key":"Whetstone"}],"event_choices":[{"damage_healed":0,"gold_gain":0,"player_choice":"Upgraded","damage_taken":0,"max_hp_gain":0,"max_hp_loss":0,"event_name":"Upgrade Shrine","floor":3,"gold_loss":0,"cards_upgraded":["Neutralize"]},{"damage_healed":0,"gold_gain":0,"player_choice":"Success","damage_taken":18,"relics_obtained":["Boot"],"max_hp_gain":0,"max_hp_loss":0,"event_name":"Scrap Ooze","floor":7,"gold_loss":0},{"damage_healed":0,"gold_gain":0,"player_choice":"Got Potions","damage_taken":0,"max_hp_gain":0,"max_hp_loss":0,"event_name":"Lab","floor":8,"gold_loss":0}],"is_beta":false,"boss_relics":[{"not_picked":["Velvet Choker","Tiny House"],"picked":"Cursed Key"}],"items_purged_floors":[20],"is_endless":false,"potions_floor_spawned":[4,5,11,13,16],"killed_by":"Sentry and Sphere","ascension_level":16}