{"gold_per_floor":[19,38,52,69,87,87,12,12,36,36,36,65,8,25,25,25],"floor_reached":16,"playtime":422,"items_purged":["Strike_R"],"score":189,"play_id":"ff16aee9-f203-4c01-8866-371e0eeaf9ae","local_time":"20190630214759","is_ascension_mode":true,"campfire_choices":[{"data":"Armaments","floor":6,"key":"SMITH"},{"data":"Body Slam","floor":8,"key":"SMITH"},{"data":"True Grit","floor":11,"key":"SMITH"},{"data":"Demon Form","floor":15,"key":"SMITH"}],"neow_cost":"NO_GOLD","seed_source_timestamp":1114775602913300,"circlet_count":0,"master_deck":["AscendersBane","Strike_R","Strike_R","Strike_R","Defend_R","Defend_R","Defend_R","Defend_R","Bash","Body Slam+1","True Grit+1","Rampage","Armaments+1","Iron Wave","Ghostly Armor","Demon Form+1"],"relics":["Burning Blood","Turnip","Happy Flower","Bag of Marbles"],"potions_floor_usage":[12,14,14,16],"damage_taken":[{"damage":7,"enemies":"Cultist","floor":1,"turns":4},{"damage":7,"enemies":"2 Louse","floor":2,"turns":3},{"damage":10,"enemies":"Small Slimes","floor":3,"turns":4},{"damage":1,"enemies":"2 Fungi Beasts","floor":4,"turns":4},{"damage":7,"enemies":"Looter","floor":5,"turns":4},{"damage":28,"enemies":"Lagavulin","floor":12,"turns":7},{"damage":0,"enemies":"Exordium Wildlife","floor":14,"turns":3},{"damage":57,"enemies":"Slime Boss","floor":16,"turns":8}],"seed_played":"-4481410690932069698","potions_obtained":[{"floor":3,"key":"Energy Potion"},{"floor":4,"key":"Ancient Potion"},{"floor":14,"key":"AttackPotion"}],"is_trial":false,"path_per_floor":["M","M","M","M","M","R","$","R","T","?","R","E","$","M","R","B"],"character_chosen":"IRONCLAD","items_purchased":["Fire Potion"],"campfire_rested":0,"item_purchase_floors":[13],"current_hp_per_floor":[67,66,62,67,66,66,66,66,66,66,66,44,44,50,50,0],"gold":25,"neow_bonus":"ONE_RARE_RELIC","is_prod":false,"is_daily":false,"chose_seed":false,"campfire_upgraded":4,"win_rate":0,"timestamp":1561924079,"path_taken":["M","M","?","M","M","R","$","R","T","?","R","E","$","M","R","BOSS"],"build_version":"2019-01-23","purchased_purges":1,"victory":false,"max_hp_per_floor":[75,75,75,75,75,75,75,75,75,75,75,75,75,75,75,75],"card_choices":[{"not_picked":["Twin Strike","Rage"],"picked":"Body Slam","floor":1},{"not_picked":["Flex","Cleave"],"picked":"True Grit","floor":2},{"not_picked":["Iron Wave","Rupture"],"picked":"Rampage","floor":3},{"not_picked":["Thunderclap","Wild Strike"],"picked":"Armaments","floor":4},{"not_picked":["Pummel","Clothesline"],"picked":"Iron Wave","floor":5},{"not_picked":["Havoc","Bloodletting"],"picked":"Ghostly Armor","floor":12},{"not_picked":["Sword Boomerang","Iron Wave"],"picked":"Demon Form","floor":14}],"player_experience":1528377,"relics_obtained":[{"floor":9,"key":"Happy Flower"},{"floor":12,"key":"Bag of Marbles"}],"event_choices":[{"cards_removed":["Strike_R"],"damage_healed":0,"gold_gain":0,"player_choice":"Offered Basic","damage_taken":0,"max_hp_gain":0,"max_hp_loss":0,"event_name":"Bonfire Elementals","floor":10,"gold_loss":0}],"is_beta":false,"boss_relics":[],"items_purged_floors":[7],"is_endless":false,"potions_floor_spawned":[3,4,14],"killed_by":"Slime Boss","ascension_level":17}