{"gold_per_floor":[110,29,29,45,70,97,152,152],"floor_reached":8,"playtime":283,"items_purged":[],"score":142,"play_id":"5ec32c3d-eeb9-4f66-b10a-28afa7855d3c","local_time":"20190627211132","is_ascension_mode":true,"campfire_choices":[],"neow_cost":"NONE","seed_source_timestamp":853520278386200,"circlet_count":0,"master_deck":["AscendersBane","Defend_G","Defend_G","Defend_G+1","Defend_G","Defend_G","Strike_G","Strike_G","Strike_G","Strike_G","Survivor","Neutralize","Escape Plan+1","Caltrops","Blade Dance","Dash","Catalyst"],"relics":["Ring of the Snake","NeowsBlessing","War Paint","Dodecahedron","Darkstone Periapt"],"potions_floor_usage":[7],"damage_taken":[{"damage":0,"enemies":"2 Louse","floor":1,"turns":1},{"damage":0,"enemies":"Cultist","floor":4,"turns":1},{"damage":0,"enemies":"3 Sentries","floor":6,"turns":1},{"damage":19,"enemies":"3 Sentries","floor":7,"turns":9},{"damage":47,"enemies":"Lagavulin","floor":8,"turns":9}],"seed_played":"1623358264127196609","potions_obtained":[{"floor":1,"key":"PowerPotion"}],"is_trial":false,"path_per_floor":["M","$","?","M","T","E","?","E"],"character_chosen":"THE_SILENT","items_purchased":["Caltrops"],"campfire_rested":0,"item_purchase_floors":[2],"current_hp_per_floor":[59,59,59,59,59,59,40,0],"gold":152,"neow_bonus":"THREE_ENEMY_KILL","is_prod":false,"is_daily":false,"chose_seed":false,"campfire_upgraded":0,"win_rate":0,"timestamp":1561662692,"path_taken":["M","$","?","?","?","E","?","E"],"build_version":"2019-01-23","purchased_purges":0,"victory":false,"max_hp_per_floor":[66,66,66,66,66,66,66,66],"card_choices":[{"not_picked":["Heel Hook","All Out Attack"],"picked":"Escape Plan","floor":1},{"not_picked":["Masterful Stab","Acrobatics"],"picked":"Blade Dance","floor":4},{"not_picked":["Leg Sweep","Concentrate"],"picked":"Dash","floor":6},{"not_picked":["Outmaneuver","Dagger Throw"],"picked":"Catalyst","floor":7}],"player_experience":1509057,"relics_obtained":[{"floor":5,"key":"War Paint"},{"floor":6,"key":"Dodecahedron"},{"floor":7,"key":"Darkstone Periapt"}],"event_choices":[{"cards_removed":["Strike_G"],"damage_healed":0,"gold_gain":0,"player_choice":"Offered Basic","damage_taken":0,"max_hp_gain":0,"max_hp_loss":0,"event_name":"Bonfire Elementals","floor":3,"gold_loss":0},{"damage_healed":0,"gold_gain":0,"player_choice":"Searched \u00271\u0027 times","damage_taken":0,"max_hp_gain":0,"max_hp_loss":0,"event_name":"Dead Adventurer","floor":7,"gold_loss":0}],"is_beta":false,"boss_relics":[],"items_purged_floors":[],"is_endless":false,"potions_floor_spawned":[1],"killed_by":"Lagavulin","ascension_level":16}