{"gold_per_floor":[115,125,125,144,159,159,190,190,215,244,256,272,292,305,305,403,403,413,426,59,59,59,90,90,120,120,120,136,152,170,95,95,95],"floor_reached":33,"playtime":1218,"items_purged":[],"score":301,"play_id":"bf55f544-5cf8-48c4-b92f-2f87a9121494","local_time":"20191004190500","is_ascension_mode":false,"campfire_choices":[{"data":"Bash","floor":6,"key":"SMITH"},{"data":"Fiend Fire","floor":8,"key":"SMITH"},{"data":"Battle Trance","floor":15,"key":"SMITH"},{"data":"Corruption","floor":24,"key":"SMITH"},{"floor":32,"key":"REST"}],"neow_cost":"NONE","seed_source_timestamp":2022612563239305,"circlet_count":0,"master_deck":["Strike_R","Strike_R","Strike_R+1","Strike_R","Defend_R","Defend_R","Defend_R","Defend_R","Bash+1","True Grit","Headbutt","Disarm","Rampage","Fiend Fire+1","Battle Trance+1","Carnage+1","Whirlwind","Shockwave","Double Tap","Evolve+1","Feel No Pain","Corruption+1","Shame","Clothesline","Immolate","Necronomicurse","Carnage","Sentinel+1"],"relics":["Burning Blood","Ancient Tea Set","Lantern","Centennial Puzzle","Art of War","Philosopher\u0027s Stone","Incense Burner","StoneCalendar","TungstenRod","Whetstone","Gambling Chip","Necronomicon"],"potions_floor_usage":[5,7,14,16,23,29,33,33,33],"damage_taken":[{"damage":6,"enemies":"Jaw Worm","floor":1,"turns":3},{"damage":9,"enemies":"Cultist","floor":2,"turns":4},{"damage":0,"enemies":"2 Louse","floor":4,"turns":3},{"damage":3,"enemies":"Large Slime","floor":5,"turns":6},{"damage":34,"enemies":"Lagavulin","floor":7,"turns":5},{"damage":14,"enemies":"Gremlin Nob","floor":10,"turns":3},{"damage":10,"enemies":"Exordium Wildlife","floor":11,"turns":2},{"damage":3,"enemies":"Looter","floor":12,"turns":2},{"damage":2,"enemies":"Blue Slaver","floor":13,"turns":2},{"damage":13,"enemies":"Red Slaver","floor":14,"turns":2},{"damage":27,"enemies":"Hexaghost","floor":16,"turns":5},{"damage":28,"enemies":"2 Thieves","floor":18,"turns":3},{"damage":21,"enemies":"Shell Parasite","floor":19,"turns":3},{"damage":3,"enemies":"Gremlin Leader","floor":23,"turns":2},{"damage":24,"enemies":"Book of Stabbing","floor":25,"turns":5},{"damage":0,"enemies":"Snecko","floor":28,"turns":1},{"damage":0,"enemies":"Shelled Parasite and Fungi","floor":29,"turns":1},{"damage":16,"enemies":"Snake Plant","floor":30,"turns":2},{"damage":67,"enemies":"Automaton","floor":33,"turns":6}],"seed_played":"-827744647760744170","potions_obtained":[{"floor":3,"key":"BloodPotion"},{"floor":3,"key":"LiquidBronze"},{"floor":3,"key":"SkillPotion"},{"floor":4,"key":"Fire Potion"},{"floor":5,"key":"SkillPotion"},{"floor":10,"key":"Strength Potion"},{"floor":14,"key":"BloodPotion"},{"floor":16,"key":"Weak Potion"},{"floor":19,"key":"AttackPotion"},{"floor":28,"key":"FearPotion"},{"floor":30,"key":"Fire Potion"}],"is_trial":false,"path_per_floor":["M","M","?","M","M","R","E","R","T","E","M","M","M","M","R","B",null,"M","M","$","?","$","E","R","E","T","?","M","M","M","?","R","B"],"character_chosen":"IRONCLAD","items_purchased":["Incense Burner","Corruption"],"campfire_rested":1,"item_purchase_floors":[20,20],"current_hp_per_floor":[80,77,77,80,80,80,52,52,52,44,40,43,47,56,56,35,80,58,43,43,43,43,46,46,28,28,16,22,28,18,18,42,0],"gold":95,"neow_bonus":"RANDOM_COMMON_RELIC","is_prod":false,"is_daily":false,"chose_seed":false,"campfire_upgraded":4,"win_rate":0,"timestamp":1570230300,"path_taken":["M","M","?","M","M","R","E","R","T","E","M","?","M","?","R","BOSS","M","M","$","?","$","E","R","E","T","?","M","M","M","?","R","BOSS"],"build_version":"2019-10-04","purchased_purges":0,"victory":false,"max_hp_per_floor":[80,80,80,80,80,80,80,80,80,80,80,80,80,80,80,80,80,80,80,80,80,80,80,80,80,80,80,80,80,80,80,80,80],"card_choices":[{"not_picked":["Sever Soul","Wild Strike"],"picked":"True Grit","floor":1},{"not_picked":["Sword Boomerang","Havoc"],"picked":"Headbutt","floor":2},{"not_picked":["Headbutt","Body Slam"],"picked":"Disarm","floor":4},{"not_picked":["Heavy Blade","Clothesline"],"picked":"Rampage","floor":5},{"not_picked":["True Grit","Infernal Blade"],"picked":"Fiend Fire","floor":7},{"not_picked":["Headbutt","Rage"],"picked":"Battle Trance","floor":10},{"not_picked":["Perfected Strike","Power Through","Warcry"],"picked":"SKIP","floor":11},{"not_picked":["Sword Boomerang","Havoc"],"picked":"Carnage","floor":12},{"not_picked":["Clash","Twin Strike"],"picked":"Whirlwind","floor":13},{"not_picked":["Pummel","Flex"],"picked":"Shockwave","floor":14},{"not_picked":["Bludgeon","Brutality"],"picked":"Double Tap","floor":16},{"not_picked":["Body Slam","Havoc"],"picked":"Evolve+1","floor":18},{"not_picked":["Intimidate+1","Iron Wave+1"],"picked":"Feel No Pain","floor":19},{"not_picked":["Havoc","Perfected Strike"],"picked":"Clothesline","floor":23},{"not_picked":["Searing Blow+1","Anger+1"],"picked":"Immolate","floor":25},{"not_picked":["Warcry","Flex+1"],"picked":"Carnage","floor":28},{"not_picked":["Flex","Body Slam","Clothesline"],"picked":"SKIP","floor":29},{"not_picked":["Clothesline","Intimidate"],"picked":"Sentinel+1","floor":30}],"player_experience":466769,"relics_obtained":[{"floor":7,"key":"Lantern"},{"floor":9,"key":"Centennial Puzzle"},{"floor":10,"key":"Art of War"},{"floor":23,"key":"TungstenRod"},{"floor":25,"key":"Whetstone"},{"floor":26,"key":"Gambling Chip"},{"floor":27,"key":"Necronomicon"}],"event_choices":[{"damage_healed":0,"gold_gain":0,"player_choice":"Got Potions","damage_taken":0,"max_hp_gain":0,"max_hp_loss":0,"event_name":"Lab","floor":3,"gold_loss":0},{"damage_healed":0,"gold_gain":0,"player_choice":"Stole Relic","damage_taken":0,"relics_obtained":["StoneCalendar"],"max_hp_gain":0,"max_hp_loss":0,"event_name":"Addict","floor":21,"gold_loss":0,"cards_obtained":["Shame"]},{"damage_healed":0,"gold_gain":0,"player_choice":"Obtained Book","damage_taken":16,"max_hp_gain":0,"max_hp_loss":0,"event_name":"Cursed Tome","floor":27,"gold_loss":0},{"cards_removed":["Strike_R"],"damage_healed":0,"gold_gain":0,"player_choice":"Gave Gold","damage_taken":0,"max_hp_gain":0,"max_hp_loss":0,"event_name":"Beggar","floor":31,"gold_loss":75}],"is_beta":true,"boss_relics":[{"not_picked":["SacredBark","Black Blood"],"picked":"Philosopher\u0027s Stone"}],"items_purged_floors":[],"is_endless":false,"potions_floor_spawned":[4,5,10,11,14,16,19,28,30],"killed_by":"Automaton","ascension_level":0}