{"gold_per_floor":[119,132,132,12,12,12,31,31,31,31,42,42,77,88,88,193,193,210,229,240,140,140,170,183,196,196,229,241,272,68,68,68,168,168,180,30,40,52,70,70,70],"floor_reached":41,"playtime":1924,"items_purged":["Strike_R","Defend_R","Defend_R","Strike_R"],"score":510,"play_id":"f14346bd-f159-431b-a756-191e14c2dfb8","local_time":"20190608162833","is_ascension_mode":false,"campfire_choices":[{"data":"Whirlwind","floor":6,"key":"SMITH"},{"data":"Shrug It Off","floor":8,"key":"SMITH"},{"data":"Flame Barrier","floor":12,"key":"SMITH"},{"data":"Pommel Strike","floor":15,"key":"SMITH"},{"floor":32,"key":"REST"}],"neow_cost":"NONE","seed_source_timestamp":1291973452425978,"circlet_count":0,"master_deck":["Strike_R","Defend_R","Defend_R","Bash","Shrug It Off+1","Whirlwind+1","Pommel Strike+1","Flame Barrier+1","Impervious","Offering","Shrug It Off","Ghostly","Ghostly","Ghostly","Ghostly","Ghostly","Inflame","Flame Barrier","RitualDagger+1","Immolate+1","Parasite","Inflame","Madness","Madness"],"relics":["Burning Blood","NeowsBlessing","Sundial","Busted Crown","Red Skull","Molten Egg 2","Art of War","Red Mask","Fusion Hammer"],"potions_floor_usage":[13,16,16,24,28,29,33,41],"damage_taken":[{"damage":0,"enemies":"Cultist","floor":1,"turns":1},{"damage":0,"enemies":"Jaw Worm","floor":2,"turns":1},{"damage":0,"enemies":"Small Slimes","floor":7,"turns":1},{"damage":0,"enemies":"2 Fungi Beasts","floor":11,"turns":2},{"damage":8,"enemies":"Gremlin Nob","floor":13,"turns":3},{"damage":1,"enemies":"Large Slime","floor":14,"turns":5},{"damage":0,"enemies":"Slime Boss","floor":16,"turns":5},{"damage":6,"enemies":"Shell Parasite","floor":18,"turns":4},{"damage":6,"enemies":"Spheric Guardian","floor":19,"turns":4},{"damage":6,"enemies":"Snecko","floor":20,"turns":3},{"damage":9,"enemies":"Book of Stabbing","floor":23,"turns":6},{"damage":6,"enemies":"3 Cultists","floor":24,"turns":1},{"damage":4,"enemies":"Snake Plant","floor":25,"turns":3},{"damage":10,"enemies":"Gremlin Leader","floor":27,"turns":6},{"damage":12,"enemies":"Chosen and Byrds","floor":28,"turns":5},{"damage":5,"enemies":"Masked Bandits","floor":29,"turns":3},{"damage":12,"enemies":"Automaton","floor":33,"turns":12},{"damage":9,"enemies":"3 Darklings","floor":35,"turns":3},{"damage":3,"enemies":"Orb Walker","floor":37,"turns":4},{"damage":6,"enemies":"Writhing Mass","floor":38,"turns":6},{"damage":6,"enemies":"Jaw Worm Horde","floor":39,"turns":2},{"damage":43,"enemies":"Giant Head","floor":41,"turns":8}],"seed_played":"8371661655185283523","potions_obtained":[{"floor":7,"key":"LiquidBronze"},{"floor":11,"key":"AttackPotion"},{"floor":13,"key":"GamblersBrew"},{"floor":14,"key":"AttackPotion"},{"floor":16,"key":"Weak Potion"},{"floor":18,"key":"SteroidPotion"},{"floor":24,"key":"Fire Potion"},{"floor":29,"key":"Poison Potion"},{"floor":33,"key":"LiquidBronze"},{"floor":35,"key":"Regen Potion"}],"is_trial":false,"path_per_floor":["M","M","?","$","?","R","M","R","T","$","M","R","E","M","R","B",null,"M","M","M","$","?","E","M","M","T","E","M","?","$","?","R","B",null,"M","$","M","M","M","?","E"],"character_chosen":"IRONCLAD","items_purchased":["Pommel Strike","Flame Barrier"],"campfire_rested":1,"item_purchase_floors":[4,30],"current_hp_per_floor":[80,80,80,80,80,80,80,80,80,80,80,80,78,80,80,80,80,80,80,80,80,40,37,37,39,39,35,29,30,30,24,36,30,40,37,37,40,40,40,35,0],"gold":70,"neow_bonus":"THREE_ENEMY_KILL","is_prod":false,"is_daily":false,"chose_seed":false,"campfire_upgraded":4,"win_rate":0,"timestamp":1560025713,"path_taken":["M","?","?","$","?","R","?","R","T","$","M","R","E","M","R","BOSS","M","M","M","$","?","E","M","M","T","E","M","?","$","?","R","BOSS","M","$","M","M","M","?","E"],"build_version":"2019-01-23","purchased_purges":4,"victory":false,"max_hp_per_floor":[80,80,80,80,80,80,80,80,80,80,80,80,80,80,80,80,80,80,80,80,80,40,40,40,40,40,40,40,40,40,40,40,40,40,40,40,40,40,40,40,40],"card_choices":[{"not_picked":["Havoc","Metallicize"],"picked":"Shrug It Off","floor":1},{"not_picked":["Headbutt","Perfected Strike"],"picked":"Whirlwind","floor":2},{"not_picked":["Evolve","Armaments"],"picked":"Flame Barrier","floor":7},{"not_picked":["Thunderclap","Anger","Power Through"],"picked":"SKIP","floor":11},{"not_picked":["Pommel Strike","Dark Embrace"],"picked":"Impervious","floor":13},{"not_picked":["Twin Strike","Iron Wave","Clash"],"picked":"SKIP","floor":14},{"not_picked":["Berserk","Feed"],"picked":"Offering","floor":16},{"not_picked":["Dual Wield"],"picked":"SKIP","floor":18},{"not_picked":["Clothesline"],"picked":"SKIP","floor":19},{"not_picked":[],"picked":"Shrug It Off","floor":20},{"not_picked":["Thunderclap"],"picked":"SKIP","floor":23},{"not_picked":["Anger"],"picked":"SKIP","floor":24},{"not_picked":["Power Through"],"picked":"SKIP","floor":25},{"not_picked":[],"picked":"Inflame","floor":27},{"not_picked":["Searing Blow+1"],"picked":"SKIP","floor":28},{"not_picked":[],"picked":"Immolate+1","floor":33},{"not_picked":["Anger+1"],"picked":"SKIP","floor":35},{"not_picked":["Entrench+1"],"picked":"SKIP","floor":37},{"not_picked":["Headbutt+1"],"picked":"SKIP","floor":38},{"not_picked":[],"picked":"Inflame","floor":39}],"player_experience":151975,"relics_obtained":[{"floor":13,"key":"Sundial"},{"floor":23,"key":"Red Skull"},{"floor":26,"key":"Molten Egg 2"},{"floor":27,"key":"Art of War"},{"floor":29,"key":"Red Mask"}],"event_choices":[{"cards_removed":["Strike_R"],"damage_healed":0,"gold_gain":0,"player_choice":"Forget","damage_taken":0,"max_hp_gain":0,"max_hp_loss":0,"event_name":"Living Wall","floor":3,"gold_loss":0},{"cards_removed":["Strike_R"],"damage_healed":0,"gold_gain":0,"player_choice":"Offered Basic","damage_taken":0,"max_hp_gain":0,"max_hp_loss":0,"event_name":"Bonfire Elementals","floor":5,"gold_loss":0},{"damage_healed":0,"gold_gain":0,"player_choice":"Became a Ghost","damage_taken":0,"max_hp_gain":0,"max_hp_loss":40,"event_name":"Ghosts","floor":22,"gold_loss":0,"cards_obtained":["Ghostly","Ghostly","Ghostly","Ghostly","Ghostly"]},{"damage_healed":0,"gold_gain":0,"player_choice":"Fought Bandits","damage_taken":0,"max_hp_gain":0,"max_hp_loss":0,"event_name":"Masked Bandits","floor":29,"gold_loss":0},{"damage_healed":0,"gold_gain":0,"player_choice":"Joined the Cult","damage_taken":6,"max_hp_gain":0,"max_hp_loss":0,"event_name":"Nest","floor":31,"gold_loss":0,"cards_obtained":["RitualDagger"]},{"damage_healed":0,"gold_gain":0,"player_choice":"Embrace Madness","damage_taken":5,"max_hp_gain":0,"max_hp_loss":0,"event_name":"Winding Halls","floor":40,"gold_loss":0,"cards_obtained":["Madness","Madness"]}],"is_beta":false,"boss_relics":[{"not_picked":["Coffee Dripper","Snecko Eye"],"picked":"Busted Crown"},{"not_picked":["Calling Bell","Lizard Tail"],"picked":"Fusion Hammer"}],"items_purged_floors":[4,21,30,36],"is_endless":false,"potions_floor_spawned":[7,11,13,14,16,18,19,24,29,33,35,37],"killed_by":"Giant Head","ascension_level":0}