{"gold_per_floor":[119,138,154,104,104,104,129,129,153,180,197,214,214,231,231,335,335,353,369,369,381,228,260,276,276,276,102,52,84,100,131,131,233,233,245,260,260,260,39,39,65,82,82,102,102,113,113,35,35,35],"floor_reached":51,"playtime":2342,"items_purged":["Strike_R","Strike_R"],"score":772,"play_id":"7d813076-5097-4a88-b8ae-38cf393b78e6","local_time":"20181116193801","is_ascension_mode":false,"campfire_choices":[{"data":"Cleave","floor":6,"key":"SMITH"},{"data":"Whirlwind","floor":8,"key":"SMITH"},{"data":"True Grit","floor":13,"key":"SMITH"},{"data":"Pommel Strike","floor":15,"key":"SMITH"},{"data":"Whirlwind","floor":25,"key":"SMITH"},{"floor":32,"key":"REST"},{"data":"Spot Weakness","floor":40,"key":"SMITH"},{"data":"Exhume","floor":45,"key":"SMITH"},{"data":"Clothesline","floor":49,"key":"SMITH"}],"neow_cost":"NONE","seed_source_timestamp":238800580807793,"circlet_count":0,"master_deck":["Strike_R","Strike_R","Defend_R","Defend_R","Defend_R","Bash+1","Perfected Strike+1","Burning Pact","Cleave+1","Whirlwind+1","Shrug It Off","True Grit+1","Clothesline+1","Pommel Strike+1","Offering","Feel No Pain","Offering","Whirlwind+1","Spot Weakness+1","Exhume+1","Feel No Pain+1","Sword Boomerang","Headbutt","Havoc+1","Juggernaut+1","Inflame+1","Writhe","Shrug It Off+1","Hemokinesis+1","Bludgeon+1","True Grit+1","Disarm+1"],"relics":["Burning Blood","Bag of Preparation","Orichalcum","Paper Frog","Sozu","Red Skull","Frozen Egg 2","Toxic Egg 2","Regal Pillow","Velvet Choker","ClockworkSouvenir","Molten Egg 2","Meat on the Bone"],"potions_floor_usage":[33,50],"damage_taken":[{"damage":0,"enemies":"Cultist","floor":1,"turns":4},{"damage":0,"enemies":"2 Louse","floor":2,"turns":3},{"damage":6,"enemies":"Jaw Worm","floor":3,"turns":2},{"damage":22,"enemies":"3 Sentries","floor":7,"turns":6},{"damage":24,"enemies":"Lagavulin","floor":10,"turns":5},{"damage":0,"enemies":"Large Slime","floor":11,"turns":2},{"damage":4,"enemies":"Exordium Thugs","floor":12,"turns":3},{"damage":0,"enemies":"3 Louse","floor":14,"turns":1},{"damage":14,"enemies":"Slime Boss","floor":16,"turns":9},{"damage":6,"enemies":"Shell Parasite","floor":18,"turns":4},{"damage":5,"enemies":"Chosen","floor":19,"turns":5},{"damage":14,"enemies":"Centurion and Healer","floor":21,"turns":5},{"damage":32,"enemies":"Slavers","floor":23,"turns":2},{"damage":6,"enemies":"3 Cultists","floor":24,"turns":2},{"damage":18,"enemies":"Gremlin Leader","floor":29,"turns":4},{"damage":9,"enemies":"Snake Plant","floor":30,"turns":2},{"damage":17,"enemies":"Book of Stabbing","floor":31,"turns":4},{"damage":49,"enemies":"Champ","floor":33,"turns":9},{"damage":10,"enemies":"Orb Walker","floor":35,"turns":3},{"damage":16,"enemies":"3 Shapes","floor":36,"turns":8},{"damage":19,"enemies":"Reptomancer","floor":41,"turns":4},{"damage":16,"enemies":"Writhing Mass","floor":42,"turns":4},{"damage":17,"enemies":"4 Shapes","floor":44,"turns":6},{"damage":6,"enemies":"3 Darklings","floor":46,"turns":3},{"damage":46,"enemies":"Time Eater","floor":50,"turns":10}],"seed_played":"8505327137527881276","potions_obtained":[{"floor":7,"key":"SpeedPotion"},{"floor":11,"key":"Poison Potion"},{"floor":12,"key":"Weak Potion"}],"is_trial":false,"path_per_floor":["M","M","M","?","?","R","E","R","T","E","M","M","R","M","R","B",null,"M","M","?","M","$","E","M","R","T","$","?","E","M","E","R","B",null,"M","M","?","?","$","R","E","M","T","M","R","M","$","$","R","B",null],"character_chosen":"IRONCLAD","items_purchased":["Spot Weakness","Feel No Pain+1","Shrug It Off+1","ClockworkSouvenir","Disarm+1"],"campfire_rested":1,"item_purchase_floors":[22,27,39,39,48],"current_hp_per_floor":[80,80,80,80,80,80,64,64,64,46,52,54,54,60,60,52,80,80,80,80,72,72,46,46,46,46,46,46,34,31,20,59,16,80,76,66,80,80,80,80,67,57,57,58,58,58,58,58,58,30],"gold":35,"neow_bonus":"UPGRADE_CARD","is_prod":false,"is_daily":false,"chose_seed":false,"campfire_upgraded":8,"win_rate":0,"timestamp":1542397081,"path_taken":["M","?","M","?","?","R","E","R","T","E","?","?","R","M","R","BOSS","M","M","?","M","$","E","M","R","T","$","?","E","?","E","R","BOSS","M","M","?","?","$","R","E","M","T","M","R","M","?","$","R","BOSS"],"build_version":"2018-11-15","purchased_purges":2,"victory":true,"max_hp_per_floor":[80,80,80,80,80,80,80,80,80,80,80,80,80,80,80,80,80,80,80,80,80,80,80,80,80,80,80,80,80,80,80,80,80,80,80,80,80,80,80,80,80,80,80,80,80,80,80,80,80,80],"card_choices":[{"not_picked":["Flex","Dual Wield"],"picked":"Perfected Strike","floor":1},{"not_picked":["Dropkick","Bloodletting"],"picked":"Burning Pact","floor":2},{"not_picked":["Rupture","Intimidate"],"picked":"Cleave","floor":3},{"not_picked":["Iron Wave","Burning Pact"],"picked":"Whirlwind","floor":7},{"not_picked":["Perfected Strike","Armaments"],"picked":"Shrug It Off","floor":10},{"not_picked":["Intimidate","Brutality"],"picked":"True Grit","floor":11},{"not_picked":["Havoc","Corruption"],"picked":"Clothesline","floor":12},{"not_picked":["Dual Wield","Heavy Blade"],"picked":"Pommel Strike","floor":14},{"not_picked":["Berserk","Immolate"],"picked":"Offering","floor":16},{"not_picked":["Anger","Havoc","Thunderclap"],"picked":"SKIP","floor":18},{"not_picked":["Pommel Strike+1","Clash"],"picked":"Feel No Pain","floor":19},{"not_picked":["Clash","Armaments"],"picked":"Whirlwind","floor":21},{"not_picked":["Thunderclap","Anger+1"],"picked":"Exhume","floor":23},{"not_picked":["Clothesline","Second Wind","Body Slam"],"picked":"SKIP","floor":24},{"not_picked":["Cleave","Havoc"],"picked":"Sword Boomerang","floor":29},{"not_picked":["Evolve+1","Perfected Strike"],"picked":"Headbutt","floor":30},{"not_picked":["Sever Soul","Flex+1"],"picked":"Havoc+1","floor":31},{"not_picked":["Immolate","Bludgeon"],"picked":"Juggernaut+1","floor":33},{"not_picked":["Second Wind+1","Carnage","Hemokinesis"],"picked":"SKIP","floor":35},{"not_picked":["Cleave","Armaments+1"],"picked":"Inflame+1","floor":36},{"not_picked":["Body Slam","Rampage"],"picked":"Hemokinesis+1","floor":41},{"not_picked":["Anger+1","Perfected Strike+1"],"picked":"Bludgeon+1","floor":42},{"not_picked":["Seeing Red+1","Second Wind+1"],"picked":"True Grit+1","floor":44},{"not_picked":["Anger+1","Battle Trance+1","Havoc+1"],"picked":"SKIP","floor":46}],"player_experience":977637,"relics_obtained":[{"floor":7,"key":"Bag of Preparation"},{"floor":9,"key":"Orichalcum"},{"floor":10,"key":"Paper Frog"},{"floor":23,"key":"Red Skull"},{"floor":26,"key":"Frozen Egg 2"},{"floor":29,"key":"Toxic Egg 2"},{"floor":31,"key":"Regal Pillow"},{"floor":41,"key":"Molten Egg 2"},{"floor":43,"key":"Meat on the Bone"}],"event_choices":[{"cards_removed":["Strike_R"],"damage_healed":0,"gold_gain":0,"player_choice":"Card Removal","damage_taken":0,"max_hp_gain":0,"max_hp_loss":0,"event_name":"The Cleric","floor":4,"gold_loss":50},{"damage_healed":0,"gold_gain":0,"player_choice":"Forge","damage_taken":0,"max_hp_gain":0,"max_hp_loss":0,"event_name":"Accursed Blacksmith","floor":5,"gold_loss":0,"cards_upgraded":["Perfected Strike"]},{"damage_healed":0,"gold_gain":0,"player_choice":"Copied","damage_taken":0,"max_hp_gain":0,"max_hp_loss":0,"event_name":"Duplicator","floor":20,"gold_loss":0,"cards_obtained":["Offering"]},{"damage_healed":0,"gold_gain":0,"player_choice":"Bet on Murderer","damage_taken":0,"max_hp_gain":0,"max_hp_loss":0,"event_name":"The Joust","floor":28,"gold_loss":50},{"damage_healed":20,"gold_gain":0,"player_choice":"Writhe","damage_taken":0,"max_hp_gain":0,"max_hp_loss":0,"event_name":"Winding Halls","floor":37,"gold_loss":0,"cards_obtained":["Writhe"]},{"cards_removed":["Defend_R"],"damage_healed":0,"gold_gain":0,"player_choice":"Removed Skill","damage_taken":0,"max_hp_gain":0,"max_hp_loss":0,"event_name":"Falling","floor":38,"gold_loss":0}],"is_beta":false,"boss_relics":[{"not_picked":["Ectoplasm","Coffee Dripper"],"picked":"Sozu"},{"not_picked":["Lizard Tail","White Beast Statue"],"picked":"Velvet Choker"}],"items_purged_floors":[22,27],"is_endless":false,"potions_floor_spawned":[7,11,12,19,23,24,35,42],"ascension_level":0}