{"gold_per_floor":[113,130,150,75,94,94,110,128,153,228,228],"floor_reached":11,"playtime":290,"items_purged":[],"score":127,"play_id":"f58c367e-2cdc-4957-b6cc-4bb330a3f770","local_time":"20190812205709","is_ascension_mode":true,"campfire_choices":[{"data":"Bash","floor":6,"key":"SMITH"}],"neow_cost":"NONE","seed_source_timestamp":878704372345000,"circlet_count":0,"master_deck":["AscendersBane","Strike_R","Strike_R","Strike_R","Strike_R","Defend_R","Defend_R","Defend_R","Defend_R","Bash+1","Anger","Anger","Infernal Blade","Disarm","Pommel Strike","Battle Trance"],"relics":["Burning Blood","Smiling Mask"],"potions_floor_usage":[5,5],"damage_taken":[{"damage":15,"enemies":"Small Slimes","floor":1,"turns":3},{"damage":3,"enemies":"2 Louse","floor":2,"turns":2},{"damage":1,"enemies":"Cultist","floor":3,"turns":3},{"damage":13,"enemies":"Exordium Thugs","floor":5,"turns":3},{"damage":24,"enemies":"Blue Slaver","floor":7,"turns":4},{"damage":16,"enemies":"3 Louse","floor":8,"turns":4},{"damage":25,"enemies":"3 Sentries","floor":11,"turns":4}],"seed_played":"-852092138867601877","potions_obtained":[{"floor":2,"key":"GamblersBrew"},{"floor":3,"key":"AttackPotion"},{"floor":8,"key":"Ancient Potion"}],"is_trial":false,"path_per_floor":["M","M","M","?","M","R","M","M","T","?","E"],"character_chosen":"IRONCLAD","items_purchased":[],"campfire_rested":0,"item_purchase_floors":[],"current_hp_per_floor":[66,69,74,74,67,67,49,39,39,28,3],"gold":228,"neow_bonus":"TEN_PERCENT_HP_BONUS","is_prod":false,"is_daily":false,"chose_seed":false,"campfire_upgraded":1,"win_rate":0,"timestamp":1565636229,"path_taken":["M","M","M","?","M","R","M","M","T","?","E"],"build_version":"2019-07-17","purchased_purges":0,"victory":false,"max_hp_per_floor":[82,82,82,82,82,82,82,82,82,82,82],"card_choices":[{"not_picked":["Iron Wave","Thunderclap"],"picked":"Anger","floor":1},{"not_picked":["Uppercut","Perfected Strike"],"picked":"Anger","floor":2},{"not_picked":["Clash","Entrench"],"picked":"Infernal Blade","floor":3},{"not_picked":["Perfected Strike","Twin Strike"],"picked":"Disarm","floor":5},{"not_picked":["Perfected Strike","Cleave"],"picked":"Pommel Strike","floor":7},{"not_picked":["Thunderclap","Havoc"],"picked":"Battle Trance","floor":8}],"player_experience":1845638,"relics_obtained":[{"floor":9,"key":"Smiling Mask"}],"event_choices":[{"cards_removed":["Strike_R"],"damage_healed":0,"gold_gain":0,"player_choice":"Card Removal","damage_taken":0,"max_hp_gain":0,"max_hp_loss":0,"event_name":"The Cleric","floor":4,"gold_loss":75},{"damage_healed":0,"gold_gain":75,"player_choice":"Gather Gold","damage_taken":11,"max_hp_gain":0,"max_hp_loss":0,"event_name":"World of Goop","floor":10,"gold_loss":0}],"is_beta":false,"boss_relics":[],"items_purged_floors":[],"is_endless":false,"potions_floor_spawned":[2,3,8],"killed_by":"3 Sentries","ascension_level":18}