{"gold_per_floor":[111,124,124,143,157,157,188,188,188,218,229,239,68,82,82,158,158,173,191,63,63],"floor_reached":21,"playtime":3465,"items_purged":["Strike_B"],"score":386,"play_id":"675b9e5a-0450-4eb5-99e4-563e47ec062f","local_time":"20190613225346","is_ascension_mode":true,"campfire_choices":[{"data":"Streamline","floor":6.0,"key":"SMITH"},{"floor":8.0,"key":"REST"},{"floor":15.0,"key":"REST"}],"neow_cost":"NONE","seed_source_timestamp":11966803687747,"circlet_count":0,"master_deck":["AscendersBane","Strike_B","Strike_B","Strike_B","Defend_B","Defend_B","Defend_B","Defend_B","Zap","Dualcast","Coolheaded","Streamline+1","Conserve Battery","Hello World","Ball Lightning","Hologram","Conserve Battery","Sweeping Beam","Hologram","Streamline","Fission","Cold Snap","Ball Lightning"],"special_seed":0,"relics":["Cracked Core","Oddly Smooth Stone","Du-Vu Doll","Shuriken","Mercury Hourglass","Orichalcum","Eternal Feather"],"potions_floor_usage":[18],"damage_taken":[{"damage":5.0,"enemies":"2 Louse","floor":1.0,"turns":2.0},{"damage":0.0,"enemies":"Cultist","floor":2.0,"turns":3.0},{"damage":6.0,"enemies":"Small Slimes","floor":4.0,"turns":3.0},{"damage":3.0,"enemies":"2 Fungi Beasts","floor":5.0,"turns":4.0},{"damage":24.0,"enemies":"Lagavulin","floor":7.0,"turns":5.0},{"damage":32.0,"enemies":"Gremlin Nob","floor":10.0,"turns":4.0},{"damage":0.0,"enemies":"Exordium Wildlife","floor":11.0,"turns":2.0},{"damage":8.0,"enemies":"Lots of Slimes","floor":12.0,"turns":3.0},{"damage":3.0,"enemies":"Looter","floor":14.0,"turns":3.0},{"damage":16,"enemies":"The Guardian","floor":16,"turns":12},{"damage":6,"enemies":"3 Byrds","floor":18,"turns":3},{"damage":14,"enemies":"Chosen","floor":19,"turns":4},{"damage":37,"enemies":"Shelled Parasite and Fungi","floor":21,"turns":3}],"seed_played":"-2895346232074850352","potions_obtained":[{"floor":1.0,"key":"Regen Potion"},{"floor":5.0,"key":"LiquidBronze"},{"floor":7.0,"key":"LiquidBronze"},{"floor":19,"key":"Poison Potion"}],"is_trial":false,"path_per_floor":["M","M","?","M","M","R","E","R","T","E","M","M","$","M","R","B",null,"M","M","$","M"],"character_chosen":"DEFECT","items_purchased":["Orichalcum","Ball Lightning"],"campfire_rested":2,"item_purchase_floors":[13,20],"current_hp_per_floor":[59,59,59,53,50,50,26,47,47,15,15,7,7,4,25,9,56,50,36,36,0],"gold":63,"neow_bonus":"THREE_CARDS","is_prod":false,"is_daily":false,"chose_seed":false,"campfire_upgraded":1,"win_rate":0,"timestamp":1560459226,"path_taken":["M","M","?","M","M","R","E","R","T","E","?","M","$","M","R","BOSS","M","M","$","M"],"build_version":"2019-01-23","purchased_purges":1,"victory":false,"max_hp_per_floor":[71,71,71,71,71,71,71,71,71,71,71,71,71,71,71,71,71,71,71,71,71],"card_choices":[{"not_picked":["Hologram","Aggregate"],"picked":"Coolheaded","floor":0.0},{"not_picked":["Genetic Algorithm","Aggregate"],"picked":"Streamline","floor":1.0},{"not_picked":["Blizzard","BootSequence"],"picked":"Conserve Battery","floor":2.0},{"not_picked":["Steam","Double Energy"],"picked":"Hello World","floor":4.0},{"not_picked":["Hyperbeam","Cold Snap"],"picked":"Ball Lightning","floor":5.0},{"not_picked":["Blizzard","Heatsinks"],"picked":"Hologram","floor":7.0},{"not_picked":["Lockon","Compile Driver"],"picked":"Conserve Battery","floor":10.0},{"not_picked":["Barrage","Meteor Strike"],"picked":"Sweeping Beam","floor":11.0},{"not_picked":["Hello World","Storm"],"picked":"Hologram","floor":12.0},{"not_picked":["Heatsinks","Hello World"],"picked":"Streamline","floor":14.0},{"not_picked":["Reboot","Core Surge"],"picked":"Fission","floor":16},{"not_picked":["Rebound","Redo","Steam Power"],"picked":"SKIP","floor":18},{"not_picked":["Sweeping Beam","Compile Driver"],"picked":"Cold Snap","floor":19}],"player_experience":834547,"relics_obtained":[{"floor":7.0,"key":"Du-Vu Doll"},{"floor":9.0,"key":"Shuriken"},{"floor":10.0,"key":"Mercury Hourglass"}],"event_choices":[{"damage_healed":0.0,"max_hp_gain":0.0,"max_hp_loss":0.0,"gold_gain":0.0,"event_name":"WeMeetAgain","player_choice":"Gave Potion","floor":3.0,"gold_loss":0.0,"damage_taken":0.0,"relics_obtained":["Oddly Smooth Stone"]}],"is_beta":false,"boss_relics":[{"not_picked":["Snecko Eye","Lizard Tail"],"picked":"Eternal Feather"}],"items_purged_floors":[20],"is_endless":false,"potions_floor_spawned":[1,5,7,10,16,19],"killed_by":"Shelled Parasite and Fungi","ascension_level":20}