{"gold_per_floor":[116,116,135,150,167,200,200,250,250,265,293,293,293,80,80,157,157,167,178,0,50,50,50,67,67,67,67,78,78,112,122,122,198,198,209,209,229,239,12,12,42,42,88,114,114,114,0,19,19,19,19],"floor_reached":52,"playtime":2694,"items_purged":["Parasite","Strike_B","Parasite"],"score":1951,"play_id":"8b68b6c5-4b0a-4d26-a92e-024127f60613","local_time":"20190303175127","is_ascension_mode":true,"campfire_choices":[{"floor":7.0,"key":"REST"},{"data":"Defragment","floor":13.0,"key":"SMITH"},{"floor":15.0,"key":"REST"},{"data":"Buffer","floor":23.0,"key":"SMITH"},{"floor":25.0,"key":"REST"},{"data":"Sunder","floor":29.0,"key":"SMITH"},{"floor":32.0,"key":"REST"},{"floor":40.0,"key":"RECALL"},{"data":"Loop","floor":42.0,"key":"SMITH"},{"floor":45.0,"key":"REST"},{"data":"Seek","floor":49.0,"key":"SMITH"}],"neow_cost":"CURSE","seed_source_timestamp":0,"circlet_count":0,"master_deck":["AscendersBane","Strike_B","Defend_B","Defend_B","Defend_B","Zap","Dualcast","Dramatic Entrance","Discovery","Cold Snap","Streamline","Defragment+1","Ball Lightning","Core Surge+1","Sunder+1","Buffer+1","Echo Form","Steam","Machine Learning","Cold Snap","Cold Snap","Creative AI","Skim","Seek+1","Cold Snap+1","All For One+1","Conserve Battery","Static Discharge+1","Blizzard","Loop+1","Leap","Glacier+1","Shame"],"special_seed":0,"relics":["Cracked Core","Bottled Tornado","Turnip","FossilizedHelix","Snecko Eye","Pear","Cables","Cursed Key","Emotion Chip","Whetstone","Dead Branch","Red Mask"],"potions_floor_usage":[],"damage_taken":[{"damage":7.0,"enemies":"Jaw Worm","floor":1.0,"turns":2.0},{"damage":0.0,"enemies":"Small Slimes","floor":3.0,"turns":2.0},{"damage":6.0,"enemies":"2 Louse","floor":4.0,"turns":2.0},{"damage":6.0,"enemies":"Blue Slaver","floor":5.0,"turns":3.0},{"damage":29.0,"enemies":"Lagavulin","floor":6.0,"turns":5.0},{"damage":3.0,"enemies":"2 Fungi Beasts","floor":10.0,"turns":2.0},{"damage":32.0,"enemies":"Gremlin Nob","floor":11.0,"turns":4.0},{"damage":10.0,"enemies":"Slime Boss","floor":16.0,"turns":8.0},{"damage":0.0,"enemies":"Chosen","floor":18.0,"turns":4.0},{"damage":11.0,"enemies":"Shell Parasite","floor":19.0,"turns":4.0},{"damage":0.0,"enemies":"Snecko","floor":24.0,"turns":4.0},{"damage":0.0,"enemies":"Shelled Parasite and Fungi","floor":28.0,"turns":5.0},{"damage":30.0,"enemies":"Slavers","floor":30.0,"turns":6.0},{"damage":0.0,"enemies":"Centurion and Healer","floor":31.0,"turns":4.0},{"damage":8.0,"enemies":"Automaton","floor":33.0,"turns":8.0},{"damage":0.0,"enemies":"Orb Walker","floor":35.0,"turns":3.0},{"damage":9.0,"enemies":"3 Shapes","floor":37.0,"turns":3.0},{"damage":0.0,"enemies":"Writhing Mass","floor":38.0,"turns":8.0},{"damage":0.0,"enemies":"Reptomancer","floor":41.0,"turns":7.0},{"damage":14.0,"enemies":"Nemesis","floor":44.0,"turns":7.0},{"damage":0.0,"enemies":"Transient","floor":48.0,"turns":6.0},{"damage":28.0,"enemies":"Donu and Deca","floor":50.0,"turns":8.0},{"damage":25,"enemies":"Awakened One","floor":51,"turns":7}],"seed_played":"-8307125600927628791","potions_obtained":[{"floor":1.0,"key":"Dexterity Potion"},{"floor":28.0,"key":"FocusPotion"},{"floor":31.0,"key":"Block Potion"},{"floor":33.0,"key":"SkillPotion"},{"floor":37.0,"key":"LiquidBronze"},{"floor":41.0,"key":"LiquidBronze"}],"is_trial":false,"path_per_floor":["M","?","M","M","M","E","R","?","T","M","E","?","R","$","R","B",null,"M","M","$","?","?","R","M","R","T","?","M","R","E","M","R","B",null,"M","?","M","M","$","R","E","R","T","E","R","?","?","M","R","B","B",null],"character_chosen":"DEFECT","items_purchased":["Echo Form","Steam","Cold Snap","Fire Potion","Loop","Leap"],"campfire_rested":5,"item_purchase_floors":[14,14,20,20,39,39],"current_hp_per_floor":[57,57,57,51,45,16,37,37,37,34,2,19,19,19,39,29,58,58,47,47,47,47,47,47,67,77,77,77,77,47,47,70,62,74,74,74,65,65,65,65,65,65,65,51,73,73,73,73,73,45,20],"gold":19,"neow_bonus":"RANDOM_COLORLESS_2","is_prod":false,"is_daily":false,"chose_seed":false,"campfire_upgraded":5,"win_rate":0,"timestamp":1551631887,"path_taken":["M","?","M","M","M","E","R","?","T","M","E","?","R","$","R","BOSS","M","M","$","?","?","R","M","R","T","?","M","R","E","?","R","BOSS","M","?","M","M","$","R","E","R","T","E","R","?","?","M","R","BOSS","BOSS"],"build_version":"2019-01-23","purchased_purges":3,"victory":true,"max_hp_per_floor":[71,71,71,71,71,71,71,71,71,71,71,71,71,68,68,68,68,68,68,68,68,68,68,68,68,78,78,78,78,78,78,78,78,78,78,78,78,78,75,75,75,75,75,75,75,75,75,75,75,75,75],"card_choices":[{"not_picked":["Gash","Conserve Battery"],"picked":"Cold Snap","floor":1.0},{"not_picked":["Steam","Beam Cell"],"picked":"Streamline","floor":3.0},{"not_picked":["Conserve Battery","Hello World"],"picked":"Defragment","floor":4.0},{"not_picked":["Self Repair","Force Field"],"picked":"Ball Lightning","floor":5.0},{"not_picked":["Chaos","Leap"],"picked":"Core Surge","floor":6.0},{"not_picked":["Cold Snap","Hologram"],"picked":"Sunder","floor":10.0},{"not_picked":["Darkness","Turbo"],"picked":"Buffer","floor":11.0},{"not_picked":["Amplify","Rainbow"],"picked":"Machine Learning","floor":16.0},{"not_picked":["Hologram","Barrage","Double Energy"],"picked":"SKIP","floor":18.0},{"not_picked":["Storm","Doom and Gloom"],"picked":"Cold Snap","floor":19.0},{"not_picked":["Steam","Ball Lightning","Skim"],"picked":"SKIP","floor":24.0},{"not_picked":["Beam Cell","Compile Driver","Darkness"],"picked":"SKIP","floor":28.0},{"not_picked":["Steam","Storm"],"picked":"Seek","floor":30.0},{"not_picked":["Sunder","Steam"],"picked":"Cold Snap+1","floor":31.0},{"not_picked":["Machine Learning","Creative AI"],"picked":"All For One","floor":33.0},{"not_picked":["Sweeping Beam","Stack+1"],"picked":"Conserve Battery","floor":35.0},{"not_picked":["Recycle","White Noise"],"picked":"Static Discharge+1","floor":37.0},{"not_picked":["Tempest+1","Compile Driver"],"picked":"Blizzard","floor":38.0},{"not_picked":["Sweeping Beam+1","Rip and Tear"],"picked":"Glacier+1","floor":41.0},{"not_picked":["Chaos","Gash","Cold Snap"],"picked":"SKIP","floor":44.0},{"not_picked":["Fusion","Compile Driver","Gash"],"picked":"SKIP","floor":48.0},{"not_picked":["Fusion","Compile Driver","Gash"],"picked":"SKIP","floor":48.0}],"player_experience":680715,"relics_obtained":[{"floor":6.0,"key":"Bottled Tornado"},{"floor":9.0,"key":"Turnip"},{"floor":11.0,"key":"FossilizedHelix"},{"floor":26.0,"key":"Pear"},{"floor":30.0,"key":"Cables"},{"floor":41.0,"key":"Emotion Chip"},{"floor":43.0,"key":"Whetstone"},{"floor":44.0,"key":"Dead Branch"}],"event_choices":[{"cards_removed":["Injury"],"damage_healed":0.0,"max_hp_gain":0.0,"max_hp_loss":0.0,"gold_gain":0.0,"event_name":"Living Wall","player_choice":"Forget","floor":2.0,"gold_loss":0.0,"damage_taken":0.0},{"damage_healed":0.0,"max_hp_gain":0.0,"max_hp_loss":0.0,"gold_gain":50.0,"event_name":"Golden Wing","player_choice":"Gained Gold","floor":8.0,"gold_loss":0.0,"damage_taken":0.0},{"damage_healed":17.0,"max_hp_gain":0.0,"max_hp_loss":0.0,"gold_gain":0.0,"event_name":"Mushrooms","player_choice":"Healed and dodged fight","floor":12.0,"gold_loss":0.0,"damage_taken":0.0,"cards_obtained":["Parasite"]},{"damage_healed":0.0,"max_hp_gain":0.0,"max_hp_loss":0.0,"gold_gain":50.0,"event_name":"Nest","player_choice":"Stole From Cult","floor":21.0,"gold_loss":0.0,"damage_taken":0.0},{"damage_healed":0.0,"max_hp_gain":0.0,"max_hp_loss":0.0,"gold_gain":0.0,"event_name":"The Mausoleum","player_choice":"Ignored","floor":22.0,"gold_loss":0.0,"damage_taken":0.0},{"damage_healed":0.0,"max_hp_gain":0.0,"max_hp_loss":0.0,"gold_gain":0.0,"cards_transformed":["Strike_B","Strike_B"],"event_name":"Drug Dealer","player_choice":"Became Test Subject","floor":27.0,"gold_loss":0.0,"damage_taken":0.0,"cards_obtained":["Creative AI","Skim"]},{"cards_removed":["Defend_B"],"damage_healed":0.0,"max_hp_gain":0.0,"max_hp_loss":0.0,"gold_gain":0.0,"event_name":"Falling","player_choice":"Removed Skill","floor":36.0,"gold_loss":0.0,"damage_taken":0.0},{"damage_healed":0.0,"max_hp_gain":0.0,"max_hp_loss":0.0,"gold_gain":0.0,"event_name":"Mysterious Sphere","player_choice":"Ignored","floor":46.0,"gold_loss":0.0,"damage_taken":0.0},{"damage_healed":0.0,"max_hp_gain":0.0,"max_hp_loss":0.0,"gold_gain":0.0,"event_name":"Tomb of Lord Red Mask","player_choice":"Paid","floor":47.0,"gold_loss":114.0,"damage_taken":0.0,"relics_obtained":["Red Mask"]}],"is_beta":false,"boss_relics":[{"not_picked":["White Beast Statue","Black Star"],"picked":"Snecko Eye"},{"not_picked":["Runic Pyramid","Pandora\u0027s Box"],"picked":"Cursed Key"}],"items_purged_floors":[14,20,39],"is_endless":false,"potions_floor_spawned":[1,28,31,33,37,41],"ascension_level":20}