{"gold_per_floor":[118,43,56,72,88,88,115,115,138,138,196,196,209,225,225,301,301,321,191,191,191,36,36],"floor_reached":23,"playtime":781,"items_purged":["Strike_R","Defend_R"],"score":383,"play_id":"5832e455-42a4-4b9f-aaaa-49d7fea04a13","local_time":"20190610150117","is_ascension_mode":true,"campfire_choices":[{"data":"Seeing Red","floor":6,"key":"SMITH"},{"data":"Shockwave","floor":8,"key":"SMITH"},{"data":"Bash","floor":12,"key":"SMITH"},{"data":"Immolate","floor":15,"key":"SMITH"}],"neow_cost":"NONE","seed_source_timestamp":296376389378500,"circlet_count":0,"master_deck":["AscendersBane","Defend_R","Defend_R","Defend_R","Bash+1","Seeing Red+1","Perfected Strike","Shockwave+1","Flame Barrier","Double Tap+1","Perfected Strike","Wild Strike","Immolate+1","Bludgeon","Anger","Bite","Bite","Bite","Bite","Bite","True Grit"],"relics":["Burning Blood","Red Skull","Ancient Tea Set","Tiny Chest","Eternal Feather"],"potions_floor_usage":[5,7,11,23,23],"damage_taken":[{"damage":19,"enemies":"Jaw Worm","floor":1,"turns":5},{"damage":11,"enemies":"Small Slimes","floor":3,"turns":5},{"damage":1,"enemies":"2 Louse","floor":4,"turns":2},{"damage":9,"enemies":"Looter","floor":5,"turns":4},{"damage":26,"enemies":"Gremlin Nob","floor":7,"turns":4},{"damage":18,"enemies":"Lagavulin","floor":11,"turns":5},{"damage":0,"enemies":"Large Slime","floor":13,"turns":4},{"damage":14,"enemies":"Lots of Slimes","floor":14,"turns":5},{"damage":19,"enemies":"Hexaghost","floor":16,"turns":8},{"damage":7,"enemies":"3 Byrds","floor":18,"turns":4},{"damage":45,"enemies":"Book of Stabbing","floor":23,"turns":4}],"seed_played":"-2373105520401858442","potions_obtained":[{"floor":1,"key":"SkillPotion"},{"floor":4,"key":"PowerPotion"},{"floor":5,"key":"Energy Potion"},{"floor":18,"key":"Swift Potion"}],"is_trial":false,"path_per_floor":["M","?","M","M","M","R","E","R","T","?","E","R","M","M","R","B",null,"M","$","?","?","$","E"],"character_chosen":"IRONCLAD","items_purchased":["Energy Potion","True Grit"],"campfire_rested":0,"item_purchase_floors":[19,22],"current_hp_per_floor":[62,62,57,62,59,59,39,39,39,39,27,27,33,25,25,12,65,64,64,40,40,40,0],"gold":36,"neow_bonus":"TEN_PERCENT_HP_BONUS","is_prod":false,"is_daily":false,"chose_seed":false,"campfire_upgraded":4,"win_rate":0,"timestamp":1560171677,"path_taken":["M","?","M","M","M","R","E","R","T","?","E","R","M","M","R","BOSS","M","$","?","?","$","E"],"build_version":"2019-01-23","purchased_purges":2,"victory":false,"max_hp_per_floor":[82,82,82,82,82,82,82,82,82,82,82,82,82,82,82,82,82,82,82,87,60,60,60],"card_choices":[{"not_picked":["Combust","Evolve"],"picked":"Seeing Red","floor":1},{"not_picked":["Disarm","Warcry"],"picked":"Perfected Strike","floor":3},{"not_picked":["Wild Strike","Shrug It Off"],"picked":"Shockwave","floor":4},{"not_picked":["Dual Wield","Iron Wave"],"picked":"Flame Barrier","floor":5},{"not_picked":["Uppercut","Dual Wield"],"picked":"Double Tap","floor":7},{"not_picked":["Sword Boomerang","Flex"],"picked":"Perfected Strike","floor":11},{"not_picked":["Warcry","Uppercut"],"picked":"Wild Strike","floor":13},{"not_picked":["Havoc","Heavy Blade"],"picked":"Immolate","floor":14},{"not_picked":["Barricade","Double Tap"],"picked":"Bludgeon","floor":16},{"not_picked":["Sword Boomerang","Power Through"],"picked":"Anger","floor":18}],"player_experience":1286473,"relics_obtained":[{"floor":7,"key":"Red Skull"},{"floor":9,"key":"Ancient Tea Set"},{"floor":11,"key":"Tiny Chest"}],"event_choices":[{"cards_removed":["Strike_R"],"damage_healed":0,"gold_gain":0,"player_choice":"Card Removal","damage_taken":0,"max_hp_gain":0,"max_hp_loss":0,"event_name":"The Cleric","floor":2,"gold_loss":75},{"damage_healed":0,"gold_gain":0,"player_choice":"Grow","damage_taken":0,"max_hp_gain":0,"max_hp_loss":0,"event_name":"Living Wall","floor":10,"gold_loss":0,"cards_upgraded":["Double Tap"]},{"damage_healed":0,"gold_gain":0,"player_choice":"Shed Blood","damage_taken":29,"max_hp_gain":5,"max_hp_loss":0,"event_name":"Forgotten Altar","floor":20,"gold_loss":0},{"damage_healed":0,"gold_gain":0,"player_choice":"Became a vampire","damage_taken":0,"max_hp_gain":0,"max_hp_loss":27,"event_name":"Vampires","floor":21,"gold_loss":0,"cards_obtained":["Bite","Bite","Bite","Bite","Bite"]}],"is_beta":false,"boss_relics":[{"not_picked":["Calling Bell","Fusion Hammer"],"picked":"Eternal Feather"}],"items_purged_floors":[19,22],"is_endless":false,"potions_floor_spawned":[1,4,5,18],"killed_by":"Book of Stabbing","ascension_level":16}