{"gold_per_floor":[213,225,76,91,91,91,103,123,148,48,48,64,64,79,79,175,175,190,47,146,225,237,237,237,254,254,284,295,295,315,8,8,103,103,123,137,155,155,155],"floor_reached":39,"playtime":657,"items_purged":["Strike_R","Strike_R"],"score":395,"play_id":"b34a28d2-0873-4911-bdcf-ddbe709e23a4","local_time":"20190924003932","is_ascension_mode":false,"campfire_choices":[{"data":"Whirlwind","floor":6,"key":"SMITH"},{"data":"Rampage","floor":13,"key":"SMITH"},{"data":"Rampage","floor":15,"key":"SMITH"},{"data":"Offering","floor":23,"key":"SMITH"},{"data":"Limit Break","floor":29,"key":"SMITH"},{"data":"Limit Break","floor":32,"key":"SMITH"}],"neow_cost":"NONE","seed_source_timestamp":6579951926311,"circlet_count":0,"master_deck":["Strike_R","Strike_R","Defend_R","Defend_R","Defend_R","Defend_R","Bash","Rampage+1","Whirlwind+1","Whirlwind+1","Offering+1","Rampage+1","Spot Weakness","Limit Break+1","Rampage+1","Limit Break+1","Limit Break+1","Offering","Heavy Blade"],"special_seed":0,"relics":["Burning Blood","Ancient Tea Set","Sozu","Bag of Marbles","Mummified Hand","HornCleat","Lantern","DollysMirror","SlaversCollar"],"potions_floor_usage":[16,33,39],"damage_taken":[{"damage":5.0,"enemies":"Cultist","floor":1.0,"turns":5.0},{"damage":1.0,"enemies":"Jaw Worm","floor":2.0,"turns":4.0},{"damage":0,"enemies":"2 Louse","floor":4,"turns":1},{"damage":13,"enemies":"Red Slaver","floor":7,"turns":4},{"damage":0,"enemies":"Exordium Wildlife","floor":8,"turns":2},{"damage":2,"enemies":"Looter","floor":12,"turns":4},{"damage":9,"enemies":"Red Slaver","floor":14,"turns":2},{"damage":53,"enemies":"The Guardian","floor":16,"turns":7},{"damage":0,"enemies":"Chosen","floor":18,"turns":3},{"damage":6,"enemies":"Spheric Guardian","floor":22,"turns":3},{"damage":6,"enemies":"Snake Plant","floor":25,"turns":2},{"damage":14,"enemies":"Gremlin Leader","floor":27,"turns":4},{"damage":16,"enemies":"Cultist and Chosen","floor":28,"turns":2},{"damage":6,"enemies":"Chosen and Byrds","floor":30,"turns":4},{"damage":28,"enemies":"Collector","floor":33,"turns":5},{"damage":26,"enemies":"3 Darklings","floor":35,"turns":2},{"damage":14,"enemies":"3 Shapes","floor":36,"turns":4},{"damage":37,"enemies":"Maw","floor":37,"turns":5},{"damage":21,"enemies":"4 Shapes","floor":39,"turns":3}],"seed_played":"-5290104553551550805","potions_obtained":[{"floor":2.0,"key":"Explosive Potion"},{"floor":4,"key":"Strength Potion"},{"floor":14,"key":"SkillPotion"}],"is_trial":false,"path_per_floor":["M","M","$","M","?","R","M","M","T","$","?","M","R","M","R","B",null,"M","$","?","T","M","R","?","M","T","E","M","R","M","$","R","B",null,"M","M","M","?","M"],"character_chosen":"IRONCLAD","items_purchased":["Whirlwind","Bag of Marbles","Limit Break","DollysMirror"],"campfire_rested":0,"item_purchase_floors":[3,19,31,31],"current_hp_per_floor":[80,80,80,80,73,73,66,72,72,72,72,76,76,73,73,26,80,80,80,80,80,80,80,80,80,80,72,62,62,62,62,62,40,80,60,52,21,21,0],"gold":155,"neow_bonus":"HUNDRED_GOLD","is_prod":false,"is_daily":false,"chose_seed":false,"campfire_upgraded":6,"win_rate":0,"timestamp":1569307172,"path_taken":["M","?","$","M","?","R","M","M","T","$","?","?","R","M","R","BOSS","M","$","?","?","M","R","?","M","T","E","M","R","M","$","R","BOSS","M","M","M","?","?"],"build_version":"2019-09-23","purchased_purges":2,"victory":false,"max_hp_per_floor":[80,80,80,80,80,80,80,80,80,80,80,80,80,80,80,80,80,80,80,80,80,80,80,80,80,80,80,80,80,80,80,80,80,80,80,80,80,80,80],"card_choices":[{"not_picked":["Thunderclap","True Grit"],"picked":"Rampage","floor":1.0},{"not_picked":["Armaments","Clash"],"picked":"Whirlwind","floor":2.0},{"not_picked":["Rupture","Sword Boomerang","Heavy Blade"],"picked":"SKIP","floor":4},{"not_picked":["Rampage","Flame Barrier","Twin Strike"],"picked":"SKIP","floor":7},{"not_picked":["Anger","Spot Weakness"],"picked":"Offering","floor":8},{"not_picked":["Havoc","Searing Blow"],"picked":"Rampage","floor":12},{"not_picked":["Clash","Cleave"],"picked":"Spot Weakness","floor":14},{"not_picked":["True Grit","Cleave","Searing Blow"],"picked":"SKIP","floor":18},{"not_picked":["Havoc","Ghostly Armor","Whirlwind"],"picked":"SKIP","floor":22},{"not_picked":["Bloodletting","Anger+1","True Grit"],"picked":"SKIP","floor":25},{"not_picked":["Anger","Perfected Strike"],"picked":"Limit Break","floor":27},{"not_picked":["Clothesline","Twin Strike","Reckless Charge"],"picked":"SKIP","floor":28},{"not_picked":["Sword Boomerang","Rampage+1","Armaments"],"picked":"SKIP","floor":30},{"not_picked":["Sword Boomerang","Armaments"],"picked":"Rampage+1","floor":30},{"not_picked":["Feed","Double Tap"],"picked":"Offering","floor":33},{"not_picked":["Thunderclap","Feel No Pain","Shrug It Off"],"picked":"SKIP","floor":35},{"not_picked":["Clash+1","Iron Wave","Heavy Blade"],"picked":"SKIP","floor":36},{"not_picked":["Clash+1","Iron Wave"],"picked":"Heavy Blade","floor":36},{"not_picked":["Perfected Strike+1","Armaments+1","Anger+1"],"picked":"SKIP","floor":37}],"player_experience":1582244,"relics_obtained":[{"floor":9,"key":"Ancient Tea Set"},{"floor":21,"key":"Mummified Hand"},{"floor":26,"key":"HornCleat"},{"floor":27,"key":"Lantern"}],"event_choices":[{"cards_removed":["Strike_R"],"damage_healed":0,"gold_gain":0,"player_choice":"Card Removal","damage_taken":7,"max_hp_gain":0,"max_hp_loss":0,"event_name":"Golden Wing","floor":5,"gold_loss":0},{"damage_healed":0,"gold_gain":0,"player_choice":"Upgraded","damage_taken":0,"max_hp_gain":0,"max_hp_loss":0,"event_name":"Upgrade Shrine","floor":11,"gold_loss":0,"cards_upgraded":["Whirlwind"]},{"damage_healed":0,"gold_gain":99,"player_choice":"Stole From Cult","damage_taken":0,"max_hp_gain":0,"max_hp_loss":0,"event_name":"Nest","floor":20,"gold_loss":0},{"damage_healed":0,"gold_gain":0,"player_choice":"Ignored","damage_taken":0,"max_hp_gain":0,"max_hp_loss":0,"event_name":"Ghosts","floor":24,"gold_loss":0},{"damage_healed":0,"gold_gain":0,"player_choice":"Bought 0 Potions","damage_taken":0,"max_hp_gain":0,"max_hp_loss":0,"event_name":"The Woman in Blue","floor":38,"gold_loss":0}],"is_beta":true,"boss_relics":[{"not_picked":["Busted Crown","Tiny House"],"picked":"Sozu"},{"not_picked":["Black Star","Black Blood"],"picked":"SlaversCollar"}],"items_purged_floors":[3,10],"is_endless":false,"potions_floor_spawned":[2,4,14,22,25,27,33],"killed_by":"4 Shapes","ascension_level":0}