{"gold_per_floor":[118,118,118,132,152,152,183,197,224,240,258,258,258,274,274,376,376,388,388,162,174,187,222,222,236,263,263,24,43,43,142,142,242,242,258,270,281,121,139,201,201,212,212,212,212,242,16,34,34,34],"floor_reached":51,"playtime":5429,"items_purged":["Strike_G","Strike_G","Strike_G"],"score":756,"play_id":"f42d1c25-e574-4131-9abb-dad73a0b4025","local_time":"20191014035458","is_ascension_mode":false,"campfire_choices":[{"data":"Neutralize","floor":6.0,"key":"SMITH"},{"data":"Neutralize","floor":13.0,"key":"SMITH"},{"data":"A Thousand Cuts","floor":15.0,"key":"SMITH"},{"data":"After Image","floor":24.0,"key":"SMITH"},{"data":"Accuracy","floor":27.0,"key":"SMITH"},{"data":"Footwork","floor":30.0,"key":"SMITH"},{"floor":32.0,"key":"REST"},{"data":"A Thousand Cuts","floor":41.0,"key":"SMITH"},{"data":"Malaise","floor":45,"key":"SMITH"},{"data":"Infinite Blades","floor":49,"key":"SMITH"}],"neow_cost":"NONE","seed_source_timestamp":0,"circlet_count":0,"master_deck":["Strike_G+1","Defend_G","Defend_G","Defend_G","Defend_G","Defend_G","Survivor","Neutralize+1","Terror","Flying Knee","Accuracy+1","Quick Slash+1","Blur","After Image+1","Flying Knee","A Thousand Cuts+1","Neutralize+1","Flash of Steel","Adrenaline","Infinite Blades+1","Flash of Steel","Blur+1","Sucker Punch+1","Footwork+1","Cloak And Dagger","Dodge and Roll","PiercingWail+1","A Thousand Cuts+1","Malaise+1","Accuracy","Predator+1","Bouncing Flask","Neutralize","Adrenaline","Jack Of All Trades","Infinite Blades","Accuracy"],"special_seed":0,"relics":["Ring of the Snake","Mummified Hand","Bag of Marbles","Toy Ornithopter","Busted Crown","Nloth\u0027s Gift","Gremlin Horn","Ancient Tea Set","Sozu","Tiny Chest","Whetstone","Anchor","Membership Card"],"potions_floor_usage":[46,50,50],"damage_taken":[{"damage":0.0,"enemies":"Small Slimes","floor":1.0,"turns":3.0},{"damage":1.0,"enemies":"Jaw Worm","floor":4.0,"turns":4.0},{"damage":0.0,"enemies":"Cultist","floor":5.0,"turns":3.0},{"damage":6.0,"enemies":"Lagavulin","floor":7.0,"turns":6.0},{"damage":8.0,"enemies":"Exordium Wildlife","floor":8.0,"turns":7.0},{"damage":7.0,"enemies":"Exordium Thugs","floor":10.0,"turns":2.0},{"damage":3.0,"enemies":"Gremlin Gang","floor":11.0,"turns":5.0},{"damage":0.0,"enemies":"Blue Slaver","floor":14.0,"turns":3.0},{"damage":16.0,"enemies":"Hexaghost","floor":16.0,"turns":9.0},{"damage":0.0,"enemies":"3 Byrds","floor":18.0,"turns":4.0},{"damage":5.0,"enemies":"2 Thieves","floor":21.0,"turns":3.0},{"damage":5.0,"enemies":"Snake Plant","floor":22.0,"turns":5.0},{"damage":25.0,"enemies":"Gremlin Leader","floor":23.0,"turns":6.0},{"damage":0.0,"enemies":"Centurion and Healer","floor":25.0,"turns":5.0},{"damage":0.0,"enemies":"Chosen and Byrds","floor":29.0,"turns":7.0},{"damage":0.0,"enemies":"Champ","floor":33.0,"turns":12.0},{"damage":0.0,"enemies":"Orb Walker","floor":35.0,"turns":4.0},{"damage":5.0,"enemies":"3 Darklings","floor":36.0,"turns":5.0},{"damage":0.0,"enemies":"4 Shapes","floor":37.0,"turns":3.0},{"damage":0.0,"enemies":"Transient","floor":39.0,"turns":5.0},{"damage":8.0,"enemies":"Giant Head","floor":40.0,"turns":9.0},{"damage":0.0,"enemies":"Spire Growth","floor":42.0,"turns":5.0},{"damage":6,"enemies":"Reptomancer","floor":46,"turns":5},{"damage":7,"enemies":"Maw","floor":48,"turns":6},{"damage":4,"enemies":"Time Eater","floor":50,"turns":10}],"seed_played":"342910457319886509","potions_obtained":[{"floor":1.0,"key":"Ancient Potion"},{"floor":5.0,"key":"CunningPotion"},{"floor":8.0,"key":"AttackPotion"},{"floor":10.0,"key":"Energy Potion"},{"floor":25.0,"key":"Fire Potion"},{"floor":33.0,"key":"Strength Potion"}],"is_trial":false,"path_per_floor":["M","?","T","M","M","R","E","M","T","M","M","?","R","M","R","B",null,"M","?","$","M","M","E","R","M","T","R","$","M","R","?","R","B",null,"M","M","M","$","M","E","R","M","T","?","R","E","$","M","R","B",null],"character_chosen":"THE_SILENT","items_purchased":["Infinite Blades","Flash of Steel","Footwork","Cloak And Dagger","Dodge and Roll","Malaise","Accuracy","Membership Card","Infinite Blades"],"campfire_rested":1,"item_purchase_floors":[20,20,28,28,28,38,38,47,47],"current_hp_per_floor":[70,63,63,62,62,62,56,48,48,46,48,48,48,48,48,32,70,70,70,70,65,60,35,35,35,35,35,35,35,35,35,56,56,70,70,65,65,65,65,57,57,57,57,57,57,56,56,49,49,55],"gold":34,"neow_bonus":"RANDOM_COMMON_RELIC","is_prod":false,"is_daily":false,"chose_seed":false,"campfire_upgraded":9,"win_rate":0,"timestamp":1571046898,"path_taken":["M","?","?","M","M","R","E","M","T","?","M","?","R","M","R","BOSS","M","?","$","M","M","E","R","?","T","R","$","M","R","?","R","BOSS","M","M","M","$","M","E","R","M","T","?","R","E","$","?","R","BOSS"],"build_version":"2019-10-11","purchased_purges":3,"victory":true,"max_hp_per_floor":[70,70,70,70,70,70,70,70,70,70,70,70,70,70,70,70,70,70,70,70,70,70,70,70,70,70,70,70,70,70,70,70,70,70,70,70,70,70,70,70,70,70,70,70,70,70,70,70,70,70],"card_choices":[{"not_picked":["Quick Slash","Outmaneuver"],"picked":"Terror","floor":1.0},{"not_picked":["Poisoned Stab","Outmaneuver"],"picked":"Flying Knee","floor":4.0},{"not_picked":["Endless Agony","Dagger Throw"],"picked":"Accuracy","floor":5.0},{"not_picked":["Terror","PiercingWail"],"picked":"Quick Slash","floor":7.0},{"not_picked":["Blur","Crippling Poison","Eviscerate"],"picked":"SKIP","floor":8.0},{"not_picked":["Crippling Poison","Eviscerate"],"picked":"Blur","floor":8.0},{"not_picked":["Slice","Flying Knee"],"picked":"After Image","floor":10.0},{"not_picked":["Dagger Spray","Prepared"],"picked":"Flying Knee","floor":11.0},{"not_picked":["Outmaneuver","Dagger Throw","Tactician"],"picked":"SKIP","floor":14.0},{"not_picked":["Glass Knife","Grand Finale"],"picked":"Adrenaline","floor":16.0},{"not_picked":["Deadly Poison"],"picked":"SKIP","floor":18.0},{"not_picked":[],"picked":"Blur+1","floor":21.0},{"not_picked":[],"picked":"Sucker Punch+1","floor":22.0},{"not_picked":["Reflex"],"picked":"SKIP","floor":23.0},{"not_picked":["PiercingWail"],"picked":"SKIP","floor":25.0},{"not_picked":["Endless Agony"],"picked":"SKIP","floor":29.0},{"not_picked":["Endless Agony"],"picked":"SKIP","floor":29.0},{"not_picked":[],"picked":"PiercingWail+1","floor":35.0},{"not_picked":[],"picked":"A Thousand Cuts","floor":36.0},{"not_picked":["Dash"],"picked":"SKIP","floor":37.0},{"not_picked":["Deadly Poison+1"],"picked":"SKIP","floor":39.0},{"not_picked":["Deadly Poison+1"],"picked":"SKIP","floor":39.0},{"not_picked":[],"picked":"Predator+1","floor":40.0},{"not_picked":["Finisher"],"picked":"SKIP","floor":42.0},{"not_picked":["Wraith Form v2"],"picked":"SKIP","floor":46},{"not_picked":[],"picked":"Accuracy","floor":48}],"player_experience":1603943,"relics_obtained":[{"floor":3.0,"key":"Mummified Hand"},{"floor":7.0,"key":"Bag of Marbles"},{"floor":9.0,"key":"Toy Ornithopter"},{"floor":23.0,"key":"Gremlin Horn"},{"floor":26.0,"key":"Ancient Tea Set"},{"floor":40.0,"key":"Tiny Chest"},{"floor":43.0,"key":"Whetstone"},{"floor":46,"key":"Anchor"}],"event_choices":[{"cards_removed":["Strike_G"],"damage_healed":0.0,"max_hp_gain":0.0,"max_hp_loss":0.0,"gold_gain":0.0,"event_name":"Golden Wing","player_choice":"Card Removal","floor":2.0,"gold_loss":0.0,"damage_taken":7.0},{"damage_healed":0.0,"max_hp_gain":0.0,"max_hp_loss":0.0,"gold_gain":0.0,"event_name":"Match and Keep!","player_choice":"3 cards matched","floor":12.0,"gold_loss":0.0,"damage_taken":0.0,"cards_obtained":["A Thousand Cuts","Neutralize","Flash of Steel"]},{"damage_healed":0.0,"max_hp_gain":0.0,"max_hp_loss":0.0,"gold_gain":0.0,"event_name":"N\u0027loth","player_choice":"Traded Relic","floor":19.0,"relics_lost":["Orichalcum"],"gold_loss":0.0,"damage_taken":0.0,"relics_obtained":["Nloth\u0027s Gift"]},{"damage_healed":0.0,"max_hp_gain":0.0,"max_hp_loss":0.0,"gold_gain":99.0,"event_name":"Nest","player_choice":"Stole From Cult","floor":31.0,"gold_loss":0.0,"damage_taken":0.0},{"damage_healed":0,"gold_gain":0,"player_choice":"4 cards matched","damage_taken":0,"max_hp_gain":0,"max_hp_loss":0,"event_name":"Match and Keep!","floor":44,"gold_loss":0,"cards_obtained":["Bouncing Flask","Neutralize","Adrenaline","Jack Of All Trades"]}],"is_beta":true,"boss_relics":[{"not_picked":["Snecko Eye","Velvet Choker"],"picked":"Busted Crown"},{"not_picked":["Ring of the Serpent","SlaversCollar"],"picked":"Sozu"}],"items_purged_floors":[20,28,47],"is_endless":false,"potions_floor_spawned":[1,5,8,10,25,33,35,39,48],"ascension_level":0}