{"gold_per_floor":[119,39,56,70,97,142,171,183,267,429,52,71,129,5,5,5],"floor_reached":16,"playtime":375,"items_purged":["Doubt","Strike_B"],"score":180,"play_id":"6e5e2e12-cec6-426c-900c-abcf976f273a","local_time":"20190617111016","is_ascension_mode":true,"campfire_choices":[{"data":"Zap","floor":8,"key":"SMITH"},{"floor":15,"key":"REST"}],"neow_cost":"PERCENT_DAMAGE","seed_source_timestamp":30190329756000,"circlet_count":0,"master_deck":["AscendersBane","Strike_B","Defend_B","Defend_B","Defend_B","Defend_B","Zap+1","Dualcast","Cold Snap","Capacitor","Sunder","Ball Lightning","Core Surge","Stack","Conserve Battery","Chaos","Coolheaded","Barrage"],"relics":["Cracked Core","MawBank","Shuriken","Meat on the Bone","Mummified Hand","Boot"],"potions_floor_usage":[3,7,12,13],"damage_taken":[{"damage":0,"enemies":"Cultist","floor":1,"turns":4},{"damage":7,"enemies":"Jaw Worm","floor":3,"turns":4},{"damage":0,"enemies":"Small Slimes","floor":4,"turns":4},{"damage":28,"enemies":"Gremlin Nob","floor":6,"turns":4},{"damage":1,"enemies":"Blue Slaver","floor":7,"turns":3},{"damage":0,"enemies":"2 Fungi Beasts","floor":12,"turns":2},{"damage":25,"enemies":"Gremlin Nob","floor":13,"turns":4},{"damage":45,"enemies":"Slime Boss","floor":16,"turns":5}],"seed_played":"7527824076954145964","potions_obtained":[{"floor":1,"key":"Regen Potion"},{"floor":4,"key":"Fire Potion"},{"floor":6,"key":"SkillPotion"},{"floor":7,"key":"AttackPotion"}],"is_trial":false,"path_per_floor":["M","$","M","M","T","E","M","R","T","?","$","M","?","$","R","B"],"character_chosen":"DEFECT","items_purchased":["Capacitor","Mummified Hand","Conserve Battery","Barrage"],"campfire_rested":1,"item_purchase_floors":[2,11,11,14],"current_hp_per_floor":[46,46,48,48,48,20,19,19,19,19,19,31,18,18,39,0],"gold":5,"neow_bonus":"REMOVE_TWO","is_prod":false,"is_daily":false,"chose_seed":false,"campfire_upgraded":1,"win_rate":0,"timestamp":1560762616,"path_taken":["M","$","M","M","?","E","?","R","T","?","$","M","?","?","R","BOSS"],"build_version":"2019-01-23","purchased_purges":2,"victory":false,"max_hp_per_floor":[71,71,71,71,71,71,71,71,71,71,71,71,71,71,71,71],"card_choices":[{"not_picked":["Compile Driver","Gash"],"picked":"Cold Snap","floor":1},{"not_picked":["Recycle","Steam"],"picked":"Sunder","floor":3},{"not_picked":["Lockon","Barrage"],"picked":"Ball Lightning","floor":4},{"not_picked":["Streamline","Steam"],"picked":"Core Surge","floor":6},{"not_picked":["Turbo","Skim"],"picked":"Stack","floor":7},{"not_picked":["Redo","Turbo"],"picked":"Chaos","floor":12},{"not_picked":["Stack","Static Discharge"],"picked":"Coolheaded","floor":13}],"player_experience":1392246,"relics_obtained":[{"floor":5,"key":"MawBank"},{"floor":6,"key":"Shuriken"},{"floor":9,"key":"Meat on the Bone"},{"floor":13,"key":"Boot"}],"event_choices":[{"damage_healed":0,"gold_gain":150,"player_choice":"AGREE","damage_taken":0,"max_hp_gain":0,"max_hp_loss":0,"event_name":"Liars Game","floor":10,"gold_loss":0,"cards_obtained":["Doubt"]},{"damage_healed":0,"gold_gain":0,"player_choice":"Searched \u00271\u0027 times","damage_taken":0,"max_hp_gain":0,"max_hp_loss":0,"event_name":"Dead Adventurer","floor":13,"gold_loss":0}],"is_beta":false,"boss_relics":[],"items_purged_floors":[11,14],"is_endless":false,"potions_floor_spawned":[1,4,6,7],"killed_by":"Slime Boss","ascension_level":16}