{"gold_per_floor":[112,37,52,72,95,95,106,106,106,122,137,137,172,190,190,190],"floor_reached":16,"playtime":719,"items_purged":[],"score":187,"play_id":"aabd2f50-04b7-4f89-913b-00384f919833","local_time":"20190910225604","is_ascension_mode":true,"campfire_choices":[{"data":"Deadly Poison","floor":6,"key":"SMITH"},{"floor":12,"key":"REST"},{"floor":15,"key":"REST"}],"neow_cost":"NONE","seed_source_timestamp":10625566773941,"circlet_count":0,"master_deck":["AscendersBane","Strike_G","Strike_G","Strike_G","Strike_G+1","Defend_G","Defend_G","Defend_G","Defend_G","Defend_G","Survivor","Neutralize+1","Purity","Deadly Poison","Riddle With Holes","Deadly Poison+1","Footwork+1","Crippling Poison","Slice","Backflip","PiercingWail","Corpse Explosion"],"relics":["Ring of the Snake","Whetstone","Dream Catcher","Question Card"],"potions_floor_usage":[7],"damage_taken":[{"damage":0,"enemies":"2 Louse","floor":1,"turns":5},{"damage":0,"enemies":"Jaw Worm","floor":3,"turns":4},{"damage":2,"enemies":"Small Slimes","floor":4,"turns":4},{"damage":19,"enemies":"Gremlin Gang","floor":7,"turns":5},{"damage":12,"enemies":"Exordium Wildlife","floor":10,"turns":5},{"damage":8,"enemies":"Large Slime","floor":11,"turns":8},{"damage":22,"enemies":"Lagavulin","floor":13,"turns":8},{"damage":8,"enemies":"2 Fungi Beasts","floor":14,"turns":4},{"damage":27,"enemies":"The Guardian","floor":16,"turns":2}],"seed_played":"-1330172686845517565","potions_obtained":[{"floor":4,"key":"Dexterity Potion"},{"floor":10,"key":"Swift Potion"},{"floor":11,"key":"SpeedPotion"}],"is_trial":false,"path_per_floor":["M","?","M","M","T","R","M","?","T","M","M","R","E","M","R","B"],"character_chosen":"THE_SILENT","items_purchased":[],"campfire_rested":2,"item_purchase_floors":[],"current_hp_per_floor":[59,59,59,57,57,57,38,38,38,26,18,37,15,7,26,0],"gold":190,"neow_bonus":"RANDOM_COLORLESS","is_prod":false,"is_daily":false,"chose_seed":false,"campfire_upgraded":1,"win_rate":0,"timestamp":1568152564,"path_taken":["M","?","M","M","?","R","M","?","T","?","M","R","E","M","R","BOSS"],"build_version":"2019-07-17","purchased_purges":0,"victory":false,"max_hp_per_floor":[66,66,66,66,66,66,66,66,66,66,66,66,66,66,66,66],"card_choices":[{"not_picked":["Dodge and Roll","Endless Agony"],"picked":"Deadly Poison","floor":1},{"not_picked":["Acrobatics","PiercingWail"],"picked":"Riddle With Holes","floor":3},{"not_picked":["Skewer","Caltrops"],"picked":"Deadly Poison","floor":4},{"not_picked":["Concentrate","Prepared"],"picked":"Footwork","floor":7},{"not_picked":["Quick Slash","Predator"],"picked":"Crippling Poison","floor":10},{"not_picked":["Sucker Punch","Flying Knee"],"picked":"Slice","floor":11},{"not_picked":["Blade Dance","Sucker Punch"],"picked":"Backflip","floor":12},{"not_picked":["Riddle With Holes","Venomology"],"picked":"PiercingWail","floor":13},{"not_picked":["Outmaneuver","Heel Hook","Crippling Poison","PiercingWail"],"picked":"SKIP","floor":14},{"not_picked":["Backflip","Blade Dance","Quick Slash"],"picked":"Corpse Explosion","floor":15}],"player_experience":1200151,"relics_obtained":[{"floor":5,"key":"Whetstone"},{"floor":9,"key":"Dream Catcher"},{"floor":13,"key":"Question Card"}],"event_choices":[{"cards_removed":["Strike_G"],"damage_healed":0,"gold_gain":0,"player_choice":"Card Removal","damage_taken":0,"max_hp_gain":0,"max_hp_loss":0,"event_name":"The Cleric","floor":2,"gold_loss":75},{"damage_healed":0,"gold_gain":0,"player_choice":"Forge","damage_taken":0,"max_hp_gain":0,"max_hp_loss":0,"event_name":"Accursed Blacksmith","floor":8,"gold_loss":0,"cards_upgraded":["Footwork"]}],"is_beta":false,"boss_relics":[],"items_purged_floors":[],"is_endless":false,"potions_floor_spawned":[4,10,11],"killed_by":"The Guardian","ascension_level":16}