{"gold_per_floor":[115,38,38,3,3,29,29,60,84,98,144,157,157,172,172,246,246,256,273,14,14],"floor_reached":21,"playtime":517,"items_purged":["Strike_R"],"score":427,"play_id":"67cfbfe2-dc9e-4ef4-8081-c7f37f1f55c8","local_time":"20190608211928","is_ascension_mode":true,"campfire_choices":[{"data":"Bash","floor":7,"key":"SMITH"},{"data":"Dual Wield","floor":13,"key":"SMITH"},{"data":"Limit Break","floor":15,"key":"SMITH"}],"neow_cost":"NONE","seed_source_timestamp":146531802574200,"circlet_count":0,"master_deck":["AscendersBane","Strike_R","Strike_R","Defend_R","Defend_R","Defend_R","Defend_R","Bash+1","Shrug It Off","Limit Break+1","Dual Wield+1","Clothesline+1","Fiend Fire+1","Spot Weakness","Reaper+1","Sentinel","Headbutt+1","Feel No Pain","Seeing Red","Thunderclap+1"],"relics":["Burning Blood","NeowsBlessing","Centennial Puzzle","Paper Frog","Molten Egg 2","Omamori","Strawberry","Empty Cage"],"potions_floor_usage":[16,21],"damage_taken":[{"damage":0,"enemies":"2 Louse","floor":1,"turns":1},{"damage":0,"enemies":"3 Sentries","floor":6,"turns":2},{"damage":0,"enemies":"Gremlin Nob","floor":8,"turns":1},{"damage":8,"enemies":"Cultist","floor":10,"turns":4},{"damage":11,"enemies":"Small Slimes","floor":12,"turns":4},{"damage":4,"enemies":"Blue Slaver","floor":14,"turns":3},{"damage":35,"enemies":"The Guardian","floor":16,"turns":6},{"damage":14,"enemies":"Shell Parasite","floor":18,"turns":5},{"damage":41,"enemies":"2 Thieves","floor":19,"turns":4},{"damage":70,"enemies":"3 Cultists","floor":21,"turns":5}],"seed_played":"3538652215641971976","potions_obtained":[{"floor":6,"key":"Ancient Potion"},{"floor":8,"key":"SmokeBomb"},{"floor":12,"key":"SkillPotion"},{"floor":19,"key":"SpeedPotion"}],"is_trial":false,"path_per_floor":["M","?","$","?","$","E","R","E","T","M","T","M","R","M","R","B",null,"M","M","$","M"],"character_chosen":"IRONCLAD","items_purchased":["Feel No Pain","Seeing Red","Thunderclap+1"],"campfire_rested":0,"item_purchase_floors":[20,20,20],"current_hp_per_floor":[74,74,74,75,75,75,75,75,75,73,80,75,75,77,77,48,74,66,53,53,0],"gold":14,"neow_bonus":"THREE_ENEMY_KILL","is_prod":false,"is_daily":false,"chose_seed":false,"campfire_upgraded":3,"win_rate":0,"timestamp":1560021568,"path_taken":["M","?","?","?","?","E","R","E","T","?","?","M","R","M","R","BOSS","M","M","$","M"],"build_version":"2019-01-23","purchased_purges":1,"victory":false,"max_hp_per_floor":[75,75,75,75,75,75,75,75,75,75,82,82,82,82,82,82,82,82,82,82,82],"card_choices":[{"not_picked":["Flex","Body Slam"],"picked":"Shrug It Off","floor":1},{"not_picked":["Inflame","Exhume"],"picked":"Limit Break","floor":6},{"not_picked":["Headbutt","Blood for Blood"],"picked":"Dual Wield","floor":8},{"not_picked":["Cleave+1","Clash+1"],"picked":"Clothesline+1","floor":10},{"not_picked":["Feel No Pain","Infernal Blade"],"picked":"Fiend Fire+1","floor":12},{"not_picked":["Iron Wave+1","Warcry"],"picked":"Spot Weakness","floor":14},{"not_picked":["Offering","Exhume"],"picked":"Reaper+1","floor":16},{"not_picked":["Perfected Strike+1","Dual Wield"],"picked":"Sentinel","floor":18},{"not_picked":["Dual Wield","Flame Barrier"],"picked":"Headbutt+1","floor":19}],"player_experience":1236697,"relics_obtained":[{"floor":6,"key":"Paper Frog"},{"floor":8,"key":"Molten Egg 2"},{"floor":9,"key":"Omamori"},{"floor":11,"key":"Strawberry"}],"event_choices":[{"damage_healed":0,"gold_gain":0,"player_choice":"Paid Gold","damage_taken":0,"relics_obtained":["Centennial Puzzle"],"max_hp_gain":0,"max_hp_loss":0,"event_name":"WeMeetAgain","floor":2,"gold_loss":77},{"damage_healed":18,"gold_gain":0,"player_choice":"Healed","damage_taken":0,"max_hp_gain":0,"max_hp_loss":0,"event_name":"The Cleric","floor":4,"gold_loss":35}],"is_beta":false,"boss_relics":[{"not_picked":["Eternal Feather","Velvet Choker"],"picked":"Empty Cage"}],"items_purged_floors":[20],"is_endless":false,"potions_floor_spawned":[6,8,12,19],"killed_by":"3 Cultists","ascension_level":16}