{"gold_per_floor":[119,119,119,119,136,164,164,314,359,384,659,676,693,703,703,779,779,795,795,809,809,809,809,809],"floor_reached":24,"playtime":778,"items_purged":[],"score":435,"play_id":"2d9c3f5d-0109-4df9-8056-d8398a011ebf","local_time":"20190730190124","is_ascension_mode":true,"campfire_choices":[{"data":"Armaments","floor":7,"key":"SMITH"},{"data":"Shockwave","floor":15,"key":"SMITH"},{"floor":23,"key":"REST"}],"neow_cost":"NONE","seed_source_timestamp":96696048946500,"circlet_count":0,"master_deck":["AscendersBane","Defend_R+1","Defend_R","Defend_R","Defend_R+1","Bash","Rampage","Armaments+1","Shockwave+1","Anger","Whirlwind","Anger","Demon Form","Whirlwind+1","Twin Strike+1","Feed+1","Battle Trance","Anger","Decay","Pommel Strike","Power Through"],"relics":["Burning Blood","NeowsBlessing","Omamori","Art of War","Oddly Smooth Stone","Astrolabe","War Paint"],"potions_floor_usage":[6,6,6,10,10,16,16,18],"damage_taken":[{"damage":0,"enemies":"Jaw Worm","floor":1,"turns":1},{"damage":0,"enemies":"Cultist","floor":5,"turns":1},{"damage":0,"enemies":"3 Sentries","floor":6,"turns":1},{"damage":40,"enemies":"Lagavulin","floor":10,"turns":9},{"damage":10,"enemies":"2 Louse","floor":12,"turns":3},{"damage":14,"enemies":"Looter","floor":13,"turns":4},{"damage":0,"enemies":"Gremlin Gang","floor":14,"turns":2},{"damage":59,"enemies":"The Guardian","floor":16,"turns":14},{"damage":35,"enemies":"Spheric Guardian","floor":18,"turns":5},{"damage":18,"enemies":"Shell Parasite","floor":20,"turns":5},{"damage":44,"enemies":"Book of Stabbing","floor":24,"turns":6}],"seed_played":"-5588972472852948624","potions_obtained":[{"floor":3,"key":"EntropicBrew"},{"floor":3,"key":"EntropicBrew"},{"floor":5,"key":"LiquidBronze"},{"floor":6,"key":"BloodPotion"},{"floor":10,"key":"Regen Potion"},{"floor":13,"key":"SteroidPotion"},{"floor":16,"key":"SkillPotion"}],"is_trial":false,"path_per_floor":["M","$","?","$","M","E","R","?","T","E","?","M","M","M","R","B",null,"M","?","M","?","?","R","E"],"character_chosen":"IRONCLAD","items_purchased":[],"campfire_rested":1,"item_purchase_floors":[],"current_hp_per_floor":[74,74,74,74,75,75,75,75,75,59,59,55,47,53,53,15,60,31,31,19,19,19,41,0],"gold":809,"neow_bonus":"THREE_ENEMY_KILL","is_prod":false,"is_daily":false,"chose_seed":false,"campfire_upgraded":2,"win_rate":0,"timestamp":1564506084,"path_taken":["M","$","?","$","?","E","R","?","T","E","?","?","M","?","R","BOSS","M","?","?","?","?","R","E"],"build_version":"2019-07-17","purchased_purges":0,"victory":false,"max_hp_per_floor":[75,75,75,75,75,75,75,75,75,75,75,75,75,75,75,75,75,75,75,75,75,75,75,75],"card_choices":[{"not_picked":["True Grit","Inflame"],"picked":"Rampage","floor":1},{"not_picked":["Reckless Charge","Clash","Rupture"],"picked":"SKIP","floor":5},{"not_picked":["Dark Embrace","Rampage"],"picked":"Armaments","floor":6},{"not_picked":["Seeing Red","Twin Strike"],"picked":"Shockwave","floor":10},{"not_picked":["Heavy Blade","Burning Pact"],"picked":"Anger","floor":12},{"not_picked":["Armaments","Blood for Blood"],"picked":"Whirlwind","floor":13},{"not_picked":["Havoc","Barricade"],"picked":"Anger","floor":14},{"not_picked":["Feed","Dark Embrace"],"picked":"Demon Form","floor":16},{"not_picked":["Shockwave","Pummel"],"picked":"Battle Trance","floor":18},{"not_picked":["Wild Strike","Combust"],"picked":"Anger","floor":20}],"player_experience":1766595,"relics_obtained":[{"floor":6,"key":"Omamori"},{"floor":9,"key":"Art of War"},{"floor":10,"key":"Oddly Smooth Stone"},{"floor":19,"key":"War Paint"}],"event_choices":[{"damage_healed":0,"gold_gain":0,"player_choice":"Got Potions","damage_taken":0,"max_hp_gain":0,"max_hp_loss":0,"event_name":"Lab","floor":3,"gold_loss":0},{"damage_healed":0,"gold_gain":150,"player_choice":"AGREE","damage_taken":0,"max_hp_gain":0,"max_hp_loss":0,"event_name":"Liars Game","floor":8,"gold_loss":0,"cards_obtained":["Doubt"]},{"damage_healed":0,"gold_gain":275,"player_choice":"Desecrate","damage_taken":0,"max_hp_gain":0,"max_hp_loss":0,"event_name":"Golden Shrine","floor":11,"gold_loss":0,"cards_obtained":["Regret"]},{"damage_healed":0,"gold_gain":0,"player_choice":"Relic","damage_taken":0,"max_hp_gain":0,"max_hp_loss":0,"event_name":"Wheel of Change","floor":19,"gold_loss":0},{"damage_healed":0,"gold_gain":0,"player_choice":"Smashed Altar","damage_taken":0,"max_hp_gain":0,"max_hp_loss":0,"event_name":"Forgotten Altar","floor":21,"gold_loss":0,"cards_obtained":["Decay"]},{"damage_healed":0,"gold_gain":0,"cards_transformed":["Strike_R","Strike_R"],"player_choice":"Became Test Subject","damage_taken":0,"max_hp_gain":0,"max_hp_loss":0,"event_name":"Drug Dealer","floor":22,"gold_loss":0,"cards_obtained":["Pommel Strike","Power Through"]}],"is_beta":false,"boss_relics":[{"not_picked":["Pandora\u0027s Box","Calling Bell"],"picked":"Astrolabe"}],"items_purged_floors":[],"is_endless":false,"potions_floor_spawned":[5,6,10,13,16],"killed_by":"Book of Stabbing","ascension_level":18}