{"gold_per_floor":[117,129,146,146,158,158,189,189,214,214,214,248,248,248],"floor_reached":14,"playtime":533,"items_purged":[],"score":167,"play_id":"91446f9a-1d91-403f-ae3c-a218451ec7be","local_time":"20191009143318","is_ascension_mode":true,"campfire_choices":[{"data":"Whirlwind","floor":6,"key":"SMITH"},{"data":"Feed","floor":8,"key":"SMITH"},{"data":"Bash","floor":10,"key":"SMITH"}],"neow_cost":"NONE","seed_source_timestamp":192143999069332,"circlet_count":0,"master_deck":["AscendersBane","Strike_R","Strike_R","Strike_R","Strike_R","Defend_R","Defend_R+1","Defend_R","Defend_R+1","Bash+1","Impervious","True Grit","Whirlwind+1","Ghostly Armor","Feed+1","Uppercut"],"relics":["Burning Blood","War Paint","Blood Vial","Dream Catcher","Eternal Feather"],"potions_floor_usage":[7,12],"damage_taken":[{"damage":0,"enemies":"Small Slimes","floor":1,"turns":4},{"damage":0,"enemies":"2 Louse","floor":2,"turns":4},{"damage":0,"enemies":"Cultist","floor":3,"turns":4},{"damage":18,"enemies":"Exordium Wildlife","floor":5,"turns":6},{"damage":26,"enemies":"Gremlin Nob","floor":7,"turns":5},{"damage":44,"enemies":"3 Sentries","floor":12,"turns":14},{"damage":16,"enemies":"Gremlin Nob","floor":14,"turns":2}],"seed_played":"-4440619939052290788","potions_obtained":[{"floor":1,"key":"SpeedPotion"},{"floor":5,"key":"SteroidPotion"},{"floor":7,"key":"Fire Potion"},{"floor":12,"key":"Dexterity Potion"}],"is_trial":false,"path_per_floor":["M","M","M","?","M","R","E","R","T","R","?","E","?","E"],"character_chosen":"IRONCLAD","items_purchased":[],"campfire_rested":0,"item_purchase_floors":[],"current_hp_per_floor":[74,75,75,72,60,60,40,40,40,40,40,8,8,0],"gold":248,"neow_bonus":"ONE_RANDOM_RARE_CARD","is_prod":false,"is_daily":false,"chose_seed":false,"campfire_upgraded":3,"win_rate":0,"timestamp":1570645998,"path_taken":["M","M","M","?","M","R","E","R","T","R","?","E","?","E"],"build_version":"2019-10-08","purchased_purges":0,"victory":false,"max_hp_per_floor":[75,75,75,75,75,75,75,75,75,75,75,79,79,79],"card_choices":[{"not_picked":["Sever Soul","Wild Strike"],"picked":"True Grit","floor":1},{"not_picked":["Combust","Body Slam"],"picked":"Whirlwind","floor":2},{"not_picked":["Iron Wave","Sword Boomerang","Twin Strike"],"picked":"SKIP","floor":3},{"not_picked":["Iron Wave","Sword Boomerang"],"picked":"Ghostly Armor","floor":5},{"not_picked":["Blood for Blood","True Grit"],"picked":"Feed","floor":7},{"not_picked":["Rupture","Armaments"],"picked":"Uppercut","floor":12}],"player_experience":484874,"relics_obtained":[{"floor":7,"key":"Blood Vial"},{"floor":9,"key":"Dream Catcher"},{"floor":12,"key":"Eternal Feather"}],"event_choices":[{"damage_healed":0,"gold_gain":0,"player_choice":"Success","damage_taken":3,"relics_obtained":["War Paint"],"max_hp_gain":0,"max_hp_loss":0,"event_name":"Scrap Ooze","floor":4,"gold_loss":0},{"damage_healed":0,"gold_gain":0,"player_choice":"Ignored","damage_taken":0,"max_hp_gain":0,"max_hp_loss":0,"event_name":"Liars Game","floor":11,"gold_loss":0},{"cards_removed":["Strike_R"],"damage_healed":0,"gold_gain":0,"player_choice":"Purged","damage_taken":0,"max_hp_gain":0,"max_hp_loss":0,"event_name":"Purifier","floor":13,"gold_loss":0}],"is_beta":true,"boss_relics":[],"items_purged_floors":[],"is_endless":false,"potions_floor_spawned":[1,5,7,12],"killed_by":"Gremlin Nob","ascension_level":14}