{"gold_per_floor":[113,127,202,127,127,161,161,196,277,277,296,296,311,342,342,418,418,431,431,0,0,15,15,44,44,71,97,17,33,33,83,83,161,161,176,176,189,207,226,226,258,270,343,355,355,388,388,406,406,406,406,406,406,41,41],"floor_reached":55,"playtime":4836,"items_purged":["Setup"],"score":2066,"play_id":"05ecc23e-9e6a-4730-9a0b-51f3ec5c0c70","local_time":"20190424230349","is_ascension_mode":true,"campfire_choices":[{"floor":7.0,"key":"REST"},{"floor":10.0,"key":"REST"},{"data":"Reflex","floor":12.0,"key":"SMITH"},{"data":"Adrenaline","floor":15.0,"key":"SMITH"},{"floor":23.0,"key":"REST"},{"floor":25.0,"key":"REST"},{"data":"Well Laid Plans","floor":32.0,"key":"SMITH"},{"floor":40.0,"key":"RECALL"},{"floor":45.0,"key":"REST"},{"floor":49.0,"key":"REST"},{"floor":53,"key":"REST"}],"neow_cost":"NONE","seed_source_timestamp":0,"circlet_count":0,"master_deck":["AscendersBane","Survivor","Neutralize","Riddle With Holes+1","Backflip","Calculated Gamble","Adrenaline+1","Blade Dance+1","Acrobatics","Endless Agony","Tools of the Trade","Predator","Dash","Reflex+1","Dash","Backflip","PiercingWail","PiercingWail+1","Malaise","Blade Dance","Cloak And Dagger","Well Laid Plans+1","Die Die Die","PiercingWail","Noxious Fumes","Expertise+1","Night Terror","Deadly Poison+1","Backflip","Blur","Backflip","Burst","Backstab","Quick Slash","Choke","Footwork"],"special_seed":0,"relics":["Pandora\u0027s Box","Omamori","Bottled Lightning","Kunai","Oddly Smooth Stone","HoveringKite","Enchiridion","War Paint","MutagenicStrength","Centennial Puzzle","Orichalcum","Mercury Hourglass","Cursed Key","Bird Faced Urn","Snake Skull","Anchor","Dodecahedron"],"potions_floor_usage":[51],"damage_taken":[{"damage":2.0,"enemies":"2 Louse","floor":1.0,"turns":2.0},{"damage":4.0,"enemies":"Small Slimes","floor":2.0,"turns":3.0},{"damage":23.0,"enemies":"Gremlin Nob","floor":6.0,"turns":4.0},{"damage":13.0,"enemies":"Lagavulin","floor":8.0,"turns":6.0},{"damage":0.0,"enemies":"Cultist","floor":11.0,"turns":3.0},{"damage":0.0,"enemies":"Looter","floor":13.0,"turns":2.0},{"damage":0.0,"enemies":"Gremlin Nob","floor":14.0,"turns":3.0},{"damage":31.0,"enemies":"Hexaghost","floor":16.0,"turns":13.0},{"damage":8.0,"enemies":"Spheric Guardian","floor":18.0,"turns":5.0},{"damage":4.0,"enemies":"Shell Parasite","floor":22.0,"turns":3.0},{"damage":0.0,"enemies":"Gremlin Leader","floor":24.0,"turns":4.0},{"damage":2.0,"enemies":"Slavers","floor":27.0,"turns":4.0},{"damage":0.0,"enemies":"Snecko","floor":29.0,"turns":3.0},{"damage":21.0,"enemies":"Collector","floor":33.0,"turns":13.0},{"damage":0.0,"enemies":"Orb Walker","floor":35.0,"turns":2.0},{"damage":0.0,"enemies":"3 Shapes","floor":37.0,"turns":2.0},{"damage":15.0,"enemies":"Spire Growth","floor":38.0,"turns":7.0},{"damage":0.0,"enemies":"3 Darklings","floor":39.0,"turns":6.0},{"damage":61.0,"enemies":"Giant Head","floor":41.0,"turns":10.0},{"damage":0.0,"enemies":"Jaw Worm Horde","floor":42.0,"turns":4.0},{"damage":5.0,"enemies":"Sphere and 2 Shapes","floor":44.0,"turns":5.0},{"damage":26.0,"enemies":"Reptomancer","floor":46.0,"turns":9.0},{"damage":13.0,"enemies":"Writhing Mass","floor":48.0,"turns":6.0},{"damage":4.0,"enemies":"Awakened One","floor":50.0,"turns":30.0},{"damage":28,"enemies":"Donu and Deca","floor":51,"turns":15},{"damage":103,"enemies":"Shield and Spear","floor":55,"turns":5}],"seed_played":"4675529114743476148","potions_obtained":[{"floor":6.0,"key":"Weak Potion"},{"floor":11.0,"key":"Strength Potion"},{"floor":14.0,"key":"Strength Potion"},{"floor":16.0,"key":"Fire Potion"},{"floor":35.0,"key":"Ancient Potion"},{"floor":38.0,"key":"SpeedPotion"},{"floor":42.0,"key":"SkillPotion"},{"floor":44.0,"key":"Dexterity Potion"},{"floor":48.0,"key":"FairyPotion"}],"is_trial":false,"path_per_floor":["M","M","?","?","?","E","R","E","T","R","M","R","M","E","R","B",null,"M","?","$","?","M","R","E","R","T","E","$","M","?","?","R","B",null,"M","?","M","M","M","R","E","M","T","M","R","E","?","M","R","B","B",null,"R","$","E"],"character_chosen":"THE_SILENT","items_purchased":["Cloak And Dagger","War Paint","Well Laid Plans","Strength Potion","Noxious Fumes","Footwork","Dodecahedron"],"campfire_rested":7,"item_purchase_floors":[20,20,20,20,28,54,54],"current_hp_per_floor":[57,53,42,42,42,19,38,25,25,44,44,44,44,44,44,13,53,45,24,24,24,20,39,39,58,58,56,56,56,56,56,56,35,58,58,58,60,53,59,59,5,9,9,10,29,11,11,6,25,29,9,52,66,66,0],"gold":41,"neow_bonus":"BOSS_RELIC","is_prod":false,"is_daily":false,"chose_seed":false,"campfire_upgraded":3,"win_rate":0,"timestamp":1556139829,"path_taken":["M","M","?","?","?","E","R","E","T","R","?","R","M","E","R","BOSS","M","?","$","?","M","R","E","R","T","E","$","M","?","?","R","BOSS","M","?","M","M","?","R","E","M","T","M","R","E","?","M","R","BOSS","BOSS","R","$","E"],"build_version":"2019-01-23","purchased_purges":1,"victory":false,"max_hp_per_floor":[66,66,66,66,66,66,66,66,66,66,66,66,66,66,66,66,66,66,66,66,66,66,66,66,66,66,66,66,66,66,66,66,66,66,66,66,66,66,66,66,66,66,66,66,66,66,66,66,66,66,66,66,66,66,66],"card_choices":[{"not_picked":["Poisoned Stab","Deflect"],"picked":"Predator","floor":1.0},{"not_picked":["Blade Dance","Expertise"],"picked":"Dash","floor":2.0},{"not_picked":["Phantasmal Killer","Dodge and Roll"],"picked":"Reflex","floor":6.0},{"not_picked":["Slice","Underhanded Strike"],"picked":"Dash","floor":8.0},{"not_picked":["Eviscerate","Sucker Punch"],"picked":"Backflip","floor":11.0},{"not_picked":["Acrobatics","Deflect"],"picked":"PiercingWail","floor":13.0},{"not_picked":["Expertise","Doppelganger"],"picked":"PiercingWail","floor":14.0},{"not_picked":["Tools of the Trade","Grand Finale"],"picked":"Malaise","floor":16.0},{"not_picked":["Dagger Throw","Prepared"],"picked":"Blade Dance","floor":18.0},{"not_picked":["Deflect+1","Finisher","Distraction"],"picked":"SKIP","floor":22.0},{"not_picked":["Catalyst","Deflect"],"picked":"Die Die Die","floor":24.0},{"not_picked":["Dagger Throw","Sucker Punch"],"picked":"PiercingWail","floor":27.0},{"not_picked":["Sucker Punch","Deadly Poison"],"picked":"Expertise+1","floor":29.0},{"not_picked":["Unload","Grand Finale"],"picked":"Night Terror","floor":33.0},{"not_picked":["Sucker Punch","Dagger Throw"],"picked":"Deadly Poison+1","floor":35.0},{"not_picked":["Expertise","Slice"],"picked":"Backflip","floor":37.0},{"not_picked":["Heel Hook+1","Eviscerate"],"picked":"Blur","floor":38.0},{"not_picked":["Sucker Punch","Calculated Gamble+1"],"picked":"Backflip","floor":39.0},{"not_picked":["Bouncing Flask","Deflect+1"],"picked":"Burst","floor":41.0},{"not_picked":["PiercingWail","Outmaneuver"],"picked":"Dagger Throw+1","floor":42.0},{"not_picked":["Slice","Prepared"],"picked":"Backstab","floor":44.0},{"not_picked":["Sucker Punch","Bullet Time"],"picked":"Quick Slash","floor":46.0},{"not_picked":["Acrobatics","Flying Knee"],"picked":"Choke","floor":48.0}],"player_experience":773599,"relics_obtained":[{"floor":6.0,"key":"Omamori"},{"floor":8.0,"key":"Bottled Lightning"},{"floor":9.0,"key":"Kunai"},{"floor":14.0,"key":"Oddly Smooth Stone"},{"floor":19.0,"key":"Enchiridion"},{"floor":24.0,"key":"Centennial Puzzle"},{"floor":26.0,"key":"Orichalcum"},{"floor":27.0,"key":"Mercury Hourglass"},{"floor":41.0,"key":"Snake Skull"},{"floor":46.0,"key":"Anchor"}],"event_choices":[{"damage_healed":0.0,"max_hp_gain":0.0,"max_hp_loss":0.0,"gold_gain":75.0,"event_name":"World of Goop","player_choice":"Gather Gold","floor":3.0,"gold_loss":0.0,"damage_taken":11.0},{"cards_removed":["Catalyst"],"damage_healed":0.0,"max_hp_gain":0.0,"max_hp_loss":0.0,"gold_gain":0.0,"event_name":"The Cleric","player_choice":"Card Removal","floor":4.0,"gold_loss":75.0,"damage_taken":0.0},{"damage_healed":0.0,"max_hp_gain":0.0,"max_hp_loss":0.0,"gold_gain":0.0,"event_name":"Upgrade Shrine","player_choice":"Upgraded","floor":5.0,"gold_loss":0.0,"damage_taken":0.0,"cards_upgraded":["Riddle With Holes"]},{"damage_healed":0.0,"max_hp_gain":0.0,"max_hp_loss":0.0,"gold_gain":0.0,"event_name":"Cursed Tome","player_choice":"Obtained Book","floor":19.0,"gold_loss":0.0,"damage_taken":21.0},{"damage_healed":0.0,"max_hp_gain":0.0,"max_hp_loss":0.0,"gold_gain":0.0,"event_name":"Drug Dealer","player_choice":"Inject Mutagens","floor":21.0,"gold_loss":0.0,"damage_taken":0.0,"relics_obtained":["MutagenicStrength"]},{"damage_healed":0.0,"max_hp_gain":0.0,"max_hp_loss":0.0,"gold_gain":0.0,"event_name":"Ghosts","player_choice":"Ignored","floor":30.0,"gold_loss":0.0,"damage_taken":0.0},{"damage_healed":0.0,"max_hp_gain":0.0,"max_hp_loss":0.0,"gold_gain":50.0,"event_name":"Nest","player_choice":"Stole From Cult","floor":31.0,"gold_loss":0.0,"damage_taken":0.0},{"damage_healed":0.0,"max_hp_gain":0.0,"max_hp_loss":0.0,"gold_gain":0.0,"event_name":"WeMeetAgain","player_choice":"Gave Potion","floor":36.0,"gold_loss":0.0,"damage_taken":0.0,"relics_obtained":["Bird Faced Urn"]},{"cards_removed":["Dagger Throw"],"damage_healed":0.0,"max_hp_gain":0.0,"max_hp_loss":0.0,"gold_gain":0.0,"event_name":"Falling","player_choice":"Removed Attack","floor":47.0,"gold_loss":0.0,"damage_taken":0.0}],"is_beta":false,"boss_relics":[{"not_picked":["Busted Crown","Velvet Choker"],"picked":"HoveringKite"},{"not_picked":["WristBlade","Fusion Hammer"],"picked":"Cursed Key"}],"items_purged_floors":[20],"is_endless":false,"potions_floor_spawned":[6,11,14,16,22,35,38,42,44,48],"killed_by":"Shield and Spear","ascension_level":20}