{"path_per_floor":["M","?","M","M","T","E","R","M","T","M","?","E","R","E","R","B",null,"M","?","M","$","M","E","R","E","T","M","M","?","$","M","R","B",null,"M","M","?","$","M","E","R","?","T","M","R","M","$","M","R"],"character_chosen":"THE_SILENT","items_purchased":["Toolbox","Block Potion","Fire Potion","Mercury Hourglass","Lee\u0027s Waffle","Energy Potion","Flying Knee","Singing Bowl","Tiny Chest"],"gold_per_floor":[115,115,131,151,151,185,185,200,200,217,217,244,244,279,279,383,383,401,651,668,4,19,350,350,383,408,418,430,345,40,52,52,150,150,160,179,179,24,42,69,69,69,118,138,138,157,30,44,44],"floor_reached":50,"campfire_rested":2,"playtime":4758,"current_hp_per_floor":[63,56,56,49,49,38,38,36,36,35,23,17,35,27,27,8,63,45,45,41,41,34,34,42,42,42,32,16,16,70,68,70,28,70,69,69,69,69,49,27,35,53,53,50,58,34,34,16,46],"items_purged":["Regret"],"gold":44,"play_id":"9e1dc1d7-5229-49a5-9397-0c7323e6683c","is_prod":false,"is_daily":false,"campfire_rituals":0,"campfire_upgraded":6,"is_hardmode":false,"path_taken":["M","?","M","M","?","E","R","M","T","M","?","E","R","E","R","BOSS","M","?","M","$","M","E","R","E","T","M","?","?","$","M","R","BOSS","M","M","?","$","M","E","R","?","T","M","R","M","$","?","R","BOSS"],"build_version":"2018-01-18-PROD4","purchased_purges":2,"victory":false,"master_deck":["Defend_G","Defend_G","Defend_G","Defend_G","Strike_G","Strike_G","Strike_G","Strike_G","Strike_G","Survivor","Neutralize","Riddle With Holes","PiercingWail","Dagger Spray","Well Laid Plans","Skewer","Glass Knife","Slice","Riddle With Holes","Outmaneuver","Flying Knee","Outmaneuver","Predator","Malaise","Finisher"],"max_hp_per_floor":[63,63,63,63,63,63,63,63,63,63,63,63,63,63,63,63,63,63,63,63,63,63,63,63,63,63,63,63,63,70,70,70,70,70,70,70,70,70,70,72,72,72,72,72,72,74,74,76,76],"relics":["Ring of the Snake","Sundial","Vajra","Toxic Egg","Mummified Hand","Happy Flower","Ancient Tea Set","Ginger","Eternal Feather","Toolbox","Mercury Hourglass","Old Coin","Frozen Egg","Dream Catcher","Centennial Puzzle","Lee\u0027s Waffle","Snecko Eye","Singing Bowl","Omamori","Whetstone","Tiny Chest"],"campfire_meditates":0,"card_choices":[{"not_picked":["Bane","Dagger Throw"],"picked":"Riddle With Holes"},{"not_picked":["Cloak And Dagger","Deflect"],"picked":"PiercingWail"},{"not_picked":["Dash","PiercingWail"],"picked":"Dagger Spray"},{"not_picked":["Underhanded Strike","Terror"],"picked":"Well Laid Plans"},{"not_picked":["Riddle With Holes","PiercingWail"],"picked":"Skewer"},{"not_picked":["Corpse Explosion","Phantasmal Killer"],"picked":"Glass Knife"},{"not_picked":["Dagger Spray","Outmaneuver"],"picked":"Slice"},{"not_picked":["Predator","Deadly Poison"],"picked":"Riddle With Holes"},{"not_picked":["Deflect","Leg Sweep"],"picked":"Outmaneuver"},{"not_picked":["Deadly Poison","Quick Slash"],"picked":"Outmaneuver"},{"not_picked":["Terror","Dodge and Roll"],"picked":"Predator"},{"not_picked":["Slice","Sucker Punch"],"picked":"Malaise"},{"not_picked":["Endless Agony","Infinite Blades"],"picked":"Finisher"}],"player_experience":88168,"potions_floor_usage":[50,50],"damage_taken":[{"damage":0.0,"enemies":"Jaw Worm","floor":1.0,"turns":5.0},{"damage":0.0,"enemies":"2 Louse","floor":3.0,"turns":3.0},{"damage":7.0,"enemies":"Blue Slaver","floor":4.0,"turns":4.0},{"damage":11.0,"enemies":"3 Sentries","floor":6.0,"turns":4.0},{"damage":2.0,"enemies":"Looter","floor":8.0,"turns":3.0},{"damage":1.0,"enemies":"Exordium Wildlife","floor":10.0,"turns":3.0},{"damage":15.0,"enemies":"Gremlin Nob","floor":12.0,"turns":4.0},{"damage":8.0,"enemies":"3 Sentries","floor":14.0,"turns":5.0},{"damage":34.0,"enemies":"Hexaghost","floor":16.0,"turns":9.0},{"damage":18.0,"enemies":"Shell Parasite","floor":18.0,"turns":4.0},{"damage":4.0,"enemies":"Chosen","floor":20.0,"turns":4.0},{"damage":7.0,"enemies":"3 Cultists","floor":22.0,"turns":4.0},{"damage":0.0,"enemies":"Gremlin Leader","floor":23.0,"turns":4.0},{"damage":0.0,"enemies":"Book of Stabbing","floor":25.0,"turns":3.0},{"damage":10.0,"enemies":"Snake Plant","floor":27.0,"turns":3.0},{"damage":16.0,"enemies":"Centurion and Healer","floor":28.0,"turns":4.0},{"damage":2.0,"enemies":"3 Cultists","floor":31.0,"turns":3.0},{"damage":42.0,"enemies":"Collector","floor":33.0,"turns":7.0},{"damage":1.0,"enemies":"3 Shapes","floor":35.0,"turns":4.0},{"damage":0.0,"enemies":"3 Darklings","floor":36.0,"turns":4.0},{"damage":20.0,"enemies":"Sphere and 2 Shapes","floor":39.0,"turns":4.0},{"damage":24.0,"enemies":"Nemesis","floor":40.0,"turns":4.0},{"damage":3.0,"enemies":"Maw","floor":44.0,"turns":5.0},{"damage":26,"enemies":"4 Shapes","floor":46,"turns":3},{"damage":20,"enemies":"Sphere and 2 Shapes","floor":48,"turns":3},{"damage":51,"enemies":"Donu and Deca","floor":50,"turns":4}],"event_choices":[{"event_name":"Scrap Ooze","player_choice":"success","floor":2.0,"damage_taken":7.0},{"event_name":"Shining Light","player_choice":"Entered Light","floor":11.0,"damage_taken":0.0},{"event_name":"Golden Shrine","player_choice":"Desecrate","floor":19.0,"damage_taken":0.0},{"event_name":"Addict","player_choice":"Obtained Relic","floor":29.0,"damage_taken":0.0},{"event_name":"Winding Halls","player_choice":"Writhe","floor":42.0,"damage_taken":0.0}],"boss_relics":[],"potions_floor_spawned":[4,6,10,14,23,27,31,33,35,36,46],"seed_played":"7155674365314853328","killed_by":"Donu and Deca","is_trial":false}