{"gold_per_floor":[118,129,129,148,166,166,186,186,211,228,228,36,46,59,59,160,160,175,186,205,64,89,89,150,150,177,277,290,305,305,305,305,305],"floor_reached":33,"playtime":2171,"items_purged":[],"score":261,"play_id":"e95647e5-89c1-4aa1-bdc7-4e3a77cf82ae","local_time":"20190526235200","is_ascension_mode":false,"campfire_choices":[{"data":"All Out Attack","floor":6,"key":"SMITH"},{"data":"All Out Attack","floor":8,"key":"SMITH"},{"floor":15,"key":"REST"},{"floor":23,"key":"REST"},{"floor":25,"key":"REST"},{"floor":32,"key":"REST"}],"neow_cost":"NONE","seed_source_timestamp":195042038137350,"circlet_count":0,"master_deck":["Defend_G","Defend_G","Defend_G","Defend_G","Defend_G","Strike_G","Strike_G","Strike_G","Strike_G","Strike_G","Survivor","Neutralize","All Out Attack+1","All Out Attack+1","Escape Plan","Predator","Regret","Well Laid Plans","Master of Strategy","Tools of the Trade","Backstab","Die Die Die","Predator","Regret","Infinite Blades","Doubt"],"relics":["Cursed Key","PreservedInsect","Orichalcum","Runic Pyramid","Red Mask","Tiny Chest","Bag of Preparation","MutagenicStrength","WingedGreaves"],"potions_floor_usage":[5,5,16,16,18,24,29],"damage_taken":[{"damage":0,"enemies":"Cultist","floor":1,"turns":4},{"damage":5,"enemies":"Small Slimes","floor":2,"turns":3},{"damage":1,"enemies":"Jaw Worm","floor":4,"turns":3},{"damage":11,"enemies":"Large Slime","floor":5,"turns":8},{"damage":10,"enemies":"Looter","floor":7,"turns":3},{"damage":0,"enemies":"Exordium Thugs","floor":10,"turns":3},{"damage":1,"enemies":"3 Louse","floor":13,"turns":2},{"damage":4,"enemies":"Blue Slaver","floor":14,"turns":2},{"damage":4,"enemies":"Slime Boss","floor":16,"turns":8},{"damage":5,"enemies":"Chosen","floor":18,"turns":4},{"damage":17,"enemies":"2 Thieves","floor":19,"turns":3},{"damage":26,"enemies":"Snake Plant","floor":20,"turns":4},{"damage":0,"enemies":"Masked Bandits","floor":22,"turns":2},{"damage":26,"enemies":"Book of Stabbing","floor":24,"turns":6},{"damage":7,"enemies":"3 Cultists","floor":28,"turns":3},{"damage":30,"enemies":"Centurion and Healer","floor":29,"turns":7},{"damage":36,"enemies":"Collector","floor":33,"turns":3}],"seed_played":"8767548960988576410","potions_obtained":[{"floor":2,"key":"Regen Potion"},{"floor":4,"key":"Block Potion"},{"floor":5,"key":"LiquidBronze"},{"floor":7,"key":"SkillPotion"},{"floor":14,"key":"SneckoOil"},{"floor":20,"key":"SpeedPotion"},{"floor":22,"key":"Block Potion"}],"is_trial":false,"path_per_floor":["M","M","?","M","M","R","M","R","T","M","?","$","M","M","R","B",null,"M","M","M","$","?","R","E","R","T","?","M","M","?","T","R","B"],"character_chosen":"THE_SILENT","items_purchased":["Master of Strategy","Die Die Die"],"campfire_rested":4,"item_purchase_floors":[12,21],"current_hp_per_floor":[70,65,65,64,67,67,57,57,57,57,45,45,44,40,61,57,70,65,48,22,22,22,43,17,38,38,38,31,1,1,1,22,0],"gold":305,"neow_bonus":"BOSS_RELIC","is_prod":false,"is_daily":false,"chose_seed":false,"campfire_upgraded":2,"win_rate":0,"timestamp":1558929120,"path_taken":["M","M","?","M","M","R","M","R","T","M","?","$","?","M","R","BOSS","M","M","M","$","?","R","E","R","T","?","M","?","?","?","R","BOSS"],"build_version":"2019-01-23","purchased_purges":0,"victory":false,"max_hp_per_floor":[70,70,70,70,70,70,70,70,70,70,70,70,70,70,70,70,70,70,70,70,70,70,70,70,70,70,70,70,70,70,70,70,70],"card_choices":[{"not_picked":["Slice","Outmaneuver"],"picked":"All Out Attack","floor":1},{"not_picked":["Prepared","Backflip"],"picked":"All Out Attack","floor":2},{"not_picked":["Sucker Punch","Caltrops","Deflect"],"picked":"SKIP","floor":4},{"not_picked":["Deflect","Caltrops"],"picked":"Escape Plan","floor":5},{"not_picked":["Caltrops","Backflip"],"picked":"Predator","floor":7},{"not_picked":["Poisoned Stab","Acrobatics"],"picked":"Well Laid Plans","floor":10},{"not_picked":["Dagger Throw","Noxious Fumes","Poisoned Stab"],"picked":"SKIP","floor":13},{"not_picked":["Blade Dance","Dagger Throw","Acrobatics"],"picked":"SKIP","floor":14},{"not_picked":["Phantasmal Killer","Unload"],"picked":"Tools of the Trade","floor":16},{"not_picked":["Backflip","Blur+1","Dagger Throw"],"picked":"SKIP","floor":18},{"not_picked":["Predator","Quick Slash"],"picked":"Backstab","floor":19},{"not_picked":["Tactician","Slice","Deadly Poison"],"picked":"SKIP","floor":20},{"not_picked":["Sucker Punch","Noxious Fumes"],"picked":"Predator","floor":22},{"not_picked":["Skewer","Deflect","Bane"],"picked":"SKIP","floor":24},{"not_picked":["Blade Dance","Dagger Throw","Caltrops"],"picked":"SKIP","floor":28},{"not_picked":["Dagger Throw","Predator"],"picked":"Infinite Blades","floor":29}],"player_experience":21959,"relics_obtained":[{"floor":9,"key":"PreservedInsect"},{"floor":22,"key":"Red Mask"},{"floor":24,"key":"Tiny Chest"},{"floor":26,"key":"Bag of Preparation"},{"floor":31,"key":"WingedGreaves"}],"event_choices":[{"damage_healed":0,"gold_gain":0,"player_choice":"Ignored","damage_taken":0,"max_hp_gain":0,"max_hp_loss":0,"event_name":"Liars Game","floor":3,"gold_loss":0},{"damage_healed":0,"gold_gain":0,"player_choice":"Success","damage_taken":12,"relics_obtained":["Orichalcum"],"max_hp_gain":0,"max_hp_loss":0,"event_name":"Scrap Ooze","floor":11,"gold_loss":0},{"damage_healed":0,"gold_gain":0,"player_choice":"Fought Bandits","damage_taken":0,"max_hp_gain":0,"max_hp_loss":0,"event_name":"Masked Bandits","floor":22,"gold_loss":0},{"damage_healed":0,"gold_gain":100,"player_choice":"Pray","damage_taken":0,"max_hp_gain":0,"max_hp_loss":0,"event_name":"Golden Shrine","floor":27,"gold_loss":0},{"damage_healed":0,"gold_gain":0,"player_choice":"Inject Mutagens","damage_taken":0,"relics_obtained":["MutagenicStrength"],"max_hp_gain":0,"max_hp_loss":0,"event_name":"Drug Dealer","floor":30,"gold_loss":0}],"is_beta":false,"boss_relics":[{"not_picked":["Black Star","HoveringKite"],"picked":"Runic Pyramid"}],"items_purged_floors":[],"is_endless":false,"potions_floor_spawned":[2,4,5,7,14,20,22],"killed_by":"Collector","ascension_level":0}