{"gold_per_floor":[362,512,523,541,466,497,510,510,564,582,593,593,593],"floor_reached":13,"playtime":409,"items_purged":[],"score":161,"play_id":"b08f3971-3add-4a7f-b6d9-dc73d563ac7e","local_time":"20190703235358","is_ascension_mode":true,"campfire_choices":[{"data":"Rampage","floor":8,"key":"SMITH"},{"data":"Flex","floor":12,"key":"SMITH"}],"neow_cost":"CURSE","seed_source_timestamp":1381554618998700,"circlet_count":0,"master_deck":["AscendersBane","Strike_R","Strike_R","Strike_R","Strike_R","Strike_R","Defend_R","Defend_R","Defend_R","Defend_R","Bash","Shame","Rampage+1","Second Wind","Anger","Iron Wave","Flex+1","Seeing Red","Offering"],"relics":["Burning Blood","Paper Frog","Blood Vial","Potion Belt"],"potions_floor_usage":[6,13],"damage_taken":[{"damage":0,"enemies":"2 Louse","floor":1,"turns":3},{"damage":7,"enemies":"Small Slimes","floor":3,"turns":3},{"damage":6,"enemies":"Cultist","floor":4,"turns":3},{"damage":25,"enemies":"Lagavulin","floor":6,"turns":7},{"damage":13,"enemies":"2 Fungi Beasts","floor":7,"turns":4},{"damage":35,"enemies":"Exordium Thugs","floor":10,"turns":5},{"damage":12,"enemies":"Looter","floor":11,"turns":3},{"damage":24,"enemies":"Lagavulin Event","floor":13,"turns":3}],"seed_played":"2953975589000552783","potions_obtained":[{"floor":3,"key":"FearPotion"},{"floor":6,"key":"Energy Potion"}],"is_trial":false,"path_per_floor":["M","?","M","M","?","E","M","R","T","M","M","R","?"],"character_chosen":"IRONCLAD","items_purchased":[],"campfire_rested":0,"item_purchase_floors":[],"current_hp_per_floor":[74,74,73,73,73,54,47,47,47,20,16,16,0],"gold":593,"neow_bonus":"TWO_FIFTY_GOLD","is_prod":false,"is_daily":false,"chose_seed":false,"campfire_upgraded":2,"win_rate":0,"timestamp":1562190838,"path_taken":["M","?","M","M","?","E","M","R","T","M","M","R","?"],"build_version":"2019-07-01","purchased_purges":0,"victory":false,"max_hp_per_floor":[75,75,75,75,75,75,75,75,75,75,75,75,75],"card_choices":[{"not_picked":["Pommel Strike","Iron Wave"],"picked":"Rampage","floor":1},{"not_picked":["True Grit","Intimidate"],"picked":"Second Wind","floor":3},{"not_picked":["Combust","Body Slam"],"picked":"Anger","floor":4},{"not_picked":["Twin Strike","Cleave"],"picked":"Iron Wave","floor":6},{"not_picked":["Clothesline","Entrench"],"picked":"Flex","floor":7},{"not_picked":["Infernal Blade","Perfected Strike"],"picked":"Seeing Red","floor":10},{"not_picked":["Flex","Perfected Strike"],"picked":"Offering","floor":11}],"player_experience":1575930,"relics_obtained":[{"floor":6,"key":"Paper Frog"},{"floor":9,"key":"Blood Vial"}],"event_choices":[{"damage_healed":0,"gold_gain":150,"player_choice":"AGREE","damage_taken":0,"max_hp_gain":0,"max_hp_loss":0,"event_name":"Liars Game","floor":2,"gold_loss":0,"cards_obtained":["Doubt"]},{"cards_removed":["Doubt"],"damage_healed":0,"gold_gain":0,"player_choice":"Card Removal","damage_taken":0,"max_hp_gain":0,"max_hp_loss":0,"event_name":"The Cleric","floor":5,"gold_loss":75},{"damage_healed":0,"gold_gain":0,"player_choice":"Searched \u00272\u0027 times","damage_taken":0,"relics_obtained":["Potion Belt"],"max_hp_gain":0,"max_hp_loss":0,"event_name":"Dead Adventurer","floor":13,"gold_loss":0}],"is_beta":false,"boss_relics":[],"items_purged_floors":[],"is_endless":false,"potions_floor_spawned":[3,6],"killed_by":"Lagavulin Event","ascension_level":17}