{"gold_per_floor":[116,130,130,150,75,105,105,121,146,221,53,3,18,39,39,140,140,159,159,159,83,100,100,100],"floor_reached":24,"playtime":1255,"items_purged":["Strike_B","Strike_B"],"score":262,"play_id":"4cff7124-ce4e-47db-a8a1-8545a5a212a6","local_time":"20180822100808","is_ascension_mode":true,"campfire_choices":[{"floor":7,"key":"REST"},{"data":"Zap","floor":15,"key":"SMITH"},{"floor":23,"key":"REST"}],"neow_cost":"TEN_PERCENT_HP_LOSS","seed_source_timestamp":342270705634547,"circlet_count":0,"master_deck":["Strike_B","Defend_B","Defend_B","Defend_B","Defend_B","Zap+1","Dualcast","Core Surge","BootSequence","Rebound","Zap","Ball Lightning","Steam","Hologram","Static Discharge","BootSequence","Hologram","Creative AI","Sweeping Beam","Necronomicurse","Force Field"],"relics":["FrozenCore","Bronze Scales","Potion Belt","Odd Mushroom","Necronomicon"],"potions_floor_usage":[6,16],"damage_taken":[{"damage":7,"enemies":"Jaw Worm","floor":1,"turns":3},{"damage":0,"enemies":"Cultist","floor":2,"turns":3},{"damage":0,"enemies":"2 Louse","floor":4,"turns":3},{"damage":31,"enemies":"Gremlin Nob","floor":6,"turns":4},{"damage":0,"enemies":"Gremlin Gang","floor":8,"turns":4},{"damage":3,"enemies":"Large Slime","floor":13,"turns":3},{"damage":9,"floor":14,"turns":4},{"damage":7,"enemies":"Hexaghost","floor":16,"turns":8},{"damage":12,"enemies":"Chosen","floor":18,"turns":7},{"damage":22,"enemies":"Spheric Guardian","floor":22,"turns":5},{"damage":42,"enemies":"Book of Stabbing","floor":24,"turns":5}],"seed_played":"-8197018502848324161","potions_obtained":[{"floor":1,"key":"PowerPotion"},{"floor":4,"key":"Energy Potion"},{"floor":13,"key":"SkillPotion"}],"is_trial":false,"path_per_floor":["M","M","?","M","$","E","R","M","T","?","$","?","M","?","R","B",null,"M","?","?","$","M","R"],"character_chosen":"DEFECT","items_purchased":["Static Discharge","Force Field"],"campfire_rested":2,"item_purchase_floors":[11,21],"current_hp_per_floor":[61,61,61,61,61,30,50,50,50,50,50,50,47,38,38,31,59,47,47,31,31,9,29,0],"gold":100,"neow_bonus":"THREE_RARE_CARDS","is_prod":false,"is_daily":false,"chose_seed":false,"campfire_upgraded":1,"win_rate":0,"timestamp":1534928888,"path_taken":["M","M","?","M","$","E","R","?","T","?","$","?","M","?","R","BOSS","M","?","?","$","?","R","E"],"build_version":"2018-08-16","purchased_purges":2,"victory":false,"max_hp_per_floor":[68,68,68,68,68,68,68,68,68,68,68,68,68,68,68,68,68,68,68,68,68,68,68,68],"card_choices":[{"not_picked":["Thunder Strike","Seek"],"picked":"Core Surge","floor":0},{"not_picked":["FTL","Streamline"],"picked":"BootSequence","floor":1},{"not_picked":["Turbo","Hello World"],"picked":"Rebound","floor":2},{"not_picked":["Stack","Force Field"],"picked":"Ball Lightning","floor":4},{"not_picked":["Barrage","Blizzard"],"picked":"Steam","floor":6},{"not_picked":["Leap","Turbo"],"picked":"Hologram","floor":8},{"not_picked":["FTL","Steam"],"picked":"BootSequence","floor":13},{"not_picked":["Melter","Thunder Strike"],"picked":"Hologram","floor":14},{"not_picked":["Amplify","Seek"],"picked":"Creative AI","floor":16},{"not_picked":["Fusion","Go for the Eyes"],"picked":"Sweeping Beam","floor":18},{"not_picked":["Turbo","Reboot","Auto Shields"],"picked":"SKIP","floor":22}],"player_experience":585413,"relics_obtained":[{"floor":6,"key":"Bronze Scales"},{"floor":9,"key":"Potion Belt"},{"floor":14,"key":"Odd Mushroom"},{"floor":20,"key":"Necronomicon"}],"event_choices":[{"event_name":"Match and Keep!","player_choice":"1 cards matched","floor":3,"damage_taken":0},{"event_name":"Golden Wing","player_choice":"Gained Gold","floor":10,"damage_taken":0},{"event_name":"The Cleric","player_choice":"Card Removal","floor":12,"damage_taken":0},{"event_name":"Mushrooms","player_choice":"Fought Mushrooms","floor":14,"damage_taken":0},{"event_name":"Vampires","player_choice":"Ignored","floor":19,"damage_taken":0},{"event_name":"Cursed Tome","player_choice":"Obtained Book","floor":20,"damage_taken":0}],"is_beta":false,"boss_relics":[{"not_picked":["Busted Crown","Runic Pyramid"],"picked":"FrozenCore"}],"items_purged_floors":[5,11],"is_endless":false,"potions_floor_spawned":[1,4,13],"killed_by":"Book of Stabbing","ascension_level":7}