{"gold_per_floor":[112,128,128,53,72,106,106,118,142,169,180,200,150,162,162,257,257,272,291,311,17,17,44,54,74,74,74,86,86,86,96,96,96],"floor_reached":33,"playtime":1455,"items_purged":["Strike_R","Strike_R"],"score":283,"play_id":"e0cb2390-2e4e-496d-92a8-ee0836578737","local_time":"20190610200612","is_ascension_mode":false,"campfire_choices":[{"floor":7,"key":"REST"},{"data":"Disarm","floor":15,"key":"SMITH"},{"data":"Immolate","floor":27,"key":"SMITH"},{"data":"Whirlwind","floor":29,"key":"SMITH"},{"floor":32,"key":"REST"}],"neow_cost":"NONE","seed_source_timestamp":150060861946344,"circlet_count":0,"master_deck":["Strike_R+1","Strike_R+1","Defend_R","Defend_R","Defend_R+1","Bash","Shrug It Off+1","Battle Trance","Disarm+1","Immolate+1","Whirlwind+1","Headbutt"],"relics":["Burning Blood","NeowsBlessing","Bronze Scales","War Paint","Omamori","Velvet Choker","MealTicket","Bottled Flame","Shuriken"],"potions_floor_usage":[6,10,24,33,33,33],"damage_taken":[{"damage":0,"enemies":"Small Slimes","floor":1,"turns":1},{"damage":0,"enemies":"2 Louse","floor":2,"turns":1},{"damage":0,"enemies":"Cultist","floor":5,"turns":1},{"damage":28,"enemies":"Gremlin Nob","floor":6,"turns":4},{"damage":10,"enemies":"Large Slime","floor":8,"turns":5},{"damage":15,"enemies":"3 Sentries","floor":10,"turns":7},{"damage":5,"enemies":"2 Fungi Beasts","floor":11,"turns":4},{"damage":0,"enemies":"3 Louse","floor":12,"turns":3},{"damage":2,"enemies":"Blue Slaver","floor":14,"turns":4},{"damage":24,"enemies":"The Guardian","floor":16,"turns":13},{"damage":16,"enemies":"Spheric Guardian","floor":18,"turns":4},{"damage":0,"enemies":"Shell Parasite","floor":19,"turns":6},{"damage":0,"enemies":"Snecko","floor":20,"turns":4},{"damage":30,"enemies":"Book of Stabbing","floor":23,"turns":6},{"damage":0,"enemies":"3 Cultists","floor":24,"turns":3},{"damage":1,"enemies":"Snake Plant","floor":25,"turns":3},{"damage":0,"enemies":"Shelled Parasite and Fungi","floor":28,"turns":3},{"damage":13,"enemies":"Centurion and Healer","floor":31,"turns":4},{"damage":119,"enemies":"Champ","floor":33,"turns":13}],"seed_played":"-3823963362518261889","potions_obtained":[{"floor":5,"key":"Poison Potion"},{"floor":8,"key":"Fire Potion"},{"floor":10,"key":"Block Potion"},{"floor":14,"key":"Regen Potion"},{"floor":18,"key":"GamblersBrew"},{"floor":24,"key":"Swift Potion"},{"floor":25,"key":"Regen Potion"}],"is_trial":false,"path_per_floor":["M","M","?","$","M","E","R","M","T","E","M","M","?","M","R","B",null,"M","M","M","$","?","E","M","M","T","R","M","R","?","M","R","B"],"character_chosen":"IRONCLAD","items_purchased":["MealTicket"],"campfire_rested":2,"item_purchase_floors":[21],"current_hp_per_floor":[80,80,64,64,70,48,72,68,68,59,60,66,66,70,70,52,80,70,76,80,80,80,56,62,67,67,67,73,73,73,66,80,0],"gold":96,"neow_bonus":"THREE_ENEMY_KILL","is_prod":false,"is_daily":false,"chose_seed":false,"campfire_upgraded":3,"win_rate":0,"timestamp":1560211572,"path_taken":["M","M","?","$","M","E","R","M","T","E","M","M","?","M","R","BOSS","M","M","M","$","?","E","M","?","T","R","M","R","?","M","R","BOSS"],"build_version":"2019-01-23","purchased_purges":2,"victory":false,"max_hp_per_floor":[80,80,80,80,80,80,80,80,80,80,80,80,80,80,80,80,80,80,80,80,80,80,80,80,80,80,80,80,80,80,80,80,80],"card_choices":[{"not_picked":["Entrench","True Grit"],"picked":"Shrug It Off","floor":1},{"not_picked":["Seeing Red","Iron Wave","Entrench"],"picked":"SKIP","floor":2},{"not_picked":["Clothesline","Warcry"],"picked":"Battle Trance","floor":5},{"not_picked":["Perfected Strike","Blood for Blood","Barricade"],"picked":"SKIP","floor":6},{"not_picked":["Cleave","Wild Strike","Combust"],"picked":"SKIP","floor":8},{"not_picked":["Corruption","Evolve"],"picked":"Disarm","floor":10},{"not_picked":["Clash","Searing Blow","Rupture"],"picked":"SKIP","floor":11},{"not_picked":["Perfected Strike","Headbutt","Wild Strike"],"picked":"SKIP","floor":12},{"not_picked":["Havoc","True Grit","Twin Strike"],"picked":"SKIP","floor":14},{"not_picked":["Bludgeon","Exhume"],"picked":"Immolate","floor":16},{"not_picked":["Second Wind+1","Armaments+1","Rage"],"picked":"SKIP","floor":18},{"not_picked":["Headbutt+1","Twin Strike","Whirlwind"],"picked":"SKIP","floor":19},{"not_picked":["Anger","True Grit","Flex"],"picked":"SKIP","floor":20},{"not_picked":["Seeing Red","Flex"],"picked":"Whirlwind","floor":23},{"not_picked":["Fire Breathing+1","Twin Strike+1"],"picked":"Headbutt","floor":24},{"not_picked":["Wild Strike","Sword Boomerang","True Grit"],"picked":"SKIP","floor":25},{"not_picked":["Wild Strike","Sword Boomerang","True Grit"],"picked":"SKIP","floor":25},{"not_picked":["Sword Boomerang","Battle Trance+1","Anger"],"picked":"SKIP","floor":28},{"not_picked":["Perfected Strike","Clash","Heavy Blade"],"picked":"SKIP","floor":31}],"player_experience":202251,"relics_obtained":[{"floor":6,"key":"Bronze Scales"},{"floor":9,"key":"War Paint"},{"floor":10,"key":"Omamori"},{"floor":23,"key":"Bottled Flame"},{"floor":26,"key":"Shuriken"}],"event_choices":[{"damage_healed":0,"gold_gain":0,"player_choice":"Entered Light","damage_taken":16,"max_hp_gain":0,"max_hp_loss":0,"event_name":"Shining Light","floor":3,"gold_loss":0,"cards_upgraded":["Strike_R","Strike_R"]},{"cards_removed":["Strike_R"],"damage_healed":0,"gold_gain":0,"player_choice":"Card Removal","damage_taken":0,"max_hp_gain":0,"max_hp_loss":0,"event_name":"The Cleric","floor":13,"gold_loss":50},{"cards_removed":["Defend_R"],"damage_healed":0,"gold_gain":0,"player_choice":"Purged","damage_taken":0,"max_hp_gain":0,"max_hp_loss":0,"event_name":"Purifier","floor":22,"gold_loss":0},{"damage_healed":0,"gold_gain":0,"player_choice":"Ignored","damage_taken":0,"max_hp_gain":0,"max_hp_loss":0,"event_name":"Vampires","floor":30,"gold_loss":0}],"is_beta":false,"boss_relics":[{"not_picked":["White Beast Statue","Orrery"],"picked":"Velvet Choker"}],"items_purged_floors":[4,21],"is_endless":false,"potions_floor_spawned":[5,8,10,14,18,24,25,28],"killed_by":"Champ","ascension_level":0}