{"gold_per_floor":[114,128,144,164,164,164,195,195,195,195,224,242,270,301,301,374,374,388,51,51,51,66,76,88,88,88,88,99,99,112,132,132,132],"floor_reached":33,"playtime":1551,"items_purged":["Strike_R"],"score":498,"play_id":"55523f06-6e9e-40b6-ba00-391011a11b32","local_time":"20190719223151","is_ascension_mode":true,"campfire_choices":[{"data":"Feel No Pain","floor":6,"key":"SMITH"},{"data":"Flame Barrier","floor":8,"key":"SMITH"},{"data":"Shockwave","floor":15,"key":"SMITH"},{"data":"Ghostly","floor":25,"key":"SMITH"},{"data":"Offering","floor":27,"key":"SMITH"},{"floor":29,"key":"REST"},{"data":"Double Tap","floor":32,"key":"SMITH"}],"neow_cost":"TEN_PERCENT_HP_LOSS","seed_source_timestamp":610391911613500,"circlet_count":0,"master_deck":["AscendersBane","Strike_R","Strike_R","Strike_R","Defend_R+1","Defend_R","Defend_R","Defend_R","Bash+1","Power Through","Flame Barrier+1","Feel No Pain+1","Flex","Rage","Shockwave+1","Bludgeon","Spot Weakness","Immolate","Double Tap+1","Heavy Blade","Forethought","Offering+1","Ghostly+1","Ghostly","Ghostly","RitualDagger","Flex","Warcry","Body Slam","Shrug It Off"],"relics":["Burning Blood","Bird Faced Urn","Meat on the Bone","Kunai","Oddly Smooth Stone","Odd Mushroom","Bronze Scales","Busted Crown","Frozen Egg 2"],"potions_floor_usage":[2,11,11,16,16,28,33],"damage_taken":[{"damage":14,"enemies":"2 Louse","floor":1,"turns":3},{"damage":7,"enemies":"Jaw Worm","floor":2,"turns":3},{"damage":1,"enemies":"Cultist","floor":3,"turns":3},{"damage":12,"enemies":"Blue Slaver","floor":4,"turns":7},{"damage":19,"enemies":"3 Sentries","floor":7,"turns":14},{"damage":20,"enemies":"Lagavulin","floor":11,"turns":12},{"damage":8,"enemies":"Large Slime","floor":12,"turns":8},{"damage":22,"enemies":"The Mushroom Lair","floor":13,"turns":7},{"damage":32,"enemies":"Gremlin Nob","floor":14,"turns":4},{"damage":6,"enemies":"Hexaghost","floor":16,"turns":8},{"damage":28,"enemies":"Chosen","floor":18,"turns":6},{"damage":19,"enemies":"Spheric Guardian","floor":22,"turns":7},{"damage":6,"enemies":"3 Cultists","floor":23,"turns":4},{"damage":9,"enemies":"Snecko","floor":24,"turns":6},{"damage":28,"enemies":"Centurion and Healer","floor":28,"turns":7},{"damage":2,"enemies":"Shelled Parasite and Fungi","floor":30,"turns":3},{"damage":13,"enemies":"3 Cultists","floor":31,"turns":5},{"damage":31,"enemies":"Automaton","floor":33,"turns":8}],"seed_played":"3222707304324767300","potions_obtained":[{"floor":1,"key":"AttackPotion"},{"floor":4,"key":"Weak Potion"},{"floor":7,"key":"BloodPotion"},{"floor":13,"key":"AttackPotion"},{"floor":14,"key":"LiquidBronze"},{"floor":24,"key":"Energy Potion"},{"floor":31,"key":"Block Potion"}],"is_trial":false,"path_per_floor":["M","M","M","M","?","R","E","R","T","?","E","M","?","E","R","B",null,"M","$","?","?","M","M","M","R","T","R","M","R","M","M","R","B"],"character_chosen":"IRONCLAD","items_purchased":["Forethought","Offering"],"campfire_rested":1,"item_purchase_floors":[19,19],"current_hp_per_floor":[60,59,64,60,40,40,29,29,29,29,46,46,44,30,30,44,62,42,42,34,28,29,29,28,28,28,28,20,30,34,27,27,0],"gold":132,"neow_bonus":"ONE_RARE_RELIC","is_prod":false,"is_daily":false,"chose_seed":false,"campfire_upgraded":6,"win_rate":0,"timestamp":1563568311,"path_taken":["M","M","M","M","?","R","E","R","T","?","E","?","?","E","R","BOSS","M","$","?","?","M","M","M","R","T","R","M","R","M","?","R","BOSS"],"build_version":"2019-07-17","purchased_purges":1,"victory":false,"max_hp_per_floor":[68,68,68,68,68,68,68,68,68,68,68,68,68,68,68,68,68,68,68,34,34,34,34,34,34,34,34,34,34,34,34,34,34],"card_choices":[{"not_picked":["Dropkick","Perfected Strike"],"picked":"Power Through","floor":1},{"not_picked":["Evolve","Pommel Strike"],"picked":"Flame Barrier","floor":2},{"not_picked":["Infernal Blade","Clash"],"picked":"Feel No Pain","floor":3},{"not_picked":["Sword Boomerang","Seeing Red"],"picked":"Flex","floor":4},{"not_picked":["Clothesline","Havoc"],"picked":"Rage","floor":7},{"not_picked":["Wild Strike","Carnage"],"picked":"Shockwave","floor":11},{"not_picked":["Body Slam","Sword Boomerang"],"picked":"Bludgeon","floor":12},{"not_picked":["Body Slam","Sword Boomerang"],"picked":"Spot Weakness","floor":13},{"not_picked":["Flex","Flame Barrier"],"picked":"Immolate","floor":14},{"not_picked":["Dark Embrace","Brutality"],"picked":"Double Tap","floor":16},{"not_picked":[],"picked":"Heavy Blade","floor":18},{"not_picked":[],"picked":"Flex","floor":22},{"not_picked":["Flex"],"picked":"SKIP","floor":23},{"not_picked":[],"picked":"Warcry","floor":24},{"not_picked":["Twin Strike"],"picked":"SKIP","floor":28},{"not_picked":[],"picked":"Body Slam","floor":30},{"not_picked":[],"picked":"Shrug It Off","floor":31}],"player_experience":1691602,"relics_obtained":[{"floor":7,"key":"Meat on the Bone"},{"floor":9,"key":"Kunai"},{"floor":11,"key":"Oddly Smooth Stone"},{"floor":13,"key":"Odd Mushroom"},{"floor":14,"key":"Bronze Scales"},{"floor":26,"key":"Frozen Egg 2"}],"event_choices":[{"damage_healed":0,"gold_gain":0,"player_choice":"Entered Light","damage_taken":20,"max_hp_gain":0,"max_hp_loss":0,"event_name":"Shining Light","floor":5,"gold_loss":0,"cards_upgraded":["Defend_R","Bash"]},{"cards_removed":["Strike_R"],"damage_healed":0,"gold_gain":0,"player_choice":"Offered Basic","damage_taken":0,"max_hp_gain":0,"max_hp_loss":0,"event_name":"Bonfire Elementals","floor":10,"gold_loss":0},{"damage_healed":0,"gold_gain":0,"player_choice":"Fought Mushrooms","damage_taken":0,"max_hp_gain":0,"max_hp_loss":0,"event_name":"Mushrooms","floor":13,"gold_loss":0},{"damage_healed":0,"gold_gain":0,"player_choice":"Became a Ghost","damage_taken":0,"max_hp_gain":0,"max_hp_loss":34,"event_name":"Ghosts","floor":20,"gold_loss":0,"cards_obtained":["Ghostly","Ghostly","Ghostly"]},{"damage_healed":0,"gold_gain":0,"player_choice":"Joined the Cult","damage_taken":6,"max_hp_gain":0,"max_hp_loss":0,"event_name":"Nest","floor":21,"gold_loss":0,"cards_obtained":["RitualDagger"]}],"is_beta":false,"boss_relics":[{"not_picked":["Coffee Dripper","Runic Pyramid"],"picked":"Busted Crown"}],"items_purged_floors":[19],"is_endless":false,"potions_floor_spawned":[1,4,7,13,14,24,31],"killed_by":"Automaton","ascension_level":17}