{"gold_per_floor":[113,113,126,126,141,168,168,168,168,184,201,236,236,254,254,332,332,345,24,24,41,41,41,51,51,51,63,73,123,140,140],"floor_reached":31,"playtime":1255,"items_purged":[],"score":448,"play_id":"0829720b-8e24-49f5-a9cb-69c79fc144f7","local_time":"20190624132621","is_ascension_mode":true,"campfire_choices":[{"data":"Neutralize","floor":7,"key":"SMITH"},{"data":"Distraction","floor":13,"key":"SMITH"},{"floor":15,"key":"REST"},{"floor":23,"key":"REST"},{"data":"Skewer","floor":25,"key":"SMITH"}],"neow_cost":"NONE","seed_source_timestamp":565429697839500,"circlet_count":0,"master_deck":["AscendersBane","Survivor","Neutralize+1","Backflip","Caltrops","Dagger Spray","Dash","Distraction+1","Deadly Poison","Corpse Explosion","Reflex+1","Envenom","Unload","Noxious Fumes","Leg Sweep+1","Acrobatics","Dodge and Roll","Dash","Sucker Punch","Bouncing Flask","Deadly Poison","Skewer+1","Infinite Blades+1","Accuracy"],"relics":["Ring of the Snake","Singing Bowl","Gremlin Horn","Pantograph","Art of War","Pandora\u0027s Box","Gambling Chip","War Paint"],"potions_floor_usage":[6,11,12,24,28,28,31,31],"damage_taken":[{"damage":0,"enemies":"2 Louse","floor":1,"turns":4},{"damage":0,"enemies":"Jaw Worm","floor":3,"turns":5},{"damage":0,"enemies":"Cultist","floor":5,"turns":5},{"damage":23,"enemies":"3 Sentries","floor":6,"turns":12},{"damage":1,"enemies":"Exordium Thugs","floor":10,"turns":6},{"damage":0,"enemies":"3 Louse","floor":11,"turns":2},{"damage":20,"enemies":"Gremlin Nob","floor":12,"turns":6},{"damage":0,"enemies":"Red Slaver","floor":14,"turns":4},{"damage":33,"enemies":"The Guardian","floor":16,"turns":13},{"damage":17,"enemies":"2 Thieves","floor":18,"turns":4},{"damage":12,"enemies":"Shell Parasite","floor":21,"turns":6},{"damage":22,"enemies":"Centurion and Healer","floor":24,"turns":6},{"damage":3,"enemies":"Snecko","floor":27,"turns":5},{"damage":0,"enemies":"3 Cultists","floor":28,"turns":2},{"damage":28,"enemies":"Shelled Parasite and Fungi","floor":30,"turns":7},{"damage":8,"enemies":"Sentry and Sphere","floor":31,"turns":2}],"seed_played":"4276922442694755543","potions_obtained":[{"floor":1,"key":"AttackPotion"},{"floor":6,"key":"Explosive Potion"},{"floor":11,"key":"Energy Potion"},{"floor":12,"key":"Explosive Potion"},{"floor":21,"key":"SpeedPotion"},{"floor":27,"key":"AttackPotion"},{"floor":28,"key":"SpeedPotion"},{"floor":30,"key":"EssenceOfSteel"}],"is_trial":false,"path_per_floor":["M","$","M","?","M","E","R","?","T","M","M","E","R","M","R","B",null,"M","$","?","M","$","R","M","R","T","M","M","?","M","M"],"character_chosen":"THE_SILENT","items_purchased":["Gambling Chip"],"campfire_rested":2,"item_purchase_floors":[19],"current_hp_per_floor":[65,65,65,54,56,33,33,33,33,32,32,12,12,14,36,28,64,47,47,47,35,35,57,35,35,35,32,34,34,6,0],"gold":140,"neow_bonus":"TEN_PERCENT_HP_BONUS","is_prod":false,"is_daily":false,"chose_seed":false,"campfire_upgraded":3,"win_rate":0,"timestamp":1561375581,"path_taken":["M","$","M","?","M","E","R","?","T","M","M","E","R","M","R","BOSS","M","$","?","M","?","R","?","R","T","M","M","?","M","?"],"build_version":"2019-01-23","purchased_purges":0,"victory":false,"max_hp_per_floor":[72,72,72,72,74,74,74,74,74,74,74,74,74,76,76,76,76,76,76,76,76,76,76,76,76,76,76,78,78,78,78],"card_choices":[{"not_picked":["Concentrate","Escape Plan"],"picked":"Backflip","floor":1},{"not_picked":["Dagger Throw","Outmaneuver"],"picked":"Caltrops","floor":3},{"not_picked":["Bane","Outmaneuver","Setup"],"picked":"Singing Bowl","floor":5},{"not_picked":["Prepared","All Out Attack"],"picked":"Dagger Spray","floor":6},{"not_picked":["Phantasmal Killer","Accuracy"],"picked":"Dash","floor":10},{"not_picked":["Slice","Poisoned Stab"],"picked":"Distraction","floor":11},{"not_picked":["PiercingWail","Blade Dance"],"picked":"Deadly Poison","floor":12},{"not_picked":["Concentrate","Outmaneuver","Underhanded Strike"],"picked":"Singing Bowl","floor":14},{"not_picked":["Wraith Form v2","Phantasmal Killer"],"picked":"Corpse Explosion","floor":16},{"not_picked":["Backflip","Dodge and Roll"],"picked":"Bouncing Flask","floor":18},{"not_picked":["All Out Attack","Slice"],"picked":"Deadly Poison","floor":21},{"not_picked":["Crippling Poison","Bouncing Flask"],"picked":"Skewer","floor":24},{"not_picked":["Backflip","Night Terror"],"picked":"Infinite Blades+1","floor":27},{"not_picked":["Bouncing Flask","Concentrate","Sucker Punch+1"],"picked":"Singing Bowl","floor":28},{"not_picked":["Underhanded Strike","Dagger Throw"],"picked":"Accuracy","floor":30}],"player_experience":1468850,"relics_obtained":[{"floor":6,"key":"Gremlin Horn"},{"floor":9,"key":"Pantograph"},{"floor":12,"key":"Art of War"},{"floor":26,"key":"War Paint"}],"event_choices":[{"damage_healed":0,"gold_gain":0,"player_choice":"Success","damage_taken":11,"relics_obtained":["Singing Bowl"],"max_hp_gain":0,"max_hp_loss":0,"event_name":"Scrap Ooze","floor":4,"gold_loss":0},{"cards_removed":["Strike_G"],"damage_healed":0,"gold_gain":0,"player_choice":"Offered Basic","damage_taken":0,"max_hp_gain":0,"max_hp_loss":0,"event_name":"Bonfire Elementals","floor":8,"gold_loss":0},{"damage_healed":0,"gold_gain":0,"player_choice":"Ignored","damage_taken":0,"max_hp_gain":0,"max_hp_loss":0,"event_name":"Vampires","floor":20,"gold_loss":0},{"damage_healed":0,"gold_gain":50,"player_choice":"Pray","damage_taken":0,"max_hp_gain":0,"max_hp_loss":0,"event_name":"Golden Shrine","floor":29,"gold_loss":0}],"is_beta":false,"boss_relics":[{"not_picked":["Busted Crown","Orrery"],"picked":"Pandora\u0027s Box"}],"items_purged_floors":[],"is_endless":false,"potions_floor_spawned":[1,6,11,12,21,27,28,30],"killed_by":"Sentry and Sphere","ascension_level":16}