{"gold_per_floor":[11,11,11,22,22,22,55,55,80,26,26,43,53,64,64,138,138,151,76,93,143,13,42,58,58,58,78,98,98,108,33,33,33],"floor_reached":33,"playtime":1201,"items_purged":["Strike_R","Strike_R"],"score":521,"play_id":"9dbabd12-40b0-46a2-a6d5-9f6cae7ca4f4","local_time":"20190524184201","is_ascension_mode":true,"campfire_choices":[{"data":"1","floor":6,"key":"LIFT"},{"data":"2","floor":8,"key":"LIFT"},{"data":"3","floor":11,"key":"LIFT"},{"data":"Heavy Blade","floor":15,"key":"SMITH"},{"data":"Armaments","floor":25,"key":"SMITH"},{"floor":29,"key":"REST"},{"data":"Double Tap","floor":32,"key":"SMITH"}],"neow_cost":"NO_GOLD","seed_source_timestamp":314410680692702,"circlet_count":0,"master_deck":["AscendersBane","Strike_R","Strike_R","Defend_R","Defend_R","Defend_R","Defend_R","Bash+1","Heavy Blade+1","Combust","Pommel Strike","Twin Strike","Whirlwind","Double Tap+1","Uppercut+1","Sword Boomerang","Armaments+1","Anger","Battle Trance","Anger+1","Ghostly Armor"],"relics":["Burning Blood","Girya","Dodecahedron","Orichalcum","Blood Vial","White Beast Statue","Shuriken","Matryoshka"],"potions_floor_usage":[16,18,23,27,28,33,33],"damage_taken":[{"damage":4,"enemies":"2 Louse","floor":1,"turns":4},{"damage":12,"enemies":"Cultist","floor":4,"turns":5},{"damage":32,"enemies":"Gremlin Nob","floor":7,"turns":4},{"damage":2,"enemies":"Small Slimes","floor":12,"turns":2},{"damage":5,"enemies":"Looter","floor":13,"turns":2},{"damage":7,"enemies":"Blue Slaver","floor":14,"turns":2},{"damage":35,"enemies":"The Guardian","floor":16,"turns":7},{"damage":11,"enemies":"2 Thieves","floor":18,"turns":3},{"damage":0,"enemies":"Chosen","floor":20,"turns":3},{"damage":55,"enemies":"Slavers","floor":23,"turns":5},{"damage":1,"enemies":"Snecko","floor":24,"turns":4},{"damage":11,"enemies":"Centurion and Healer","floor":27,"turns":4},{"damage":12,"enemies":"Snake Plant","floor":28,"turns":2},{"damage":21,"enemies":"Sentry and Sphere","floor":30,"turns":4},{"damage":38,"enemies":"Champ","floor":33,"turns":6}],"seed_played":"1201609676712662986","potions_obtained":[{"floor":7,"key":"SteroidPotion"},{"floor":14,"key":"Explosive Potion"},{"floor":16,"key":"Explosive Potion"},{"floor":18,"key":"SteroidPotion"},{"floor":23,"key":"GamblersBrew"},{"floor":24,"key":"Explosive Potion"},{"floor":27,"key":"AttackPotion"},{"floor":28,"key":"Strength Potion"}],"is_trial":false,"path_per_floor":["M","?","?","M","$","R","E","R","T","$","R","M","M","M","R","B",null,"M","$","M","?","$","E","M","R","T","M","M","R","M","?","R","B"],"character_chosen":"IRONCLAD","items_purchased":["Pommel Strike","Armaments"],"campfire_rested":1,"item_purchase_floors":[10,22],"current_hp_per_floor":[70,70,70,64,64,64,38,38,38,38,38,44,47,48,48,21,62,59,59,67,67,67,20,27,27,27,24,20,42,29,29,29,0],"gold":33,"neow_bonus":"ONE_RARE_RELIC","is_prod":false,"is_daily":false,"chose_seed":false,"campfire_upgraded":3,"win_rate":0,"timestamp":1558719721,"path_taken":["M","?","?","M","$","R","E","R","T","$","R","M","M","?","R","BOSS","M","$","M","?","$","E","M","R","T","?","M","R","M","?","R","BOSS"],"build_version":"2019-01-23","purchased_purges":2,"victory":false,"max_hp_per_floor":[75,75,75,75,75,75,75,75,75,75,75,75,75,75,75,75,75,75,75,75,75,75,75,75,75,75,75,75,75,75,75,75,75],"card_choices":[{"not_picked":["Pommel Strike","Rage"],"picked":"Disarm","floor":1},{"not_picked":["Corruption","Havoc"],"picked":"Heavy Blade","floor":4},{"not_picked":["Thunderclap","Wild Strike"],"picked":"Combust","floor":7},{"not_picked":["Heavy Blade","Dual Wield"],"picked":"Twin Strike","floor":12},{"not_picked":["Dropkick","Heavy Blade"],"picked":"Whirlwind","floor":13},{"not_picked":["Pommel Strike","Rampage"],"picked":"Double Tap","floor":14},{"not_picked":["Twin Strike","Blood for Blood"],"picked":"Uppercut+1","floor":18},{"not_picked":["Armaments","Carnage"],"picked":"Sword Boomerang","floor":20},{"not_picked":["Sever Soul","Thunderclap"],"picked":"Anger","floor":23},{"not_picked":["Thunderclap","Cleave"],"picked":"Battle Trance","floor":24},{"not_picked":["Seeing Red","Iron Wave"],"picked":"Anger+1","floor":27},{"not_picked":["Havoc","Wild Strike"],"picked":"Ghostly Armor","floor":28},{"not_picked":["Pommel Strike","Combust","Berserk"],"picked":"SKIP","floor":30}],"player_experience":1045381,"relics_obtained":[{"floor":7,"key":"Orichalcum"},{"floor":9,"key":"Blood Vial"},{"floor":23,"key":"Shuriken"},{"floor":26,"key":"Matryoshka"}],"event_choices":[{"damage_healed":0,"gold_gain":0,"player_choice":"Grow","damage_taken":0,"max_hp_gain":0,"max_hp_loss":0,"event_name":"Living Wall","floor":2,"gold_loss":0,"cards_upgraded":["Bash"]},{"cards_removed":["Disarm"],"damage_healed":0,"gold_gain":0,"player_choice":"Gave Card","damage_taken":0,"relics_obtained":["Dodecahedron"],"max_hp_gain":0,"max_hp_loss":0,"event_name":"WeMeetAgain","floor":3,"gold_loss":0},{"damage_healed":0,"gold_gain":50,"player_choice":"Pray","damage_taken":0,"max_hp_gain":0,"max_hp_loss":0,"event_name":"Golden Shrine","floor":21,"gold_loss":0},{"cards_removed":["Strike_R"],"damage_healed":0,"gold_gain":0,"player_choice":"Gave Gold","damage_taken":0,"max_hp_gain":0,"max_hp_loss":0,"event_name":"Beggar","floor":31,"gold_loss":75}],"is_beta":false,"boss_relics":[{"not_picked":["Coffee Dripper","Runic Dome"],"picked":"White Beast Statue"}],"items_purged_floors":[19,22],"is_endless":false,"potions_floor_spawned":[7,14,16,18,20,23,24,27,28,30],"killed_by":"Champ","ascension_level":19}