{"gold_per_floor":[109,121,136,61,79,79,96,113,113,113,125,125,143,157,157,261,261,273,289,113,136,136,136,146,162,162,162,188,89,89,103,103,201,201,221,221,121,0,16,16,16,16,16,26,43,58,58,58,58,58,58,58,38,71,71],"floor_reached":55,"playtime":2834,"items_purged":["After Image","Prepared","Poisoned Stab"],"score":658,"play_id":"d355c8ab-2bec-49c5-abdf-d24d5eb426ea","local_time":"20190608200707","is_ascension_mode":false,"campfire_choices":[{"data":"Backflip","floor":6,"key":"SMITH"},{"data":"Backflip","floor":10,"key":"SMITH"},{"data":"Cloak And Dagger","floor":12,"key":"SMITH"},{"data":"Cloak And Dagger","floor":15,"key":"SMITH"},{"data":"Apotheosis","floor":23,"key":"SMITH"},{"data":"Backstab","floor":27,"key":"SMITH"},{"data":"Backflip","floor":30,"key":"SMITH"},{"floor":32,"key":"REST"},{"floor":40,"key":"RECALL"},{"floor":47,"key":"REST"},{"floor":49,"key":"REST"},{"floor":52,"key":"REST"}],"neow_cost":"NONE","seed_source_timestamp":1304175986540882,"circlet_count":0,"master_deck":["Survivor","Neutralize","Cloak And Dagger+1","Backstab+1","Masterful Stab","Die Die Die","Backflip+1","Quick Slash","Dagger Throw","Escape Plan","Backflip+1","Backflip+1","Cloak And Dagger+1","Die Die Die","Blade Dance","Accuracy","Backstab+1","Apotheosis+1","Malaise","Cloak And Dagger","Deflect+1","Adrenaline","Deflect","Bandage Up","Backstab+1","Terror+1","Backflip"],"relics":["Pandora\u0027s Box","Bag of Marbles","Philosopher\u0027s Stone","Centennial Puzzle","The Courier","Omamori","Fusion Hammer","Red Mask","Art of War"],"potions_floor_usage":[16,16,19,33,39,45,50,50,50],"damage_taken":[{"damage":0,"enemies":"Cultist","floor":1,"turns":2},{"damage":0,"enemies":"Jaw Worm","floor":2,"turns":1},{"damage":0,"enemies":"Small Slimes","floor":3,"turns":2},{"damage":0,"enemies":"3 Louse","floor":5,"turns":1},{"damage":0,"enemies":"Blue Slaver","floor":7,"turns":2},{"damage":0,"enemies":"Exordium Thugs","floor":8,"turns":2},{"damage":0,"enemies":"Exordium Wildlife","floor":11,"turns":1},{"damage":0,"enemies":"2 Fungi Beasts","floor":13,"turns":1},{"damage":0,"enemies":"Lots of Slimes","floor":14,"turns":2},{"damage":2,"enemies":"Hexaghost","floor":16,"turns":6},{"damage":0,"enemies":"3 Byrds","floor":18,"turns":3},{"damage":0,"enemies":"2 Thieves","floor":19,"turns":2},{"damage":0,"enemies":"Centurion and Healer","floor":24,"turns":3},{"damage":12,"enemies":"Cultist and Chosen","floor":25,"turns":3},{"damage":3,"enemies":"Book of Stabbing","floor":28,"turns":4},{"damage":0,"enemies":"Snecko","floor":31,"turns":3},{"damage":16,"enemies":"Automaton","floor":33,"turns":8},{"damage":0,"enemies":"Orb Walker","floor":35,"turns":2},{"damage":0,"enemies":"3 Darklings","floor":39,"turns":3},{"damage":0,"enemies":"Writhing Mass","floor":44,"turns":6},{"damage":1,"enemies":"4 Shapes","floor":45,"turns":1},{"damage":0,"enemies":"3 Darklings","floor":46,"turns":2},{"damage":16,"enemies":"Donu and Deca","floor":50,"turns":12},{"damage":37,"enemies":"Shield and Spear","floor":54,"turns":4},{"damage":37,"enemies":"The Heart","floor":55,"turns":3}],"seed_played":"4269708201256472201","potions_obtained":[{"floor":1,"key":"Block Potion"},{"floor":3,"key":"SteroidPotion"},{"floor":13,"key":"SteroidPotion"},{"floor":16,"key":"Dexterity Potion"},{"floor":25,"key":"SkillPotion"},{"floor":31,"key":"PowerPotion"},{"floor":33,"key":"EssenceOfSteel"},{"floor":35,"key":"AttackPotion"},{"floor":45,"key":"Block Potion"},{"floor":46,"key":"LiquidBronze"}],"is_trial":false,"path_per_floor":["M","M","M","$","M","R","M","M","T","R","M","R","M","M","R","B",null,"M","M","$","T","?","R","M","M","T","R","E","$","R","M","R","B",null,"M","?","$","?","M","R","?","?","T","M","M","M","R","$","R","B",null,"R","$","E","B"],"character_chosen":"THE_SILENT","items_purchased":["Apotheosis","Cloak And Dagger","Backflip"],"campfire_rested":4,"item_purchase_floors":[20,29,53],"current_hp_per_floor":[70,70,70,70,70,70,70,70,70,70,70,70,70,70,70,68,70,70,70,70,70,70,70,70,58,58,58,55,55,55,55,70,54,70,70,70,70,70,70,70,66,66,66,66,65,65,66,66,66,56,66,66,66,29,0],"gold":71,"neow_bonus":"BOSS_RELIC","is_prod":false,"is_daily":false,"chose_seed":false,"campfire_upgraded":7,"win_rate":0,"timestamp":1560038827,"path_taken":["M","M","M","$","M","R","M","M","T","R","M","R","M","M","R","BOSS","M","M","$","?","?","R","?","M","T","R","E","?","R","M","R","BOSS","M","?","$","?","M","R","?","?","T","M","M","?","R","?","R","BOSS","R","$","E","BOSS"],"build_version":"2019-01-23","purchased_purges":3,"victory":false,"max_hp_per_floor":[70,70,70,70,70,70,70,70,70,70,70,70,70,70,70,70,70,70,70,70,70,70,70,70,70,70,70,70,70,70,70,70,70,70,70,70,70,70,70,70,66,66,66,66,66,66,66,66,66,66,66,66,66,66,66],"card_choices":[{"not_picked":["Deflect","Caltrops"],"picked":"Escape Plan","floor":1},{"not_picked":["Flying Knee","Acrobatics","Blade Dance"],"picked":"SKIP","floor":2},{"not_picked":["Prepared","Cloak And Dagger"],"picked":"Backflip","floor":3},{"not_picked":["Slice","Sucker Punch","Finisher"],"picked":"SKIP","floor":5},{"not_picked":["Underhanded Strike","Expertise"],"picked":"Backflip","floor":7},{"not_picked":["Terror","Accuracy"],"picked":"Cloak And Dagger","floor":8},{"not_picked":["Footwork","Deflect"],"picked":"Die Die Die","floor":11},{"not_picked":["Acrobatics","Cloak And Dagger"],"picked":"Blade Dance","floor":13},{"not_picked":["Bouncing Flask","Flechettes"],"picked":"Accuracy","floor":14},{"not_picked":["Unload","Doppelganger"],"picked":"Storm of Steel","floor":16},{"not_picked":["Quick Slash+1","Noxious Fumes","Dagger Spray"],"picked":"SKIP","floor":18},{"not_picked":["All Out Attack+1","Bouncing Flask"],"picked":"Backstab+1","floor":19},{"not_picked":["Dodge and Roll+1","Flechettes","Blade Dance"],"picked":"SKIP","floor":24},{"not_picked":["Calculated Gamble+1","Sucker Punch","Dagger Spray"],"picked":"SKIP","floor":25},{"not_picked":["Dash","Endless Agony"],"picked":"Malaise","floor":28},{"not_picked":["Prepared","Bane"],"picked":"Deflect+1","floor":31},{"not_picked":["Doppelganger","A Thousand Cuts"],"picked":"Adrenaline","floor":33},{"not_picked":["Quick Slash","Expertise+1"],"picked":"Deflect","floor":35},{"not_picked":["Sucker Punch+1","Blur","Slice+1"],"picked":"SKIP","floor":39},{"not_picked":["Swift Strike","Enlightenment"],"picked":"Bandage Up","floor":42},{"not_picked":["Slice+1","Dagger Spray+1","Dagger Throw+1"],"picked":"SKIP","floor":44},{"not_picked":["Endless Agony+1","Deflect+1"],"picked":"Backstab+1","floor":45},{"not_picked":["Finisher+1","Bullet Time"],"picked":"Terror+1","floor":46},{"not_picked":["Eviscerate+1","Flechettes","Backstab+1"],"picked":"SKIP","floor":54}],"player_experience":163892,"relics_obtained":[{"floor":9,"key":"Bag of Marbles"},{"floor":21,"key":"Centennial Puzzle"},{"floor":26,"key":"The Courier"},{"floor":28,"key":"Omamori"},{"floor":54,"key":"Art of War"}],"event_choices":[{"damage_healed":0,"gold_gain":0,"player_choice":"Bought 0 Potions","damage_taken":0,"max_hp_gain":0,"max_hp_loss":0,"event_name":"The Woman in Blue","floor":22,"gold_loss":0},{"cards_removed":["Storm of Steel"],"damage_healed":0,"gold_gain":0,"player_choice":"Removed Skill","damage_taken":0,"max_hp_gain":0,"max_hp_loss":0,"event_name":"Falling","floor":36,"gold_loss":0},{"damage_healed":0,"gold_gain":0,"player_choice":"Paid","damage_taken":0,"relics_obtained":["Red Mask"],"max_hp_gain":0,"max_hp_loss":0,"event_name":"Tomb of Lord Red Mask","floor":38,"gold_loss":121},{"damage_healed":0,"gold_gain":0,"player_choice":"Max HP","damage_taken":0,"max_hp_gain":0,"max_hp_loss":4,"event_name":"Winding Halls","floor":41,"gold_loss":0},{"damage_healed":0,"gold_gain":0,"player_choice":"Memory 1","damage_taken":0,"max_hp_gain":0,"max_hp_loss":0,"event_name":"SensoryStone","floor":42,"gold_loss":0}],"is_beta":false,"boss_relics":[{"not_picked":["Lizard Tail","Runic Dome"],"picked":"Philosopher\u0027s Stone"},{"not_picked":["Orrery","White Beast Statue"],"picked":"Fusion Hammer"}],"items_purged_floors":[4,29,37],"is_endless":false,"potions_floor_spawned":[1,3,13,16,25,31,33,35,45,46],"killed_by":"The Heart","ascension_level":0}