{"gold_per_floor":[110,22,22,37,37,37,65,65,65,95,95,170,241,241,241,318,318,335,352,352,362,379,379],"floor_reached":23,"playtime":1051,"items_purged":[],"score":374,"play_id":"765fee85-29bd-4607-9ac5-9dfaecb9a0f9","local_time":"20190616152017","is_ascension_mode":true,"campfire_choices":[{"data":"Creative AI","floor":6,"key":"SMITH"},{"floor":8,"key":"REST"},{"data":"Fission","floor":11,"key":"SMITH"},{"floor":15,"key":"DIG"}],"neow_cost":"NONE","seed_source_timestamp":28265342005611,"circlet_count":0,"master_deck":["AscendersBane","Strike_B","Strike_B","Strike_B","Defend_B","Defend_B","Defend_B","Defend_B","Zap","Dualcast","Tempest","Creative AI+1","Glacier","Loop+1","Fission+1","Electrodynamics","Consume","Coolheaded","Turbo","Chill"],"relics":["Cracked Core","DataDisk","Strawberry","Shovel","Kunai","Happy Flower","Runic Pyramid","Nloth\u0027s Gift"],"potions_floor_usage":[10,10,16,21,22],"damage_taken":[{"damage":3,"enemies":"2 Louse","floor":1,"turns":3},{"damage":7,"enemies":"Jaw Worm","floor":4,"turns":4},{"damage":15,"enemies":"Lagavulin","floor":7,"turns":11},{"damage":8,"enemies":"Gremlin Nob","floor":10,"turns":3},{"damage":15,"enemies":"The Guardian","floor":16,"turns":8},{"damage":0,"enemies":"2 Thieves","floor":18,"turns":1},{"damage":9,"enemies":"Spheric Guardian","floor":19,"turns":4},{"damage":14,"enemies":"3 Cultists","floor":21,"turns":3},{"damage":30,"enemies":"Shelled Parasite and Fungi","floor":22,"turns":7},{"damage":23,"enemies":"Slavers","floor":23,"turns":1}],"seed_played":"-2144092700022264343","potions_obtained":[{"floor":1,"key":"Fire Potion"},{"floor":7,"key":"Poison Potion"},{"floor":10,"key":"Regen Potion"},{"floor":16,"key":"PowerPotion"},{"floor":19,"key":"Fire Potion"},{"floor":21,"key":"Swift Potion"}],"is_trial":false,"path_per_floor":["M","$","?","M","?","R","E","R","T","E","R","?","T","?","R","B",null,"M","M","?","M","M","E"],"character_chosen":"DEFECT","items_purchased":["Creative AI"],"campfire_rested":1,"item_purchase_floors":[2],"current_hp_per_floor":[61,61,61,54,47,47,32,53,60,52,52,41,41,41,41,41,69,69,60,60,46,16,0],"gold":379,"neow_bonus":"RANDOM_COMMON_RELIC","is_prod":false,"is_daily":false,"chose_seed":false,"campfire_upgraded":2,"win_rate":0,"timestamp":1560694817,"path_taken":["M","$","?","M","?","R","E","R","T","E","R","?","?","?","R","BOSS","M","?","?","M","M","E"],"build_version":"2019-01-23","purchased_purges":0,"victory":false,"max_hp_per_floor":[71,71,71,71,71,71,71,71,78,78,78,78,78,78,78,78,78,78,78,78,78,78,78],"card_choices":[{"not_picked":["Barrage","Hologram"],"picked":"Tempest","floor":1},{"not_picked":["Capacitor","Compile Driver"],"picked":"Glacier","floor":4},{"not_picked":["Thunder Strike","Darkness"],"picked":"Loop","floor":7},{"not_picked":["Tempest","Sweeping Beam"],"picked":"Fission","floor":10},{"not_picked":["Machine Learning","Rainbow"],"picked":"Electrodynamics","floor":16},{"not_picked":["Darkness","Streamline"],"picked":"Consume","floor":18},{"not_picked":["Leap","Beam Cell"],"picked":"Coolheaded","floor":19},{"not_picked":["Scrape","Rebound"],"picked":"Turbo","floor":21},{"not_picked":["Streamline","Redo"],"picked":"Chill","floor":22}],"player_experience":1081075,"relics_obtained":[{"floor":7,"key":"Nunchaku"},{"floor":9,"key":"Strawberry"},{"floor":10,"key":"Shovel"},{"floor":13,"key":"Kunai"},{"floor":15,"key":"Happy Flower"}],"event_choices":[{"damage_healed":0,"gold_gain":0,"player_choice":"Ignored","damage_taken":0,"max_hp_gain":0,"max_hp_loss":0,"event_name":"Shining Light","floor":3,"gold_loss":0},{"cards_removed":["Strike_B"],"damage_healed":0,"gold_gain":0,"player_choice":"Card Removal","damage_taken":7,"max_hp_gain":0,"max_hp_loss":0,"event_name":"Golden Wing","floor":5,"gold_loss":0},{"damage_healed":0,"gold_gain":75,"player_choice":"Gather Gold","damage_taken":11,"max_hp_gain":0,"max_hp_loss":0,"event_name":"World of Goop","floor":12,"gold_loss":0},{"damage_healed":0,"gold_gain":0,"player_choice":"Upgraded","damage_taken":0,"max_hp_gain":0,"max_hp_loss":0,"event_name":"Upgrade Shrine","floor":14,"gold_loss":0,"cards_upgraded":["Loop"]},{"damage_healed":0,"gold_gain":0,"player_choice":"Traded Relic","damage_taken":0,"relics_obtained":["Nloth\u0027s Gift"],"max_hp_gain":0,"max_hp_loss":0,"event_name":"N\u0027loth","floor":20,"relics_lost":["Nunchaku"],"gold_loss":0}],"is_beta":false,"boss_relics":[{"not_picked":["Lizard Tail","Empty Cage"],"picked":"Runic Pyramid"}],"items_purged_floors":[],"is_endless":false,"potions_floor_spawned":[1,7,10,16,19,21],"killed_by":"Slavers","ascension_level":18}