{"gold_per_floor":[119,44,54,104,123,123,198,213,263,263,263,280,280,327,327,327],"floor_reached":16,"playtime":260,"items_purged":[],"score":162,"play_id":"3e487664-b7b2-400d-8969-c29ee5989cb5","local_time":"20190523174952","is_ascension_mode":true,"campfire_choices":[{"data":"Bash","floor":6,"key":"SMITH"},{"data":"Barricade","floor":10,"key":"SMITH"},{"floor":13,"key":"REST"},{"floor":15,"key":"REST"}],"neow_cost":"NONE","seed_source_timestamp":844957583015300,"circlet_count":0,"master_deck":["AscendersBane","Strike_R","Strike_R","Strike_R+1","Strike_R","Defend_R","Defend_R","Defend_R","Defend_R","Bash+1","Clothesline","Thunderclap","Twin Strike+1","Barricade+1","Anger"],"relics":["Burning Blood","NeowsBlessing","Whetstone","Blood Vial","Anchor"],"potions_floor_usage":[12,16],"damage_taken":[{"damage":0,"enemies":"Cultist","floor":1,"turns":1},{"damage":0,"enemies":"Jaw Worm","floor":3,"turns":1},{"damage":0,"enemies":"Small Slimes","floor":5,"turns":1},{"damage":19,"enemies":"3 Louse","floor":8,"turns":3},{"damage":6,"enemies":"Looter","floor":12,"turns":3},{"damage":59,"enemies":"The Guardian","floor":16,"turns":12}],"seed_played":"1009603670089494286","potions_obtained":[{"floor":3,"key":"Poison Potion"},{"floor":8,"key":"Weak Potion"}],"is_trial":false,"path_per_floor":["M","?","M","?","M","R","?","M","T","R","?","M","R","T","R","B"],"character_chosen":"IRONCLAD","items_purchased":[],"campfire_rested":2,"item_purchase_floors":[],"current_hp_per_floor":[74,74,75,68,74,74,63,50,50,50,5,7,29,29,51,0],"gold":327,"neow_bonus":"THREE_ENEMY_KILL","is_prod":false,"is_daily":false,"chose_seed":false,"campfire_upgraded":2,"win_rate":0,"timestamp":1558626592,"path_taken":["M","?","M","?","?","R","?","M","T","R","?","M","R","?","R","BOSS"],"build_version":"2019-01-23","purchased_purges":0,"victory":false,"max_hp_per_floor":[75,75,75,75,75,75,75,75,75,75,75,75,75,75,75,75],"card_choices":[{"not_picked":["True Grit","Havoc"],"picked":"Clothesline","floor":1},{"not_picked":["Carnage","Searing Blow"],"picked":"Thunderclap","floor":3},{"not_picked":["Intimidate","Perfected Strike"],"picked":"Twin Strike","floor":5},{"not_picked":["Blood for Blood","Fire Breathing"],"picked":"Barricade","floor":8},{"not_picked":["Wild Strike","True Grit"],"picked":"Anger","floor":12}],"player_experience":1188406,"relics_obtained":[{"floor":9,"key":"Whetstone"},{"floor":14,"key":"Anchor"}],"event_choices":[{"cards_removed":["Strike_R"],"damage_healed":0,"gold_gain":0,"player_choice":"Card Removal","damage_taken":0,"max_hp_gain":0,"max_hp_loss":0,"event_name":"The Cleric","floor":2,"gold_loss":75},{"damage_healed":0,"gold_gain":50,"player_choice":"Touch","damage_taken":7,"max_hp_gain":0,"max_hp_loss":0,"event_name":"FaceTrader","floor":4,"gold_loss":0},{"damage_healed":0,"gold_gain":75,"player_choice":"Gather Gold","damage_taken":11,"max_hp_gain":0,"max_hp_loss":0,"event_name":"World of Goop","floor":7,"gold_loss":0},{"damage_healed":0,"gold_gain":0,"player_choice":"Success","damage_taken":45,"relics_obtained":["Blood Vial"],"max_hp_gain":0,"max_hp_loss":0,"event_name":"Scrap Ooze","floor":11,"gold_loss":0}],"is_beta":false,"boss_relics":[],"items_purged_floors":[],"is_endless":false,"potions_floor_spawned":[3,8],"killed_by":"The Guardian","ascension_level":16}