{"gold_per_floor":[118,118,118,131,131,131,159,159,183,183,202,202,213,213,213,287,287,304,84,102,102,24,24,56,106,175,175,190,190],"floor_reached":29,"playtime":699,"items_purged":["Defend_R"],"score":430,"play_id":"a3dc29ad-5d9f-442a-8d34-69ba8c3e3725","local_time":"20190609132758","is_ascension_mode":true,"campfire_choices":[{"data":"Clothesline","floor":6.0,"key":"SMITH"},{"data":"Perfected Strike","floor":8.0,"key":"SMITH"},{"floor":10,"key":"REST"},{"data":"Evolve","floor":12,"key":"SMITH"},{"data":"Perfected Strike","floor":15,"key":"SMITH"},{"data":"Offering","floor":23,"key":"SMITH"},{"floor":27,"key":"REST"}],"neow_cost":"NONE","seed_source_timestamp":204450381271000,"circlet_count":0,"master_deck":["AscendersBane","Strike_R","Strike_R","Strike_R","Strike_R","Strike_R","Defend_R","Defend_R","Defend_R","Bash+1","Anger+1","Clothesline+1","Perfected Strike+1","Evolve+1","Perfected Strike+1","Offering+1","Reckless Charge+1","Inflame","True Grit","Headbutt","Power Through","Wild Strike","Twin Strike+1"],"special_seed":0,"relics":["Burning Blood","Question Card","Bag of Marbles","Busted Crown","Enchiridion","Strawberry","Molten Egg 2"],"potions_floor_usage":[16,29],"damage_taken":[{"damage":11.0,"enemies":"2 Louse","floor":1.0,"turns":3.0},{"damage":0.0,"enemies":"Cultist","floor":4.0,"turns":2.0},{"damage":40.0,"enemies":"3 Sentries","floor":7.0,"turns":8.0},{"damage":7,"enemies":"Jaw Worm","floor":11,"turns":2},{"damage":0,"enemies":"Large Slime","floor":13,"turns":4},{"damage":18,"enemies":"Slime Boss","floor":16,"turns":9},{"damage":8,"enemies":"Chosen","floor":18,"turns":3},{"damage":12,"enemies":"Spheric Guardian","floor":20,"turns":3},{"damage":40,"enemies":"Slavers","floor":24,"turns":5},{"damage":29,"enemies":"Snecko","floor":28,"turns":5},{"damage":22,"enemies":"Book of Stabbing","floor":29,"turns":2}],"seed_played":"-6998134344364003411","potions_obtained":[{"floor":7.0,"key":"Ancient Potion"},{"floor":16,"key":"Fruit Juice"},{"floor":28,"key":"Poison Potion"}],"is_trial":false,"path_per_floor":["M","?","$","M","$","R","E","R","T","R","M","R","M","?","R","B",null,"M","$","M","?","$","R","E","?","T","R","M","E"],"character_chosen":"IRONCLAD","items_purchased":["Inflame","True Grit","Power Through"],"campfire_rested":2,"item_purchase_floors":[19,19,22],"current_hp_per_floor":[63,63,63,69,69,69,35,35,35,57,56,56,62,62,62,55,74,72,72,66,45,45,45,18,18,18,44,21,0],"gold":190,"neow_bonus":"UPGRADE_CARD","is_prod":false,"is_daily":false,"chose_seed":false,"campfire_upgraded":5,"win_rate":0,"timestamp":1560079678,"path_taken":["M","?","$","M","?","R","E","R","T","R","M","R","M","?","R","BOSS","M","$","M","?","$","R","E","?","T","R","M","E"],"build_version":"2019-01-23","purchased_purges":1,"victory":false,"max_hp_per_floor":[75,75,75,75,75,75,75,75,75,75,75,75,75,75,75,80,80,80,80,80,80,80,80,87,87,87,87,87,87],"card_choices":[{"not_picked":["Shrug It Off","Battle Trance"],"picked":"Anger","floor":1.0},{"not_picked":["Sword Boomerang","Sever Soul"],"picked":"Clothesline","floor":4.0},{"not_picked":["Burning Pact","Pommel Strike"],"picked":"Perfected Strike","floor":7.0},{"not_picked":["Clothesline","Cleave","Sever Soul"],"picked":"Evolve","floor":11},{"not_picked":["Blood for Blood","Second Wind","Bloodletting"],"picked":"Perfected Strike","floor":13},{"not_picked":["Dark Embrace","Immolate","Brutality"],"picked":"Offering","floor":16},{"not_picked":["Thunderclap+1"],"picked":"Reckless Charge+1","floor":18},{"not_picked":["Combust"],"picked":"Headbutt","floor":20},{"not_picked":["Pommel Strike+1"],"picked":"Wild Strike","floor":24},{"not_picked":["Impervious"],"picked":"Twin Strike+1","floor":28}],"player_experience":1252177,"relics_obtained":[{"floor":7.0,"key":"Question Card"},{"floor":9.0,"key":"Bag of Marbles"},{"floor":21,"key":"Enchiridion"},{"floor":24,"key":"Strawberry"},{"floor":26,"key":"Molten Egg 2"}],"event_choices":[{"damage_healed":0.0,"max_hp_gain":0.0,"max_hp_loss":0.0,"gold_gain":0.0,"event_name":"Upgrade Shrine","player_choice":"Upgraded","floor":2.0,"gold_loss":0.0,"damage_taken":0.0,"cards_upgraded":["Anger"]},{"damage_healed":0,"gold_gain":0,"player_choice":"Ignored","damage_taken":0,"max_hp_gain":0,"max_hp_loss":0,"event_name":"Liars Game","floor":14,"gold_loss":0},{"damage_healed":0,"gold_gain":0,"player_choice":"Obtained Book","damage_taken":21,"max_hp_gain":0,"max_hp_loss":0,"event_name":"Cursed Tome","floor":21,"gold_loss":0},{"damage_healed":0,"gold_gain":50,"player_choice":"Stole From Cult","damage_taken":0,"max_hp_gain":0,"max_hp_loss":0,"event_name":"Nest","floor":25,"gold_loss":0}],"is_beta":false,"boss_relics":[{"not_picked":["White Beast Statue","Orrery"],"picked":"Busted Crown"}],"items_purged_floors":[19],"is_endless":false,"potions_floor_spawned":[7,16,28],"killed_by":"Book of Stabbing","ascension_level":16}