{"gold_per_floor":[117,132,282,294,311,367,367,367,367,367,386,83,97,123,123,200,200,200,200,143,143,63,63],"floor_reached":23,"playtime":931,"items_purged":["Strike_B"],"score":402,"play_id":"067d9a06-c2b2-4393-997d-2229411463c8","local_time":"20190929213433","is_ascension_mode":true,"campfire_choices":[{"data":"Defragment","floor":7,"key":"SMITH"},{"floor":10,"key":"REST"},{"data":"Zap","floor":15,"key":"SMITH"}],"neow_cost":"NONE","seed_source_timestamp":357690331535900,"circlet_count":0,"master_deck":["AscendersBane","Defend_B","Defend_B","Defend_B","Defend_B","Zap+1","Dualcast","Rip and Tear","Beam Cell","Defragment+1","Cold Snap","Core Surge","Buffer","Sweeping Beam","Echo Form","Capacitor","Hologram","Capacitor","Electrodynamics","Defragment+1","Glacier+1","Ball Lightning+1"],"relics":["Cracked Core","Omamori","Tiny Chest","Bottled Tornado","Lee\u0027s Waffle","Prayer Wheel","Ectoplasm"],"potions_floor_usage":[16,16,22],"damage_taken":[{"damage":1,"enemies":"Cultist","floor":1,"turns":3},{"damage":2,"enemies":"Jaw Worm","floor":2,"turns":2},{"damage":0,"enemies":"Small Slimes","floor":4,"turns":2},{"damage":9,"enemies":"Red Slaver","floor":5,"turns":3},{"damage":29,"enemies":"3 Sentries","floor":6,"turns":6},{"damage":7,"enemies":"2 Fungi Beasts","floor":11,"turns":3},{"damage":21,"enemies":"3 Louse","floor":13,"turns":3},{"damage":20,"enemies":"Gremlin Nob","floor":14,"turns":4},{"damage":17,"enemies":"Hexaghost","floor":16,"turns":8},{"damage":25,"enemies":"Shell Parasite","floor":18,"turns":5},{"damage":19,"enemies":"2 Thieves","floor":22,"turns":3},{"damage":20,"enemies":"Slavers","floor":23,"turns":1}],"seed_played":"8943233287610144676","potions_obtained":[{"floor":6,"key":"Poison Potion"},{"floor":11,"key":"Poison Potion"},{"floor":22,"key":"SteroidPotion"}],"is_trial":false,"path_per_floor":["M","M","?","M","M","E","R","?","T","R","M","$","M","E","R","B",null,"M","?","$","?","M","E"],"character_chosen":"DEFECT","items_purchased":["Lee\u0027s Waffle","Block Potion"],"campfire_rested":1,"item_purchase_floors":[12,20],"current_hp_per_floor":[63,61,61,61,52,23,23,23,23,44,37,78,57,37,37,20,64,39,39,39,39,20,0],"gold":63,"neow_bonus":"RANDOM_COMMON_RELIC","is_prod":false,"is_daily":false,"chose_seed":false,"campfire_upgraded":2,"win_rate":0,"timestamp":1569789273,"path_taken":["M","?","?","M","M","E","R","?","T","R","?","$","M","E","R","BOSS","M","?","$","?","?","E"],"build_version":"2019-07-17","purchased_purges":1,"victory":false,"max_hp_per_floor":[71,71,71,71,71,71,71,71,71,71,71,78,78,78,78,78,78,78,78,78,78,78,78],"card_choices":[{"not_picked":["Steam","Barrage"],"picked":"Rip and Tear","floor":1},{"not_picked":["Rebound","Blizzard"],"picked":"Beam Cell","floor":2},{"not_picked":["Blizzard","Conserve Battery"],"picked":"Defragment","floor":4},{"not_picked":["Consume","White Noise"],"picked":"Cold Snap","floor":5},{"not_picked":["Stack","Compile Driver"],"picked":"Core Surge","floor":6},{"not_picked":["Consume","Sunder","Rip and Tear"],"picked":"SKIP","floor":11},{"not_picked":["Redo","Compile Driver","Auto Shields"],"picked":"SKIP","floor":13},{"not_picked":["Rebound","Force Field"],"picked":"Sweeping Beam","floor":14},{"not_picked":["All For One","Creative AI"],"picked":"Echo Form","floor":16},{"not_picked":["Coolheaded","Hologram"],"picked":"Capacitor","floor":18},{"not_picked":["Barrage","Compile Driver"],"picked":"Hologram","floor":18},{"not_picked":["Turbo+1","Gash"],"picked":"Glacier+1","floor":22},{"not_picked":["Beam Cell","Stack"],"picked":"Ball Lightning+1","floor":22}],"player_experience":1206283,"relics_obtained":[{"floor":6,"key":"Tiny Chest"},{"floor":9,"key":"Bottled Tornado"},{"floor":14,"key":"Prayer Wheel"}],"event_choices":[{"damage_healed":0,"gold_gain":150,"player_choice":"AGREE","damage_taken":0,"max_hp_gain":0,"max_hp_loss":0,"event_name":"Liars Game","floor":3,"gold_loss":0,"cards_obtained":["Doubt"]},{"damage_healed":0,"gold_gain":0,"cards_transformed":["Strike_B"],"player_choice":"Transformed","damage_taken":0,"max_hp_gain":0,"max_hp_loss":0,"event_name":"Transmorgrifier","floor":8,"gold_loss":0,"cards_obtained":["Buffer"]},{"damage_healed":0,"gold_gain":0,"cards_transformed":["Strike_B","Strike_B"],"player_choice":"Became Test Subject","damage_taken":0,"max_hp_gain":0,"max_hp_loss":0,"event_name":"Drug Dealer","floor":19,"gold_loss":0,"cards_obtained":["Capacitor","Electrodynamics"]},{"damage_healed":0,"gold_gain":0,"player_choice":"Copied","damage_taken":0,"max_hp_gain":0,"max_hp_loss":0,"event_name":"Duplicator","floor":21,"gold_loss":0,"cards_obtained":["Defragment"]}],"is_beta":false,"boss_relics":[{"not_picked":["White Beast Statue","Busted Crown"],"picked":"Ectoplasm"}],"items_purged_floors":[12],"is_endless":false,"potions_floor_spawned":[6,11,13,14,22],"killed_by":"Slavers","ascension_level":20}