{"gold_per_floor":[119,134,134,151,171,197,197,197,197,197,209,225,235,245,245,319,319,331,346,346,362,7,7,7,27,51,51,51,67,67,85,85,159,159,171,188,188,241,241,275,289,289],"floor_reached":42,"playtime":2880,"items_purged":["Strike_R"],"score":763,"play_id":"59bb06e7-b6d0-405e-ad8a-a12c157f5457","local_time":"20180908184916","is_ascension_mode":true,"campfire_choices":[{"floor":7,"key":"REST"},{"data":"True Grit","floor":10,"key":"SMITH"},{"data":"Shrug It Off","floor":15,"key":"SMITH"},{"floor":23,"key":"REST"},{"floor":28,"key":"REST"},{"data":"Demon Form","floor":30,"key":"SMITH"},{"floor":32,"key":"REST"}],"neow_cost":"NONE","seed_source_timestamp":1840762113111418,"circlet_count":0,"master_deck":["Strike_R","Strike_R","Defend_R","Defend_R","Defend_R","Defend_R","Bash","AscendersBane","Feed","Spot Weakness","Headbutt","True Grit+1","Spot Weakness","True Grit","Wild Strike","Cleave","Shrug It Off+1","Demon Form+1","Feel No Pain","Sword Boomerang","Disarm","Clothesline+1","Dual Wield+1","Power Through","Barricade","Infernal Blade+1","Fiend Fire","Immolate","Dark Embrace"],"relics":["Burning Blood","Question Card","Pantograph","Snecko Eye","Tiny Chest","Regal Pillow","Bag of Marbles","Dodecahedron","Empty Cage","Peace Pipe","Letter Opener"],"potions_floor_usage":[5,6,18,36,38,40],"damage_taken":[{"damage":7,"enemies":"Jaw Worm","floor":1,"turns":3},{"damage":9,"enemies":"Small Slimes","floor":2,"turns":5},{"damage":1,"enemies":"Cultist","floor":4,"turns":3},{"damage":23,"enemies":"Large Slime","floor":5,"turns":7},{"damage":33,"enemies":"3 Sentries","floor":6,"turns":8},{"damage":18,"enemies":"3 Louse","floor":11,"turns":3},{"damage":0,"enemies":"Exordium Wildlife","floor":12,"turns":3},{"damage":4,"enemies":"Red Slaver","floor":13,"turns":3},{"damage":13,"enemies":"3 Louse","floor":14,"turns":3},{"damage":52,"enemies":"The Guardian","floor":16,"turns":12},{"damage":30,"enemies":"2 Thieves","floor":18,"turns":5},{"damage":42,"enemies":"3 Byrds","floor":19,"turns":6},{"damage":26,"enemies":"Cultist and Chosen","floor":21,"turns":6},{"damage":15,"enemies":"Centurion and Healer","floor":25,"turns":4},{"damage":15,"enemies":"3 Cultists","floor":29,"turns":5},{"damage":15,"enemies":"Cultist and Chosen","floor":31,"turns":8},{"damage":58,"enemies":"Automaton","floor":33,"turns":10},{"damage":0,"enemies":"3 Shapes","floor":35,"turns":1},{"damage":3,"enemies":"Orb Walker","floor":36,"turns":3},{"damage":29,"enemies":"Mysterious Sphere","floor":38,"turns":6},{"damage":30,"enemies":"2 Orb Walkers","floor":40,"turns":4},{"damage":32,"enemies":"Reptomancer","floor":41,"turns":4},{"damage":44,"enemies":"Transient","floor":42,"turns":3}],"seed_played":"2223045074373440870","potions_obtained":[{"floor":1,"key":"EssenceOfSteel"},{"floor":2,"key":"EssenceOfSteel"},{"floor":4,"key":"Strength Potion"},{"floor":16,"key":"Energy Potion"},{"floor":25,"key":"EssenceOfSteel"},{"floor":29,"key":"Fire Potion"},{"floor":36,"key":"SpeedPotion"},{"floor":38,"key":"SteroidPotion"}],"is_trial":false,"path_per_floor":["M","M","?","M","M","E","R","?","T","R","M","M","M","M","R","B",null,"M","M","?","M","$","R","?","M","T","T","R","M","R","M","R","B",null,"M","M","?","?","?","E","M"],"character_chosen":"IRONCLAD","items_purchased":["Tiny Chest","Regal Pillow"],"campfire_rested":4,"item_purchase_floors":[22,22],"current_hp_per_floor":[67,67,60,65,51,27,52,80,80,80,71,80,85,81,81,50,85,61,28,28,8,8,52,43,34,34,34,78,72,72,63,102,53,92,98,101,101,81,81,57,31,0],"gold":289,"neow_bonus":"ONE_RANDOM_RARE_CARD","is_prod":false,"is_daily":false,"chose_seed":false,"campfire_upgraded":3,"win_rate":0,"timestamp":1536428956,"path_taken":["M","M","?","M","M","E","R","?","T","R","M","M","M","?","R","BOSS","M","M","?","M","$","R","?","M","T","?","R","M","R","M","R","BOSS","M","M","?","?","?","E","?","?"],"build_version":"2018-09-06","purchased_purges":1,"victory":false,"max_hp_per_floor":[75,78,78,78,81,84,84,84,84,84,87,90,93,96,96,96,96,96,99,99,99,99,99,99,99,99,99,99,102,102,102,102,105,105,105,105,105,108,108,108,108,108],"card_choices":[{"not_picked":["Power Through","Pommel Strike"],"picked":"Spot Weakness","floor":1},{"not_picked":["Pummel","Wild Strike"],"picked":"Anger","floor":2},{"not_picked":["True Grit","Entrench"],"picked":"Headbutt","floor":4},{"not_picked":["Wild Strike","Heavy Blade"],"picked":"True Grit","floor":5},{"not_picked":["Sever Soul","Power Through"],"picked":"Spot Weakness","floor":6},{"not_picked":["Anger","Perfected Strike","Reckless Charge"],"picked":"True Grit","floor":11},{"not_picked":["Fire Breathing","Dual Wield","Armaments"],"picked":"Wild Strike","floor":12},{"not_picked":["Body Slam","Corruption","Thunderclap"],"picked":"Cleave","floor":13},{"not_picked":["Fire Breathing","True Grit","Pommel Strike"],"picked":"Shrug It Off","floor":14},{"not_picked":["Offering","Fiend Fire","Juggernaut"],"picked":"Demon Form","floor":16},{"not_picked":["Second Wind","Thunderclap","Spot Weakness+1"],"picked":"Feel No Pain","floor":18},{"not_picked":["Power Through","Flex","Corruption"],"picked":"Sword Boomerang","floor":19},{"not_picked":["Armaments","Combust","Feed"],"picked":"Disarm","floor":21},{"not_picked":["Ghostly Armor","Clash","Armaments"],"picked":"Clothesline+1","floor":25},{"not_picked":["Thunderclap","Shrug It Off","Clothesline"],"picked":"Dual Wield+1","floor":29},{"not_picked":["Twin Strike","Disarm","Metallicize"],"picked":"Power Through","floor":31},{"not_picked":["Brutality","Impervious","Offering"],"picked":"Barricade","floor":33},{"not_picked":["Sword Boomerang","Clothesline","Disarm","Perfected Strike+1"],"picked":"SKIP","floor":35},{"not_picked":["Cleave+1","Sever Soul","Hemokinesis","Second Wind"],"picked":"SKIP","floor":36},{"not_picked":["Sentinel","Warcry","Spot Weakness+1"],"picked":"Infernal Blade+1","floor":38},{"not_picked":["Sword Boomerang+1","Rampage+1","Clothesline"],"picked":"Immolate","floor":40},{"not_picked":["Anger","Wild Strike+1","Perfected Strike"],"picked":"Dark Embrace","floor":41}],"player_experience":696115,"relics_obtained":[{"floor":6,"key":"Question Card"},{"floor":9,"key":"Pantograph"},{"floor":26,"key":"Bag of Marbles"},{"floor":27,"key":"Dodecahedron"},{"floor":38,"key":"Peace Pipe"},{"floor":40,"key":"Letter Opener"}],"event_choices":[{"event_name":"Golden Wing","player_choice":"Card Removal","floor":3,"damage_taken":0},{"event_name":"Big Fish","player_choice":"Banana","floor":8,"damage_taken":0},{"event_name":"Ghosts","player_choice":"Ignored","floor":20,"damage_taken":0},{"event_name":"Knowing Skull","player_choice":"","floor":24,"damage_taken":0},{"event_name":"The Woman in Blue","player_choice":"Bought 0 Potions","floor":37,"damage_taken":0},{"event_name":"Mysterious Sphere","player_choice":"Fight","floor":38,"damage_taken":0},{"event_name":"Match and Keep!","player_choice":"1 cards matched","floor":39,"damage_taken":0}],"is_beta":false,"boss_relics":[{"not_picked":["Sozu","Runic Dome"],"picked":"Snecko Eye"},{"not_picked":["White Beast Statue","Coffee Dripper"],"picked":"Empty Cage"}],"items_purged_floors":[22],"is_endless":false,"potions_floor_spawned":[1,2,4,16,25,29,35,36,38],"killed_by":"Transient","ascension_level":14}