{"gold_per_floor":[12,30,30,105,124,150,150,210,210,210,244,244,264,284,284,363,363,376,394,234,234],"floor_reached":21,"playtime":1013,"items_purged":["Strike_R"],"score":375,"play_id":"2b5be8e3-8680-4c00-8d96-dd4d6eb09409","local_time":"20190703174412","is_ascension_mode":true,"campfire_choices":[{"data":"True Grit","floor":7.0,"key":"SMITH"},{"data":"Flame Barrier","floor":10.0,"key":"SMITH"},{"data":"Double Tap","floor":12.0,"key":"SMITH"},{"floor":15,"key":"REST"}],"neow_cost":"NO_GOLD","seed_source_timestamp":1358741670398400,"circlet_count":0,"master_deck":["AscendersBane","Strike_R","Strike_R","Defend_R","Defend_R","Defend_R","Defend_R","Bash","Anger","Anger","Thunderclap","Whirlwind+1","Anger","True Grit+1","Flame Barrier+1","Iron Wave","Double Tap+1","Spot Weakness","Flex","Feel No Pain","Shrug It Off","Reaper","Rage","Flex+1","Anger+1","Dual Wield"],"special_seed":0,"relics":["Burning Blood","Prayer Wheel","Mummified Hand","Happy Flower","Blood Vial","Shuriken","Empty Cage"],"potions_floor_usage":[14],"damage_taken":[{"damage":6.0,"enemies":"2 Louse","floor":1.0,"turns":4.0},{"damage":12.0,"enemies":"Small Slimes","floor":2.0,"turns":3.0},{"damage":7.0,"enemies":"Jaw Worm","floor":5.0,"turns":3.0},{"damage":23.0,"enemies":"3 Sentries","floor":6.0,"turns":4.0},{"damage":10.0,"enemies":"3 Sentries","floor":8.0,"turns":5.0},{"damage":14.0,"enemies":"Gremlin Nob","floor":11.0,"turns":4.0},{"damage":0.0,"enemies":"2 Fungi Beasts","floor":13.0,"turns":2.0},{"damage":11,"enemies":"Looter","floor":14,"turns":2},{"damage":41,"enemies":"The Guardian","floor":16,"turns":9},{"damage":6,"enemies":"3 Byrds","floor":18,"turns":3},{"damage":32,"enemies":"Chosen","floor":19,"turns":4},{"damage":71,"enemies":"Snecko","floor":21,"turns":6}],"seed_played":"794438834150278429","potions_obtained":[{"floor":2.0,"key":"PowerPotion"},{"floor":5.0,"key":"FearPotion"},{"floor":13,"key":"Poison Potion"}],"is_trial":false,"path_per_floor":["M","M","?","?","M","E","R","?","T","R","E","R","M","M","R","B",null,"M","M","$","M"],"character_chosen":"IRONCLAD","items_purchased":["Dual Wield"],"campfire_rested":1,"item_purchase_floors":[20],"current_hp_per_floor":[68,62,62,51,50,33,33,29,29,29,23,23,31,28,50,17,61,75,49,49,0],"gold":234,"neow_bonus":"ONE_RARE_RELIC","is_prod":false,"is_daily":false,"chose_seed":false,"campfire_upgraded":3,"win_rate":0,"timestamp":1562168652,"path_taken":["M","M","?","?","M","E","R","?","T","R","E","R","M","M","R","BOSS","M","M","$","M"],"build_version":"2019-07-01","purchased_purges":1,"victory":false,"max_hp_per_floor":[75,75,75,75,75,75,75,75,75,75,75,75,75,75,75,75,75,75,75,75,75],"card_choices":[{"not_picked":["Sword Boomerang","Clothesline"],"picked":"Anger","floor":1.0},{"not_picked":["Anger","Seeing Red","Warcry"],"picked":"SKIP","floor":1.0},{"not_picked":["Seeing Red","Warcry"],"picked":"Anger","floor":1.0},{"not_picked":["Wild Strike","Twin Strike"],"picked":"Thunderclap","floor":2.0},{"not_picked":["Shockwave","Shrug It Off"],"picked":"Whirlwind","floor":2.0},{"not_picked":["Iron Wave","Twin Strike"],"picked":"Anger","floor":5.0},{"not_picked":["True Grit","Wild Strike","Burning Pact"],"picked":"SKIP","floor":5.0},{"not_picked":["Wild Strike","Burning Pact"],"picked":"True Grit","floor":5.0},{"not_picked":["Rupture","Fire Breathing"],"picked":"Flame Barrier","floor":6.0},{"not_picked":["Havoc","Wild Strike"],"picked":"Iron Wave","floor":8.0},{"not_picked":["Heavy Blade","Pommel Strike"],"picked":"Double Tap","floor":11.0},{"not_picked":["Dropkick","Corruption"],"picked":"Spot Weakness","floor":13},{"not_picked":["Clothesline","Wild Strike"],"picked":"Flex","floor":13},{"not_picked":["Ghostly Armor","Flame Barrier"],"picked":"Feel No Pain","floor":14},{"not_picked":["Warcry","Evolve"],"picked":"Shrug It Off","floor":14},{"not_picked":["Immolate","Bludgeon"],"picked":"Reaper","floor":16},{"not_picked":["Ghostly Armor","Headbutt"],"picked":"Rage","floor":18},{"not_picked":["Perfected Strike","True Grit"],"picked":"Flex+1","floor":18},{"not_picked":["Clothesline+1","Twin Strike"],"picked":"Anger+1","floor":19},{"not_picked":["Cleave","Iron Wave","Perfected Strike"],"picked":"SKIP","floor":19}],"player_experience":1564652,"relics_obtained":[{"floor":6.0,"key":"Mummified Hand"},{"floor":8.0,"key":"Happy Flower"},{"floor":9.0,"key":"Blood Vial"},{"floor":11.0,"key":"Shuriken"}],"event_choices":[{"damage_healed":0.0,"max_hp_gain":0.0,"max_hp_loss":0.0,"gold_gain":0.0,"event_name":"Living Wall","player_choice":"Grow","floor":3.0,"gold_loss":0.0,"damage_taken":0.0,"cards_upgraded":["Whirlwind"]},{"damage_healed":0.0,"max_hp_gain":0.0,"max_hp_loss":0.0,"gold_gain":75.0,"event_name":"World of Goop","player_choice":"Gather Gold","floor":4.0,"gold_loss":0.0,"damage_taken":11.0},{"damage_healed":0.0,"max_hp_gain":0.0,"max_hp_loss":0.0,"gold_gain":0.0,"event_name":"Dead Adventurer","player_choice":"Searched \u00272\u0027 times","floor":8.0,"gold_loss":0.0,"damage_taken":0.0}],"is_beta":false,"boss_relics":[{"not_picked":["Eternal Feather","Black Star"],"picked":"Empty Cage"}],"items_purged_floors":[20],"is_endless":false,"potions_floor_spawned":[2,5,13],"killed_by":"Snecko","ascension_level":17}