{"gold_per_floor":[115,167,342,417,39,39,368,368,437,143,178,27,27,38,38,115,115,127,127,127,40,52,52,65,17,89,109,126,126,144,156,156,231,231,249,260,29,29],"floor_reached":38,"playtime":1938,"items_purged":["Doubt","Strike_B","Strike_B","Strike_B"],"score":655,"play_id":"4e7e78d5-0db8-4d56-86f7-125f2e3a3676","local_time":"20190316110303","is_ascension_mode":true,"campfire_choices":[{"data":"Zap","floor":6.0,"key":"SMITH"},{"data":"Glacier","floor":13.0,"key":"SMITH"},{"floor":15.0,"key":"REST"},{"data":"Sunder","floor":23.0,"key":"SMITH"},{"floor":29,"key":"DIG"},{"floor":32,"key":"REST"}],"neow_cost":"NONE","seed_source_timestamp":0,"circlet_count":0,"master_deck":["AscendersBane","Defend_B","Defend_B","Defend_B","Defend_B","Zap+1","Dualcast","Glacier+1","Leap","Coolheaded","Melter","BootSequence+1","Sunder+1","Forethought+1","Cold Snap","Coolheaded+1","White Noise+1","Seek+1","Clumsy","Conserve Battery+1","Discovery+1","Conserve Battery+1","Ball Lightning","Gash","Go for the Eyes","Redo+1","Buffer","Sweeping Beam+1","Turbo+1","Creative AI","Barrage","Leap+1","Recycle+1"],"special_seed":0,"relics":["Cracked Core","Orichalcum","PreservedInsect","Runic Capacitor","Old Coin","Toxic Egg 2","Omamori","Calling Bell","Pen Nib","Darkstone Periapt","Shovel","Dream Catcher","Mercury Hourglass","Kunai","Snecko Eye"],"potions_floor_usage":[27,30,33,36],"damage_taken":[{"damage":0.0,"enemies":"Cultist","floor":1.0,"turns":4.0},{"damage":4.0,"enemies":"Lagavulin","floor":7.0,"turns":8.0},{"damage":17.0,"enemies":"Gremlin Nob","floor":11.0,"turns":4.0},{"damage":5.0,"enemies":"2 Louse","floor":14.0,"turns":3.0},{"damage":6.0,"enemies":"The Guardian","floor":16.0,"turns":13.0},{"damage":0.0,"enemies":"3 Byrds","floor":18.0,"turns":7.0},{"damage":3.0,"enemies":"Shell Parasite","floor":22.0,"turns":5.0},{"damage":0.0,"enemies":"Sentry and Sphere","floor":24.0,"turns":4.0},{"damage":14.0,"enemies":"Cultist and Chosen","floor":27.0,"turns":7.0},{"damage":7,"enemies":"Snecko","floor":28,"turns":7},{"damage":11,"enemies":"Centurion and Healer","floor":30,"turns":7},{"damage":12,"enemies":"Snake Plant","floor":31,"turns":4},{"damage":52,"enemies":"Collector","floor":33,"turns":11},{"damage":18,"enemies":"3 Shapes","floor":35,"turns":3},{"damage":21,"enemies":"3 Darklings","floor":36,"turns":5},{"damage":46,"enemies":"Spire Growth","floor":38,"turns":6}],"seed_played":"-8819490043252587415","potions_obtained":[{"floor":11.0,"key":"Fire Potion"},{"floor":14.0,"key":"EntropicBrew"},{"floor":18.0,"key":"FocusPotion"},{"floor":27,"key":"Fruit Juice"},{"floor":31,"key":"PowerPotion"},{"floor":35,"key":"Explosive Potion"}],"is_trial":false,"path_per_floor":["M","T","?","?","$","R","E","?","T","$","E","$","R","M","R","B",null,"M","?","?","$","M","R","M","$","T","M","M","R","M","M","R","B",null,"M","M","$","M"],"character_chosen":"DEFECT","items_purchased":["Runic Capacitor","Leap","Coolheaded","BootSequence+1","Sunder","Forethought+1","Coolheaded+1","Discovery+1","Gash","Recycle+1"],"campfire_rested":2,"item_purchase_floors":[5,5,5,10,10,10,12,21,25,37],"current_hp_per_floor":[68,68,68,57,57,57,53,46,46,46,29,29,29,24,46,40,66,66,72,72,72,69,69,69,69,69,60,53,53,42,30,55,3,65,47,26,26,0],"gold":29,"neow_bonus":"RANDOM_COMMON_RELIC","is_prod":false,"is_daily":false,"chose_seed":false,"campfire_upgraded":3,"win_rate":0,"timestamp":1552730583,"path_taken":["M","?","?","?","$","R","E","?","T","$","E","$","R","M","R","BOSS","M","?","?","?","?","R","M","$","T","M","?","R","M","M","R","BOSS","M","M","$","M"],"build_version":"2019-01-23","purchased_purges":4,"victory":false,"max_hp_per_floor":[75,75,75,75,75,75,75,75,75,75,75,75,75,75,75,75,75,75,81,81,81,81,81,81,81,81,86,86,86,86,86,86,86,86,86,86,86,86],"card_choices":[{"not_picked":["Steam","Loop"],"picked":"Glacier","floor":1.0},{"not_picked":["Turbo","Undo"],"picked":"Melter","floor":7.0},{"not_picked":["Recycle+1","Sweeping Beam"],"picked":"Cold Snap","floor":11.0},{"not_picked":["Streamline","All For One"],"picked":"White Noise+1","floor":14.0},{"not_picked":["Amplify+1","Machine Learning"],"picked":"Seek+1","floor":16.0},{"not_picked":["Sweeping Beam","Defragment"],"picked":"Conserve Battery+1","floor":18.0},{"not_picked":["Streamline","Leap+1"],"picked":"Conserve Battery+1","floor":22.0},{"not_picked":["FTL","Beam Cell"],"picked":"Ball Lightning","floor":24.0},{"not_picked":["Turbo+1","Beam Cell"],"picked":"Go for the Eyes","floor":27},{"not_picked":["Storm","Barrage"],"picked":"Redo+1","floor":28},{"not_picked":["Go for the Eyes","Turbo+1"],"picked":"Buffer","floor":30},{"not_picked":["Hologram+1","Heatsinks"],"picked":"Sweeping Beam+1","floor":31},{"not_picked":["Cold Snap","Steam Power+1"],"picked":"Turbo+1","floor":32},{"not_picked":["Seek+1","Thunder Strike"],"picked":"Creative AI","floor":33},{"not_picked":["Rebound+1","Leap+1"],"picked":"Barrage","floor":35},{"not_picked":["Ball Lightning","Gash"],"picked":"Leap+1","floor":36}],"player_experience":986825,"relics_obtained":[{"floor":2.0,"key":"PreservedInsect"},{"floor":7.0,"key":"Old Coin"},{"floor":9.0,"key":"Toxic Egg 2"},{"floor":11.0,"key":"Omamori"},{"floor":17.0,"key":"Pen Nib"},{"floor":17.0,"key":"Darkstone Periapt"},{"floor":17.0,"key":"Shovel"},{"floor":26.0,"key":"Mercury Hourglass"},{"floor":29,"key":"Kunai"}],"event_choices":[{"damage_healed":0.0,"max_hp_gain":0.0,"max_hp_loss":0.0,"gold_gain":175.0,"event_name":"Liars Game","player_choice":"AGREE","floor":3.0,"gold_loss":0.0,"damage_taken":0.0,"cards_obtained":["Doubt"]},{"damage_healed":0.0,"max_hp_gain":0.0,"max_hp_loss":0.0,"gold_gain":75.0,"event_name":"World of Goop","player_choice":"Gather Gold","floor":4.0,"gold_loss":0.0,"damage_taken":11.0},{"cards_removed":["Strike_B"],"damage_healed":0.0,"max_hp_gain":0.0,"max_hp_loss":0.0,"gold_gain":0.0,"event_name":"Golden Wing","player_choice":"Card Removal","floor":8.0,"gold_loss":0.0,"damage_taken":7.0},{"damage_healed":0.0,"max_hp_gain":0.0,"max_hp_loss":0.0,"gold_gain":0.0,"event_name":"The Mausoleum","player_choice":"Opened","floor":19.0,"gold_loss":0.0,"damage_taken":0.0,"relics_obtained":["Dream Catcher"],"cards_obtained":["Writhe"]},{"cards_removed":["Writhe"],"damage_healed":0.0,"max_hp_gain":0.0,"max_hp_loss":0.0,"gold_gain":0.0,"event_name":"Back to Basics","player_choice":"Elegance","floor":20.0,"gold_loss":0.0,"damage_taken":0.0}],"is_beta":false,"boss_relics":[{"not_picked":["Cursed Key","Fusion Hammer"],"picked":"Calling Bell"},{"not_picked":["Tiny House","Eternal Feather"],"picked":"Snecko Eye"}],"items_purged_floors":[5,10,12,37],"is_endless":false,"potions_floor_spawned":[11,14,18,24,27,31,35],"killed_by":"Spire Growth","ascension_level":13}