{"gold_per_floor":[109,109,128,145,164,164,194,194,221,254,254,273,289,302,302,375,375,394,413,688,30,44,44],"floor_reached":23,"playtime":872,"items_purged":["Strike_G"],"score":369,"play_id":"644154b3-5c36-4de3-adf6-5fceee8e6db3","local_time":"20190617073800","is_ascension_mode":true,"campfire_choices":[{"data":"Neutralize","floor":6,"key":"SMITH"},{"data":"A Thousand Cuts","floor":8,"key":"SMITH"},{"data":"Poisoned Stab","floor":11,"key":"SMITH"},{"floor":15,"key":"REST"}],"neow_cost":"NONE","seed_source_timestamp":16956805772700,"circlet_count":0,"master_deck":["AscendersBane","Defend_G","Defend_G","Defend_G","Defend_G","Defend_G","Strike_G","Strike_G","Strike_G","Strike_G","Survivor","Neutralize+1","Acrobatics","Poisoned Stab+1","Slice","Slice","A Thousand Cuts+1","Slice","Footwork","Backflip","Deflect","Corpse Explosion","Deadly Poison","Deadly Poison","Apotheosis","Footwork","Dash"],"relics":["Ring of the Snake","Ancient Tea Set","Pen Nib","Oddly Smooth Stone","Omamori","Sozu","Bottled Tornado"],"potions_floor_usage":[3,3,5,7,10,14,16,18],"damage_taken":[{"damage":6,"enemies":"Jaw Worm","floor":1,"turns":7},{"damage":0,"enemies":"Cultist","floor":3,"turns":5},{"damage":0,"enemies":"2 Louse","floor":4,"turns":2},{"damage":9,"enemies":"Blue Slaver","floor":5,"turns":5},{"damage":24,"enemies":"Gremlin Nob","floor":7,"turns":4},{"damage":10,"enemies":"3 Sentries","floor":10,"turns":4},{"damage":0,"enemies":"2 Fungi Beasts","floor":12,"turns":2},{"damage":12,"enemies":"Lots of Slimes","floor":13,"turns":2},{"damage":10,"enemies":"Blue Slaver","floor":14,"turns":3},{"damage":5,"enemies":"The Guardian","floor":16,"turns":11},{"damage":13,"enemies":"Spheric Guardian","floor":18,"turns":5},{"damage":8,"enemies":"Shell Parasite","floor":19,"turns":7},{"damage":12,"enemies":"Snake Plant","floor":22,"turns":4},{"damage":25,"enemies":"Book of Stabbing","floor":23,"turns":4}],"seed_played":"-556950490011703367","potions_obtained":[{"floor":2,"key":"Regen Potion"},{"floor":2,"key":"EntropicBrew"},{"floor":7,"key":"Strength Potion"},{"floor":10,"key":"FearPotion"},{"floor":14,"key":"Poison Potion"},{"floor":16,"key":"Swift Potion"}],"is_trial":false,"path_per_floor":["M","?","M","M","M","R","E","R","T","E","R","M","M","M","R","B",null,"M","M","?","$","M","E"],"character_chosen":"THE_SILENT","items_purchased":["Apotheosis","Bottled Tornado","Footwork"],"campfire_rested":1,"item_purchase_floors":[21,21,21],"current_hp_per_floor":[53,53,66,66,57,57,33,33,33,23,23,23,11,1,20,15,53,40,32,32,32,20,0],"gold":44,"neow_bonus":"RANDOM_COMMON_RELIC","is_prod":false,"is_daily":false,"chose_seed":false,"campfire_upgraded":3,"win_rate":0,"timestamp":1560749880,"path_taken":["M","?","M","M","M","R","E","R","T","E","R","M","M","?","R","BOSS","M","M","?","$","?","E"],"build_version":"2019-01-23","purchased_purges":1,"victory":false,"max_hp_per_floor":[66,66,66,66,66,66,66,66,66,66,66,66,66,66,66,66,66,66,66,66,66,66,66],"card_choices":[{"not_picked":["Outmaneuver","Prepared"],"picked":"Acrobatics","floor":1},{"not_picked":["Blade Dance","Deflect"],"picked":"Poisoned Stab","floor":3},{"not_picked":["Acrobatics","Accuracy"],"picked":"Slice","floor":4},{"not_picked":["Outmaneuver","Cloak And Dagger"],"picked":"Slice","floor":5},{"not_picked":["Infinite Blades","Flechettes"],"picked":"A Thousand Cuts","floor":7},{"not_picked":["Terror","Prepared"],"picked":"Slice","floor":10},{"not_picked":["Dagger Spray","Dodge and Roll"],"picked":"Footwork","floor":12},{"not_picked":["Outmaneuver","Cloak And Dagger"],"picked":"Backflip","floor":13},{"not_picked":["Quick Slash","Prepared"],"picked":"Deflect","floor":14},{"not_picked":["Doppelganger","Die Die Die"],"picked":"Corpse Explosion","floor":16},{"not_picked":["Slice","Poisoned Stab"],"picked":"Deadly Poison","floor":18},{"not_picked":["Prepared","Outmaneuver"],"picked":"Deadly Poison","floor":19},{"not_picked":["Bane","Acrobatics+1"],"picked":"Dash","floor":22}],"player_experience":1384721,"relics_obtained":[{"floor":7,"key":"Pen Nib"},{"floor":9,"key":"Oddly Smooth Stone"},{"floor":10,"key":"Omamori"}],"event_choices":[{"damage_healed":0,"gold_gain":0,"player_choice":"Got Potions","damage_taken":0,"max_hp_gain":0,"max_hp_loss":0,"event_name":"Lab","floor":2,"gold_loss":0},{"damage_healed":0,"gold_gain":275,"player_choice":"Desecrate","damage_taken":0,"max_hp_gain":0,"max_hp_loss":0,"event_name":"Golden Shrine","floor":20,"gold_loss":0,"cards_obtained":["Regret"]}],"is_beta":false,"boss_relics":[{"not_picked":["Fusion Hammer","Runic Dome"],"picked":"Sozu"}],"items_purged_floors":[21],"is_endless":false,"potions_floor_spawned":[7,10,14,16,18,22],"killed_by":"Book of Stabbing","ascension_level":16}