{"gold_per_floor":[117,128,128,138,188,219,230,230,230,247,262,326,326,326,326,326],"floor_reached":16,"playtime":631,"items_purged":[],"score":184,"play_id":"0cb9c744-09f0-4565-991e-59ee5c0bc0f9","local_time":"20190609040817","is_ascension_mode":true,"campfire_choices":[{"data":"Feel No Pain","floor":8,"key":"SMITH"},{"floor":13,"key":"REST"},{"data":"Whirlwind","floor":15,"key":"SMITH"}],"neow_cost":"NONE","seed_source_timestamp":170949809903900,"circlet_count":0,"master_deck":["AscendersBane","Strike_R","Strike_R","Strike_R","Strike_R","Strike_R","Defend_R","Defend_R","Defend_R","Defend_R","Bash","Feel No Pain+1","Second Wind","Body Slam","Anger","Seeing Red","Battle Trance","Power Through","Headbutt","Whirlwind+1"],"relics":["Burning Blood","Happy Flower","Dream Catcher","Charon\u0027s Ashes","Sundial","Matryoshka"],"potions_floor_usage":[7,12,12],"damage_taken":[{"damage":2,"enemies":"Small Slimes","floor":1,"turns":4},{"damage":8,"enemies":"Jaw Worm","floor":2,"turns":5},{"damage":2,"enemies":"Cultist","floor":4,"turns":4},{"damage":45,"enemies":"3 Sentries","floor":6,"turns":13},{"damage":12,"enemies":"Large Slime","floor":7,"turns":6},{"damage":5,"enemies":"2 Fungi Beasts","floor":10,"turns":3},{"damage":16,"enemies":"Blue Slaver","floor":11,"turns":4},{"damage":12,"enemies":"Gremlin Nob","floor":12,"turns":4},{"damage":36,"enemies":"Hexaghost","floor":16,"turns":9}],"seed_played":"5628274368927950560","potions_obtained":[{"floor":2,"key":"Dexterity Potion"},{"floor":6,"key":"BloodPotion"},{"floor":10,"key":"Poison Potion"}],"is_trial":false,"path_per_floor":["M","M","?","M","?","E","M","R","T","M","M","?","R","?","R","B"],"character_chosen":"IRONCLAD","items_purchased":[],"campfire_rested":1,"item_purchase_floors":[],"current_hp_per_floor":[72,70,65,69,62,23,24,24,24,25,15,9,31,36,36,0],"gold":326,"neow_bonus":"RANDOM_COMMON_RELIC","is_prod":false,"is_daily":false,"chose_seed":false,"campfire_upgraded":2,"win_rate":0,"timestamp":1560046097,"path_taken":["M","M","?","M","?","E","?","R","T","M","M","?","R","?","R","BOSS"],"build_version":"2019-01-23","purchased_purges":0,"victory":false,"max_hp_per_floor":[75,75,75,75,75,75,75,75,75,75,75,75,75,80,80,80],"card_choices":[{"not_picked":["True Grit","Warcry"],"picked":"Feel No Pain","floor":1},{"not_picked":["True Grit","Disarm"],"picked":"Second Wind","floor":2},{"not_picked":["True Grit","Flex"],"picked":"Body Slam","floor":4},{"not_picked":["Iron Wave","Entrench"],"picked":"Anger","floor":6},{"not_picked":["Clothesline","Body Slam"],"picked":"Seeing Red","floor":7},{"not_picked":["Headbutt","Pommel Strike"],"picked":"Battle Trance","floor":10},{"not_picked":["Havoc","Reaper"],"picked":"Power Through","floor":11},{"not_picked":["Battle Trance","Cleave"],"picked":"Headbutt","floor":12},{"not_picked":["Shockwave","Sever Soul"],"picked":"Whirlwind","floor":13}],"player_experience":1247038,"relics_obtained":[{"floor":6,"key":"Charon\u0027s Ashes"},{"floor":9,"key":"Sundial"},{"floor":12,"key":"Matryoshka"}],"event_choices":[{"damage_healed":0,"gold_gain":0,"player_choice":"Success","damage_taken":5,"relics_obtained":["Dream Catcher"],"max_hp_gain":0,"max_hp_loss":0,"event_name":"Scrap Ooze","floor":3,"gold_loss":0},{"damage_healed":0,"gold_gain":50,"player_choice":"Touch","damage_taken":7,"max_hp_gain":0,"max_hp_loss":0,"event_name":"FaceTrader","floor":5,"gold_loss":0},{"damage_healed":0,"gold_gain":30,"player_choice":"Searched \u00272\u0027 times","damage_taken":0,"max_hp_gain":0,"max_hp_loss":0,"event_name":"Dead Adventurer","floor":12,"gold_loss":0},{"damage_healed":0,"gold_gain":0,"player_choice":"Donut","damage_taken":0,"max_hp_gain":5,"max_hp_loss":0,"event_name":"Big Fish","floor":14,"gold_loss":0}],"is_beta":false,"boss_relics":[],"items_purged_floors":[],"is_endless":false,"potions_floor_spawned":[2,6,10],"killed_by":"Hexaghost","ascension_level":16}