{"gold_per_floor":[115,190,200,215,226,226,260,260,310,345,104,104,104,29,29,100,100,120,120,45,62,62,62,33,33,58,58,58],"floor_reached":28,"playtime":956,"items_purged":["Strike_R"],"score":469,"play_id":"b356a580-0a6b-42d6-90e0-57d34264ac0b","local_time":"20190130010639","is_ascension_mode":true,"campfire_choices":[{"data":"Anger","floor":6.0,"key":"SMITH"},{"data":"Spot Weakness","floor":8.0,"key":"SMITH"},{"data":"Pummel","floor":15.0,"key":"SMITH"},{"floor":23,"key":"REST"},{"data":"Limit Break","floor":27,"key":"SMITH"}],"neow_cost":"TEN_PERCENT_HP_LOSS","seed_source_timestamp":1750745436715439,"circlet_count":0,"master_deck":["AscendersBane","Defend_R","Defend_R","Defend_R","Defend_R","Bash","Shrug It Off","Shockwave","Anger+1","Spot Weakness+1","Pummel+1","Iron Wave","Shrug It Off","Metallicize","Limit Break+1","True Grit","Carnage+1","Bite","Bite","Bite","Bite","Bite","Shrug It Off","Sword Boomerang"],"special_seed":0,"relics":["Burning Blood","Mango","Question Card","Whetstone","Smiling Mask","Mark of Pain","Strawberry"],"potions_floor_usage":[28],"damage_taken":[{"damage":2.0,"enemies":"2 Louse","floor":1.0,"turns":5.0},{"damage":0.0,"enemies":"Small Slimes","floor":3.0,"turns":6.0},{"damage":9.0,"enemies":"Jaw Worm","floor":4.0,"turns":5.0},{"damage":20.0,"enemies":"3 Louse","floor":5.0,"turns":5.0},{"damage":15.0,"enemies":"Lagavulin","floor":7.0,"turns":7.0},{"damage":27.0,"enemies":"3 Sentries","floor":10.0,"turns":7.0},{"damage":42,"enemies":"Hexaghost","floor":16,"turns":10},{"damage":8,"enemies":"3 Byrds","floor":18,"turns":7},{"damage":27,"enemies":"Spheric Guardian","floor":21,"turns":6},{"damage":67,"enemies":"Gremlin Leader","floor":28,"turns":5}],"seed_played":"-8043104434113562622","potions_obtained":[{"floor":3.0,"key":"Energy Potion"},{"floor":7.0,"key":"SteroidPotion"},{"floor":10.0,"key":"Energy Potion"}],"is_trial":false,"path_per_floor":["M","?","M","M","M","R","E","R","T","E","$","?","?","?","R","B",null,"M","?","?","M","?","R","$","?","T","R","E"],"character_chosen":"IRONCLAD","items_purchased":["Iron Wave","Shrug It Off","Metallicize","Shrug It Off"],"campfire_rested":1,"item_purchase_floors":[11,11,11,24],"current_hp_per_floor":[82,71,77,74,60,60,51,51,51,30,30,50,50,50,50,14,63,61,38,38,17,17,34,34,34,41,41,0],"gold":58,"neow_bonus":"ONE_RARE_RELIC","is_prod":false,"is_daily":false,"chose_seed":false,"campfire_upgraded":4,"win_rate":0,"timestamp":1548806799,"path_taken":["M","?","M","M","M","R","E","R","T","E","$","?","?","?","R","BOSS","M","?","?","M","?","R","?","?","T","R","E"],"build_version":"2019-01-23","purchased_purges":1,"victory":false,"max_hp_per_floor":[82,82,82,82,82,82,82,82,82,82,82,82,79,79,79,79,79,79,84,84,84,58,58,58,58,65,65,65],"card_choices":[{"not_picked":["Iron Wave","Armaments"],"picked":"Shrug It Off","floor":1.0},{"not_picked":["Clash","Thunderclap"],"picked":"Shockwave","floor":3.0},{"not_picked":["Second Wind","Reckless Charge","True Grit"],"picked":"SKIP","floor":4.0},{"not_picked":["Sentinel","Burning Pact"],"picked":"Anger","floor":5.0},{"not_picked":["Pommel Strike","Sword Boomerang"],"picked":"Spot Weakness","floor":7.0},{"not_picked":["Infernal Blade","Bloodletting","Blood for Blood"],"picked":"Pummel","floor":10.0},{"not_picked":["Juggernaut","Offering","Immolate"],"picked":"Limit Break","floor":16},{"not_picked":["Havoc","Shockwave","Bloodletting"],"picked":"True Grit","floor":18},{"not_picked":["Clash","Inflame","True Grit"],"picked":"Carnage+1","floor":21}],"player_experience":624514,"relics_obtained":[{"floor":7.0,"key":"Question Card"},{"floor":9.0,"key":"Whetstone"},{"floor":10.0,"key":"Smiling Mask"},{"floor":26,"key":"Strawberry"}],"event_choices":[{"damage_healed":0.0,"max_hp_gain":0.0,"max_hp_loss":0.0,"gold_gain":75.0,"event_name":"World of Goop","player_choice":"Gather Gold","floor":2.0,"gold_loss":0.0,"damage_taken":11.0},{"damage_healed":20.0,"max_hp_gain":0.0,"max_hp_loss":0.0,"gold_gain":0.0,"event_name":"Mushrooms","player_choice":"Healed and dodged fight","floor":12.0,"gold_loss":0.0,"damage_taken":0.0,"cards_obtained":["Parasite"]},{"cards_removed":["Parasite"],"damage_healed":0.0,"max_hp_gain":0.0,"max_hp_loss":0.0,"gold_gain":0.0,"event_name":"Living Wall","player_choice":"Forget","floor":13.0,"gold_loss":0.0,"damage_taken":0.0},{"cards_removed":["Strike_R"],"damage_healed":0.0,"max_hp_gain":0.0,"max_hp_loss":0.0,"gold_gain":0.0,"event_name":"The Cleric","player_choice":"Card Removal","floor":14.0,"gold_loss":75.0,"damage_taken":0.0},{"damage_healed":0,"gold_gain":0,"player_choice":"Shed Blood","damage_taken":28,"max_hp_gain":5,"max_hp_loss":0,"event_name":"Forgotten Altar","floor":19,"gold_loss":0},{"cards_removed":["Strike_R"],"damage_healed":0,"gold_gain":0,"player_choice":"Gave Gold","damage_taken":0,"max_hp_gain":0,"max_hp_loss":0,"event_name":"Beggar","floor":20,"gold_loss":75},{"damage_healed":0,"gold_gain":0,"player_choice":"Became a vampire","damage_taken":0,"max_hp_gain":0,"max_hp_loss":26,"event_name":"Vampires","floor":22,"gold_loss":0,"cards_obtained":["Bite","Bite","Bite","Bite","Bite"]},{"damage_healed":0,"gold_gain":0,"player_choice":"Read","damage_taken":0,"max_hp_gain":0,"max_hp_loss":0,"event_name":"The Library","floor":25,"gold_loss":0,"cards_obtained":["Sword Boomerang"]}],"is_beta":false,"boss_relics":[{"not_picked":["Orrery","Black Star"],"picked":"Mark of Pain"}],"items_purged_floors":[11],"is_endless":false,"potions_floor_spawned":[3,7,10],"killed_by":"Gremlin Leader","ascension_level":20}