{"gold_per_floor":[117,117,134,150,150,150,165,165,246,287,287,300,318,318,318,446,446,462,462,485,505,526,526,542,542,542,542],"floor_reached":27,"playtime":1985,"items_purged":[],"score":282,"play_id":"efffced9-8855-480b-acb2-ecf2d8fe53e7","local_time":"20191013225311","is_ascension_mode":true,"campfire_choices":[{"data":"True Grit","floor":6.0,"key":"SMITH"},{"data":"Inflame","floor":8.0,"key":"SMITH"},{"data":"Pummel","floor":11.0,"key":"SMITH"},{"data":"Heavy Blade","floor":15.0,"key":"SMITH"},{"data":"Metallicize","floor":23.0,"key":"SMITH"},{"data":"Barricade","floor":25.0,"key":"SMITH"}],"neow_cost":"NONE","seed_source_timestamp":358729977061485,"circlet_count":0,"master_deck":["Strike_R","Strike_R","Strike_R","Defend_R","Defend_R","Defend_R","Defend_R","Bash+1","True Grit+1","Headbutt","Feel No Pain","Inflame+1","Pummel+1","Metallicize+1","Heavy Blade+1","Barricade+1","Seeing Red","Spot Weakness","Flame Barrier","Offering","Flame Barrier+1"],"special_seed":0,"relics":["Burning Blood","Golden Idol","Singing Bowl","Ancient Tea Set","Pen Nib","Sozu","Unceasing Top"],"potions_floor_usage":[],"damage_taken":[{"damage":1.0,"enemies":"2 Louse","floor":1.0,"turns":2.0},{"damage":1.0,"enemies":"Cultist","floor":3.0,"turns":4.0},{"damage":0.0,"enemies":"Small Slimes","floor":4.0,"turns":3.0},{"damage":6.0,"enemies":"3 Louse","floor":7.0,"turns":5.0},{"damage":23.0,"enemies":"3 Sentries","floor":10.0,"turns":10.0},{"damage":0.0,"enemies":"2 Fungi Beasts","floor":12.0,"turns":3.0},{"damage":1.0,"enemies":"Blue Slaver","floor":13.0,"turns":4.0},{"damage":5.0,"enemies":"The Guardian","floor":16.0,"turns":10.0},{"damage":11.0,"enemies":"Shell Parasite","floor":18.0,"turns":7.0},{"damage":18.0,"enemies":"2 Thieves","floor":20.0,"turns":3.0},{"damage":9.0,"enemies":"Centurion and Healer","floor":21.0,"turns":5.0},{"damage":8.0,"enemies":"Cultist and Chosen","floor":22.0,"turns":6.0},{"damage":1.0,"enemies":"Chosen and Byrds","floor":24.0,"turns":6.0},{"damage":0,"enemies":"Slavers","floor":27,"turns":1}],"seed_played":"-5483319680053905958","potions_obtained":[{"floor":12.0,"key":"Weak Potion"},{"floor":13.0,"key":"FearPotion"}],"is_trial":false,"path_per_floor":["M","?","M","M","?","R","M","R","T","E","R","M","M","?","R","B",null,"M","?","M","M","M","R","M","R","T","E"],"character_chosen":"IRONCLAD","items_purchased":[],"campfire_rested":0,"item_purchase_floors":[],"current_hp_per_floor":[77,70,75,80,60,60,60,60,60,43,43,49,54,47,47,48,72,67,67,57,54,52,52,57,57,57,57],"gold":542,"neow_bonus":"UPGRADE_CARD","is_prod":false,"is_daily":false,"chose_seed":false,"campfire_upgraded":6,"win_rate":0,"timestamp":1571021591,"path_taken":["M","?","M","M","?","R","M","R","T","E","R","M","M","?","R","BOSS","M","?","M","?","?","R","M","R","T","E"],"build_version":"2019-07-17","purchased_purges":0,"victory":false,"max_hp_per_floor":[80,80,80,80,80,80,80,80,80,80,80,80,80,80,80,80,80,80,80,82,82,82,82,82,82,82,82],"card_choices":[{"not_picked":["Clash","Wild Strike"],"picked":"True Grit","floor":1.0},{"not_picked":["Havoc","Armaments"],"picked":"Headbutt","floor":3.0},{"not_picked":["Iron Wave","Metallicize"],"picked":"Feel No Pain","floor":4.0},{"not_picked":["Seeing Red","True Grit"],"picked":"Inflame","floor":7.0},{"not_picked":["Berserk","Heavy Blade"],"picked":"Pummel","floor":10.0},{"not_picked":["Body Slam","Pommel Strike"],"picked":"Metallicize","floor":12.0},{"not_picked":["True Grit","Pommel Strike"],"picked":"Heavy Blade","floor":13.0},{"not_picked":["Double Tap","Berserk"],"picked":"Barricade","floor":16.0},{"not_picked":["Bloodletting+1","Clothesline"],"picked":"Seeing Red","floor":18.0},{"not_picked":["Clash","Body Slam","Dropkick+1"],"picked":"Singing Bowl","floor":20.0},{"not_picked":["Carnage","Feel No Pain"],"picked":"Flame Barrier","floor":21.0},{"not_picked":["Armaments","Sword Boomerang"],"picked":"Offering","floor":22.0},{"not_picked":["Sword Boomerang","Flex"],"picked":"Flame Barrier+1","floor":24.0}],"player_experience":777029,"relics_obtained":[{"floor":9.0,"key":"Singing Bowl"},{"floor":10.0,"key":"Ancient Tea Set"},{"floor":26,"key":"Unceasing Top"}],"event_choices":[{"cards_removed":["Strike_R"],"damage_healed":0.0,"max_hp_gain":0.0,"max_hp_loss":0.0,"gold_gain":0.0,"event_name":"Golden Wing","player_choice":"Card Removal","floor":2.0,"gold_loss":0.0,"damage_taken":7.0},{"damage_healed":0.0,"max_hp_gain":0.0,"max_hp_loss":0.0,"gold_gain":0.0,"event_name":"Golden Idol","player_choice":"Take Damage","floor":5.0,"gold_loss":0.0,"damage_taken":20.0,"relics_obtained":["Golden Idol"]},{"damage_healed":0.0,"max_hp_gain":0.0,"max_hp_loss":0.0,"gold_gain":0.0,"event_name":"Scrap Ooze","player_choice":"Success","floor":14.0,"gold_loss":0.0,"damage_taken":7.0,"relics_obtained":["Pen Nib"]},{"damage_healed":0.0,"max_hp_gain":0.0,"max_hp_loss":0.0,"gold_gain":0.0,"cards_transformed":["Strike_R"],"event_name":"Transmorgrifier","player_choice":"Transformed","floor":19.0,"gold_loss":0.0,"damage_taken":0.0,"cards_obtained":["Spot Weakness"]}],"is_beta":false,"boss_relics":[{"not_picked":["Empty Cage","Runic Dome"],"picked":"Sozu"}],"items_purged_floors":[],"is_endless":false,"potions_floor_spawned":[12,13,18,21,22],"killed_by":"Slavers","ascension_level":6}