{"gold_per_floor":[111,121,136,148,89,89,99,99,126,158,11,11,11,22,22,22],"floor_reached":16,"playtime":439,"items_purged":[],"score":179,"play_id":"edb9552a-1831-49b9-849c-506dcbdf0e90","local_time":"20190518131327","is_ascension_mode":true,"campfire_choices":[{"data":"Zap","floor":6,"key":"SMITH"},{"floor":15,"key":"REST"}],"neow_cost":"NONE","seed_source_timestamp":396180143714400,"circlet_count":0,"master_deck":["AscendersBane","Strike_B","Strike_B","Strike_B","Strike_B","Defend_B","Defend_B","Defend_B","Defend_B","Zap+1","Dualcast","Rainbow","Ball Lightning","Darkness","Doom and Gloom","Compile Driver","Conserve Battery","Gash","Tempest"],"relics":["Cracked Core","Ancient Tea Set","Art of War","Pen Nib","DataDisk"],"potions_floor_usage":[10,10,16],"damage_taken":[{"damage":0,"enemies":"Cultist","floor":1,"turns":3},{"damage":12,"enemies":"Small Slimes","floor":2,"turns":3},{"damage":7,"enemies":"Jaw Worm","floor":3,"turns":3},{"damage":10,"enemies":"Looter","floor":4,"turns":3},{"damage":1,"enemies":"2 Fungi Beasts","floor":7,"turns":3},{"damage":6,"enemies":"3 Sentries","floor":10,"turns":3},{"damage":5,"enemies":"3 Louse","floor":14,"turns":3},{"damage":36,"enemies":"The Guardian","floor":16,"turns":7}],"seed_played":"3832419464677089206","potions_obtained":[{"floor":2,"key":"PowerPotion"},{"floor":7,"key":"Fire Potion"},{"floor":10,"key":"AttackPotion"}],"is_trial":false,"path_per_floor":["M","M","M","M","?","R","M","?","T","E","$","?","?","M","R","B"],"character_chosen":"DEFECT","items_purchased":["DataDisk"],"campfire_rested":1,"item_purchase_floors":[11],"current_hp_per_floor":[64,52,45,35,35,35,34,23,23,17,17,17,17,12,33,0],"gold":22,"neow_bonus":"ONE_RANDOM_RARE_CARD","is_prod":false,"is_daily":false,"chose_seed":false,"campfire_upgraded":1,"win_rate":0,"timestamp":1558178007,"path_taken":["M","M","?","M","?","R","M","?","T","E","$","?","?","M","R","BOSS"],"build_version":"2019-01-23","purchased_purges":0,"victory":false,"max_hp_per_floor":[71,71,71,71,71,71,71,71,71,71,71,71,71,71,71,71],"card_choices":[{"not_picked":["Steam","Hologram"],"picked":"Ball Lightning","floor":1},{"not_picked":["Rip and Tear","Capacitor"],"picked":"Darkness","floor":2},{"not_picked":["Consume","Tempest"],"picked":"Doom and Gloom","floor":3},{"not_picked":["Redo","Sweeping Beam"],"picked":"Compile Driver","floor":4},{"not_picked":["Skim","Coolheaded"],"picked":"Conserve Battery","floor":7},{"not_picked":["Barrage","Recycle"],"picked":"Gash","floor":10},{"not_picked":["Streamline","Amplify"],"picked":"Tempest","floor":14}],"player_experience":1140188,"relics_obtained":[{"floor":9,"key":"Art of War"},{"floor":10,"key":"Pen Nib"}],"event_choices":[{"damage_healed":0,"gold_gain":0,"player_choice":"Left Gold","damage_taken":0,"max_hp_gain":0,"max_hp_loss":0,"event_name":"World of Goop","floor":5,"gold_loss":59},{"damage_healed":0,"gold_gain":0,"player_choice":"Success","damage_taken":11,"relics_obtained":["Ancient Tea Set"],"max_hp_gain":0,"max_hp_loss":0,"event_name":"Scrap Ooze","floor":8,"gold_loss":0},{"damage_healed":0,"gold_gain":0,"player_choice":"Leave","damage_taken":0,"max_hp_gain":0,"max_hp_loss":0,"event_name":"The Cleric","floor":12,"gold_loss":0},{"damage_healed":0,"gold_gain":0,"player_choice":"Ignored","damage_taken":0,"max_hp_gain":0,"max_hp_loss":0,"event_name":"Shining Light","floor":13,"gold_loss":0}],"is_beta":false,"boss_relics":[],"items_purged_floors":[],"is_endless":false,"potions_floor_spawned":[2,7,10],"killed_by":"The Guardian","ascension_level":15}