{"gold_per_floor":[113,113,35,50,50,68,68,82,82,82,82,111,128,142,142,237,237,252,265,122,136,146,146,71,71,371,371,387,387,140,154,154,154],"floor_reached":33,"playtime":1180,"items_purged":["Strike_B","Defragment"],"score":299,"play_id":"e44d1dad-56f3-45f0-bb30-741c091a72ec","local_time":"20190330230011","is_ascension_mode":true,"campfire_choices":[{"data":"Sunder","floor":7.0,"key":"SMITH"},{"data":"Zap","floor":10.0,"key":"SMITH"},{"data":"Defragment","floor":15.0,"key":"SMITH"},{"data":"Reboot","floor":23,"key":"SMITH"},{"data":"Dualcast","floor":29,"key":"SMITH"},{"data":"Reboot","floor":32,"key":"SMITH"}],"neow_cost":"NONE","seed_source_timestamp":390477957920115,"circlet_count":0,"master_deck":["Defend_B","Defend_B","Defend_B","Defend_B","Zap+1","Dualcast+1","Sunder+1","Genetic Algorithm","Defragment+1","Reboot+1","All For One","Beam Cell+1","Gash+1","Reboot+1"],"special_seed":0,"relics":["Cracked Core","Meat on the Bone","Bottled Tornado","Cursed Key","Pen Nib","Old Coin"],"potions_floor_usage":[21,33,33],"damage_taken":[{"damage":3.0,"enemies":"2 Louse","floor":1.0,"turns":3.0},{"damage":0.0,"enemies":"Cultist","floor":4.0,"turns":3.0},{"damage":2.0,"enemies":"Jaw Worm","floor":6.0,"turns":3.0},{"damage":21.0,"enemies":"Gremlin Gang","floor":8.0,"turns":5.0},{"damage":20.0,"enemies":"Lagavulin","floor":12.0,"turns":7.0},{"damage":0.0,"enemies":"Blue Slaver","floor":13.0,"turns":3.0},{"damage":0.0,"enemies":"Exordium Wildlife","floor":14.0,"turns":2.0},{"damage":6.0,"enemies":"Slime Boss","floor":16.0,"turns":7.0},{"damage":3.0,"enemies":"Chosen","floor":18.0,"turns":4.0},{"damage":17.0,"enemies":"3 Byrds","floor":19.0,"turns":4.0},{"damage":24,"enemies":"Shelled Parasite and Fungi","floor":21,"turns":4},{"damage":19,"enemies":"Sentry and Sphere","floor":22,"turns":4},{"damage":19,"enemies":"Snake Plant","floor":28,"turns":3},{"damage":4,"enemies":"Centurion and Healer","floor":31,"turns":4},{"damage":59,"enemies":"Collector","floor":33,"turns":6}],"seed_played":"7882985228643055657","potions_obtained":[{"floor":6.0,"key":"SkillPotion"},{"floor":8.0,"key":"Block Potion"},{"floor":13.0,"key":"Block Potion"},{"floor":16.0,"key":"Energy Potion"},{"floor":28,"key":"SteroidPotion"},{"floor":31,"key":"Strength Potion"}],"is_trial":false,"path_per_floor":["M","?","$","M","?","M","R","M","T","R","?","E","M","M","R","B",null,"M","M","$","M","M","R","?","T","T","?","M","R","$","M","R","B"],"character_chosen":"DEFECT","items_purchased":["Sunder","Defragment","Reboot"],"campfire_rested":0,"item_purchase_floors":[3,20,30],"current_hp_per_floor":[79,71,71,71,71,69,69,48,48,48,41,33,45,45,45,51,82,79,62,62,50,43,43,43,43,43,43,36,36,36,44,44,0],"gold":154,"neow_bonus":"TEN_PERCENT_HP_BONUS","is_prod":false,"is_daily":false,"chose_seed":false,"campfire_upgraded":6,"win_rate":0,"timestamp":1554012011,"path_taken":["M","?","?","M","?","?","R","M","T","R","?","E","M","M","R","BOSS","M","M","$","M","M","R","?","?","T","?","M","R","$","M","R","BOSS"],"build_version":"2019-01-23","purchased_purges":2,"victory":false,"max_hp_per_floor":[82,82,82,82,82,82,82,82,82,82,82,82,82,82,82,82,82,82,82,82,82,82,82,82,82,82,82,82,82,82,82,82,82],"card_choices":[{"not_picked":["Conserve Battery","Melter","Sweeping Beam"],"picked":"SKIP","floor":1.0},{"not_picked":["Beam Cell","Force Field","Static Discharge"],"picked":"SKIP","floor":4.0},{"not_picked":["Melter","Conserve Battery"],"picked":"Genetic Algorithm","floor":6.0},{"not_picked":["Recycle","Redo"],"picked":"Defragment","floor":8.0},{"not_picked":["FTL","Stack","Hello World"],"picked":"SKIP","floor":13.0},{"not_picked":["FTL","Undo"],"picked":"Reboot","floor":14.0},{"not_picked":["Electrodynamics","Machine Learning"],"picked":"All For One","floor":16.0},{"not_picked":["Scrape","Barrage+1","Ball Lightning"],"picked":"SKIP","floor":18.0},{"not_picked":["Coolheaded","Conserve Battery+1"],"picked":"Beam Cell+1","floor":19.0},{"not_picked":["Streamline+1","Compile Driver+1","Leap"],"picked":"SKIP","floor":21},{"not_picked":["Force Field","Beam Cell"],"picked":"Gash+1","floor":22},{"not_picked":["Rebound","Blizzard+1","Leap"],"picked":"SKIP","floor":28},{"not_picked":["Beam Cell","Fusion","Barrage"],"picked":"SKIP","floor":31}],"player_experience":80647,"relics_obtained":[{"floor":9.0,"key":"Meat on the Bone"},{"floor":12.0,"key":"Bottled Tornado"},{"floor":25,"key":"Pen Nib"},{"floor":26,"key":"Old Coin"}],"event_choices":[{"damage_healed":0.0,"max_hp_gain":0.0,"max_hp_loss":0.0,"gold_gain":0.0,"event_name":"Wheel of Change","player_choice":"Damaged","floor":2.0,"gold_loss":0.0,"damage_taken":8.0},{"cards_removed":["Strike_B"],"damage_healed":0.0,"max_hp_gain":0.0,"max_hp_loss":0.0,"gold_gain":0.0,"event_name":"Bonfire Elementals","player_choice":"Offered Basic","floor":5.0,"gold_loss":0.0,"damage_taken":0.0},{"cards_removed":["Strike_B"],"damage_healed":0.0,"max_hp_gain":0.0,"max_hp_loss":0.0,"gold_gain":0.0,"event_name":"Golden Wing","player_choice":"Card Removal","floor":11.0,"gold_loss":0.0,"damage_taken":7.0},{"cards_removed":["Strike_B"],"damage_healed":0,"gold_gain":0,"player_choice":"Gave Gold","damage_taken":0,"max_hp_gain":0,"max_hp_loss":0,"event_name":"Beggar","floor":24,"gold_loss":75},{"damage_healed":0,"gold_gain":0,"player_choice":"Ignored","damage_taken":0,"max_hp_gain":0,"max_hp_loss":0,"event_name":"Vampires","floor":27,"gold_loss":0}],"is_beta":false,"boss_relics":[{"not_picked":["Runic Pyramid","FrozenCore"],"picked":"Cursed Key"}],"items_purged_floors":[20,30],"is_endless":false,"potions_floor_spawned":[6,8,13,16,28,31],"killed_by":"Collector","ascension_level":4}