{"gold_per_floor":[109,123,138,148,168,168,193,193,193,205,221,15,15,28,28,123,123,139,139,139,153,53,86,86,86,163,176,138,138,13,29,29,133,133,149,1148,622,637,29,29,64,76,88,0,24,36,74,98,110,122],"floor_reached":51,"playtime":2998,"items_purged":["Strike_B","Shame","Strike_B","Normality","Normality"],"score":827,"play_id":"5b273a41-5594-46cc-b1c3-44bd8e3dd701","local_time":"20190918003951","is_ascension_mode":false,"campfire_choices":[{"data":"Zap","floor":6.0,"key":"SMITH"},{"data":"Dualcast","floor":8.0,"key":"SMITH"},{"floor":13.0,"key":"REST"},{"data":"Trip","floor":15.0,"key":"SMITH"},{"data":"Rainbow","floor":25.0,"key":"SMITH"},{"data":"Defragment","floor":29.0,"key":"SMITH"},{"data":"White Noise","floor":32.0,"key":"SMITH"},{"data":"Discovery","floor":40.0,"key":"SMITH"},{"data":"Multi-Cast","floor":42.0,"key":"SMITH"},{"data":"Capacitor","floor":46.0,"key":"SMITH"},{"floor":49,"key":"REST"}],"neow_cost":"NONE","seed_source_timestamp":18751107769893,"circlet_count":0,"master_deck":["Strike_B","Strike_B","Defend_B","Defend_B","Defend_B","Defend_B","Zap+1","Dualcast+1","Cold Snap","Ball Lightning","Doom and Gloom","Glacier","White Noise+1","Ball Lightning","Trip+1","Capacitor+1","Rainbow+1","Redo+1","Defragment+1","Multi-Cast+1","Capacitor","Discovery+1","Storm+1","Conserve Battery+1"],"special_seed":0,"relics":["Cracked Core","Strawberry","Bag of Preparation","Darkstone Periapt","Runic Dome","Enchiridion","Singing Bowl","Bag of Marbles","Eternal Feather","Philosopher\u0027s Stone","Lee\u0027s Waffle","Oddly Smooth Stone","Pantograph","MawBank","Dead Branch","Red Mask","Frozen Egg 2"],"potions_floor_usage":[50],"damage_taken":[{"damage":0.0,"enemies":"Cultist","floor":1.0,"turns":3.0},{"damage":5.0,"enemies":"Small Slimes","floor":2.0,"turns":4.0},{"damage":0.0,"enemies":"2 Louse","floor":3.0,"turns":2.0},{"damage":16.0,"enemies":"Exordium Thugs","floor":4.0,"turns":5.0},{"damage":0.0,"enemies":"Large Slime","floor":5.0,"turns":4.0},{"damage":34.0,"enemies":"Gremlin Nob","floor":7.0,"turns":4.0},{"damage":12.0,"enemies":"Gremlin Gang","floor":10.0,"turns":3.0},{"damage":8.0,"enemies":"3 Louse","floor":11.0,"turns":2.0},{"damage":0.0,"enemies":"Blue Slaver","floor":14.0,"turns":2.0},{"damage":6.0,"enemies":"Slime Boss","floor":16.0,"turns":6.0},{"damage":5.0,"enemies":"Shell Parasite","floor":18.0,"turns":5.0},{"damage":10.0,"enemies":"2 Thieves","floor":21.0,"turns":3.0},{"damage":34.0,"enemies":"Gremlin Leader","floor":23.0,"turns":6.0},{"damage":8.0,"enemies":"Centurion and Healer","floor":27.0,"turns":7.0},{"damage":13.0,"enemies":"Shelled Parasite and Fungi","floor":31.0,"turns":6.0},{"damage":0.0,"enemies":"Champ","floor":33.0,"turns":9.0},{"damage":10.0,"enemies":"3 Shapes","floor":35.0,"turns":3.0},{"damage":21.0,"enemies":"3 Darklings","floor":38.0,"turns":3.0},{"damage":17.0,"enemies":"Giant Head","floor":41.0,"turns":7.0},{"damage":23.0,"enemies":"Jaw Worm Horde","floor":45.0,"turns":4.0},{"damage":14.0,"enemies":"Nemesis","floor":47.0,"turns":8.0},{"damage":22.0,"enemies":"4 Shapes","floor":48.0,"turns":3.0},{"damage":30,"enemies":"Time Eater","floor":50,"turns":9}],"seed_played":"-653375486505207946","potions_obtained":[{"floor":3.0,"key":"Regen Potion"},{"floor":4.0,"key":"GamblersBrew"},{"floor":11.0,"key":"PowerPotion"},{"floor":31.0,"key":"EssenceOfSteel"},{"floor":38.0,"key":"SteroidPotion"},{"floor":47.0,"key":"GamblersBrew"}],"is_trial":false,"path_per_floor":["M","M","M","M","M","R","E","R","T","M","M","$","R","M","R","B",null,"M","?","?","M","$","E","?","R","T","M","$","R","$","M","R","B",null,"M","?","$","M","$","R","E","R","T","?","M","R","E","M","R","B",null],"character_chosen":"DEFECT","items_purchased":["Ball Lightning","Trip","Defragment","Lee\u0027s Waffle","Oddly Smooth Stone","Capacitor","Fruit Juice","Pantograph","Discovery"],"campfire_rested":2,"item_purchase_floors":[12,12,28,37,37,37,39,39,39],"current_hp_per_floor":[82,77,77,61,61,61,27,27,27,15,7,7,31,31,31,25,82,77,61,67,59,59,27,57,57,57,51,51,63,63,52,61,76,96,88,100,117,98,98,115,98,110,110,110,87,99,87,67,117,98],"gold":134,"neow_bonus":"RANDOM_COMMON_RELIC","is_prod":false,"is_daily":false,"chose_seed":false,"campfire_upgraded":9,"win_rate":0,"timestamp":1568788791,"path_taken":["M","M","?","M","M","R","E","R","T","M","M","?","R","M","R","BOSS","M","?","?","M","$","E","?","R","T","?","?","R","?","M","R","BOSS","M","?","?","?","$","R","E","R","T","?","M","R","E","M","R","BOSS"],"build_version":"2019-09-17","purchased_purges":5,"victory":true,"max_hp_per_floor":[82,82,82,82,82,82,82,82,82,82,82,82,82,82,82,82,82,82,82,88,90,90,92,92,92,92,94,94,94,94,96,96,96,96,98,110,117,119,119,124,124,124,124,124,124,124,126,128,128,128],"card_choices":[{"not_picked":["Redo","Streamline","Chill"],"picked":"SKIP","floor":1.0},{"not_picked":["Hologram","Compile Driver"],"picked":"Cold Snap","floor":2.0},{"not_picked":["Steam","Conserve Battery"],"picked":"Ball Lightning","floor":3.0},{"not_picked":["Streamline","Skim","Double Energy"],"picked":"SKIP","floor":4.0},{"not_picked":["Barrage","Steam"],"picked":"Doom and Gloom","floor":5.0},{"not_picked":["Leap","Turbo"],"picked":"Glacier","floor":7.0},{"not_picked":["Hologram","Undo"],"picked":"White Noise","floor":10.0},{"not_picked":["Barrage","Redo","Lockon"],"picked":"SKIP","floor":11.0},{"not_picked":["Gash","Sweeping Beam"],"picked":"Capacitor","floor":14.0},{"not_picked":["Thunder Strike","Amplify"],"picked":"Rainbow","floor":16.0},{"not_picked":["Scrape","Doom and Gloom"],"picked":"Redo+1","floor":18.0},{"not_picked":["Steam","Lockon","Compile Driver"],"picked":"Singing Bowl","floor":21.0},{"not_picked":["Heatsinks","Go for the Eyes","Double Energy+1"],"picked":"Singing Bowl","floor":23.0},{"not_picked":["Force Field","Steam","Sweeping Beam"],"picked":"Singing Bowl","floor":27.0},{"not_picked":["All For One","Force Field","Undo"],"picked":"Singing Bowl","floor":31.0},{"not_picked":["Seek","Meteor Strike"],"picked":"Multi-Cast","floor":33.0},{"not_picked":["Streamline+1","Aggregate","BootSequence"],"picked":"Singing Bowl","floor":35.0},{"not_picked":["Turbo","Sweeping Beam+1","Skim+1"],"picked":"Singing Bowl","floor":38.0},{"not_picked":["Redo+1","Streamline+1"],"picked":"Storm+1","floor":41.0},{"not_picked":["Compile Driver","Steam Power+1"],"picked":"Conserve Battery+1","floor":45.0},{"not_picked":["Beam Cell","Steam","Static Discharge"],"picked":"Singing Bowl","floor":47.0},{"not_picked":["Coolheaded","Streamline","Steam"],"picked":"Singing Bowl","floor":48.0}],"player_experience":1541893,"relics_obtained":[{"floor":7.0,"key":"Bag of Preparation"},{"floor":9.0,"key":"Darkstone Periapt"},{"floor":19.0,"key":"Enchiridion"},{"floor":23.0,"key":"Bag of Marbles"},{"floor":26.0,"key":"Eternal Feather"},{"floor":41.0,"key":"MawBank"},{"floor":43.0,"key":"Dead Branch"},{"floor":47.0,"key":"Frozen Egg 2"}],"event_choices":[{"damage_healed":0.0,"max_hp_gain":0.0,"max_hp_loss":0.0,"gold_gain":0.0,"event_name":"Cursed Tome","player_choice":"Obtained Book","floor":19.0,"gold_loss":0.0,"damage_taken":16.0},{"damage_healed":0.0,"max_hp_gain":0.0,"max_hp_loss":0.0,"gold_gain":0.0,"event_name":"Addict","player_choice":"Stole Relic","floor":20.0,"gold_loss":0.0,"damage_taken":0.0,"relics_obtained":["Singing Bowl"],"cards_obtained":["Shame"]},{"damage_healed":30.0,"max_hp_gain":0.0,"max_hp_loss":0.0,"gold_gain":0.0,"event_name":"The Library","player_choice":"Heal","floor":24.0,"gold_loss":0.0,"damage_taken":0.0},{"damage_healed":0.0,"max_hp_gain":0.0,"max_hp_loss":0.0,"gold_gain":999.0,"event_name":"MindBloom","player_choice":"Gold","floor":36.0,"gold_loss":0.0,"damage_taken":0.0,"cards_obtained":["Normality","Normality"]},{"damage_healed":0.0,"max_hp_gain":0.0,"max_hp_loss":0.0,"gold_gain":0.0,"event_name":"Tomb of Lord Red Mask","player_choice":"Paid","floor":44.0,"gold_loss":100.0,"damage_taken":0.0,"relics_obtained":["Red Mask"]}],"is_beta":true,"boss_relics":[{"not_picked":["SacredBark","Black Star"],"picked":"Runic Dome"},{"not_picked":["Empty Cage","Inserter"],"picked":"Philosopher\u0027s Stone"}],"items_purged_floors":[12,22,30,37,39],"is_endless":false,"potions_floor_spawned":[3,4,11,14,21,27,31,38,47],"ascension_level":0}