{"gold_per_floor":[119,119,137,36,111,138,138,171,183,211,223,304,316,354,366,455,467,496,558,443,149,199,199,199],"floor_reached":24,"playtime":692,"items_purged":["Strike_R","Strike_R","Strike_R"],"score":413,"play_id":"c2776b5f-30bb-43cf-a952-70a73706b051","local_time":"20190303173943","is_ascension_mode":true,"campfire_choices":[{"data":"Bash","floor":7,"key":"SMITH"},{"floor":13,"key":"REST"},{"data":"Whirlwind","floor":15,"key":"SMITH"},{"data":"True Grit","floor":23,"key":"SMITH"}],"neow_cost":"NONE","seed_source_timestamp":164703133961300,"circlet_count":0,"master_deck":["AscendersBane","Defend_R","Defend_R","Defend_R","Defend_R","Bash+1","Spot Weakness","Shrug It Off","True Grit+1","Clothesline","Whirlwind+1","Pommel Strike","Headbutt","Demon Form+1","Flex+1","Entrench","Sadistic Nature+1","Bite","Bite","Bite","Bite","Bite"],"relics":["Black Blood","NeowsBlessing","Singing Bowl","WingedGreaves","MawBank","Bottled Flame","SsserpentHead","Frozen Egg 2","Bag of Preparation"],"potions_floor_usage":[8,12,12,16,24],"damage_taken":[{"damage":0,"enemies":"Small Slimes","floor":1,"turns":1},{"damage":0,"enemies":"Jaw Worm","floor":3,"turns":1},{"damage":0,"enemies":"Gremlin Nob","floor":6,"turns":1},{"damage":42,"enemies":"3 Sentries","floor":8,"turns":9},{"damage":7,"enemies":"2 Louse","floor":10,"turns":2},{"damage":11,"enemies":"Exordium Thugs","floor":12,"turns":4},{"damage":18,"enemies":"Gremlin Nob","floor":14,"turns":4},{"damage":41,"enemies":"Slime Boss","floor":16,"turns":9},{"damage":33,"enemies":"Spheric Guardian","floor":18,"turns":5},{"damage":58,"enemies":"Gremlin Leader","floor":24,"turns":6}],"seed_played":"-7486436902171251271","potions_obtained":[{"floor":1,"key":"LiquidBronze"},{"floor":8,"key":"Energy Potion"},{"floor":10,"key":"Swift Potion"},{"floor":12,"key":"LiquidBronze"},{"floor":16,"key":"Fire Potion"},{"floor":18,"key":"EssenceOfSteel"}],"is_trial":false,"path_per_floor":["M","?","M","$","?","E","R","E","T","M","?","M","R","E","R","B",null,"M","?","$","$","?","R","E"],"character_chosen":"IRONCLAD","items_purchased":["True Grit","Entrench","Sadistic Nature+1"],"campfire_rested":1,"item_purchase_floors":[4,20,21],"current_hp_per_floor":[78,71,77,77,66,72,72,36,36,35,35,32,56,44,44,9,64,41,41,41,41,41,41,0],"gold":199,"neow_bonus":"THREE_ENEMY_KILL","is_prod":false,"is_daily":false,"chose_seed":false,"campfire_upgraded":3,"win_rate":0,"timestamp":1551631183,"path_taken":["M","?","M","$","?","E","R","E","T","M","?","?","R","E","R","BOSS","M","?","?","$","?","R","E"],"build_version":"2019-01-23","purchased_purges":3,"victory":false,"max_hp_per_floor":[80,80,80,80,80,80,80,80,80,80,80,82,82,82,82,82,82,82,82,82,82,57,57,57],"card_choices":[{"not_picked":["Shockwave","Body Slam"],"picked":"Spot Weakness","floor":1},{"not_picked":["Sentinel","Burning Pact"],"picked":"Shrug It Off","floor":3},{"not_picked":["Anger","Havoc"],"picked":"Clothesline","floor":6},{"not_picked":["Wild Strike","Perfected Strike"],"picked":"Whirlwind","floor":8},{"not_picked":["Clothesline","Shrug It Off"],"picked":"Pommel Strike","floor":10},{"not_picked":["Shrug It Off","Perfected Strike","Carnage"],"picked":"Singing Bowl","floor":12},{"not_picked":["Clothesline","Anger"],"picked":"Headbutt","floor":14},{"not_picked":["Exhume","Impervious"],"picked":"Demon Form+1","floor":16},{"not_picked":["Sword Boomerang","Second Wind"],"picked":"Flex+1","floor":18}],"player_experience":920699,"relics_obtained":[{"floor":6,"key":"WingedGreaves"},{"floor":8,"key":"MawBank"},{"floor":9,"key":"Bottled Flame"},{"floor":14,"key":"Frozen Egg 2"}],"event_choices":[{"damage_healed":0,"gold_gain":0,"player_choice":"Success","damage_taken":7,"relics_obtained":["Singing Bowl"],"max_hp_gain":0,"max_hp_loss":0,"event_name":"Scrap Ooze","floor":2,"gold_loss":0},{"damage_healed":0,"gold_gain":75,"player_choice":"Gather Gold","damage_taken":11,"max_hp_gain":0,"max_hp_loss":0,"event_name":"World of Goop","floor":5,"gold_loss":0},{"damage_healed":0,"gold_gain":0,"player_choice":"Trade","damage_taken":0,"relics_obtained":["SsserpentHead"],"max_hp_gain":0,"max_hp_loss":0,"event_name":"FaceTrader","floor":11,"gold_loss":0},{"damage_healed":0,"gold_gain":0,"player_choice":"Gave Potion","damage_taken":0,"relics_obtained":["Bag of Preparation"],"max_hp_gain":0,"max_hp_loss":0,"event_name":"WeMeetAgain","floor":19,"gold_loss":0},{"damage_healed":0,"gold_gain":0,"player_choice":"Became a vampire","damage_taken":0,"max_hp_gain":0,"max_hp_loss":25,"event_name":"Vampires","floor":22,"gold_loss":0,"cards_obtained":["Bite","Bite","Bite","Bite","Bite"]}],"is_beta":false,"boss_relics":[{"not_picked":["Calling Bell","Runic Dome"],"picked":"Black Blood"}],"items_purged_floors":[4,20,21],"is_endless":false,"potions_floor_spawned":[1,8,10,12,16,18],"killed_by":"Gremlin Leader","ascension_level":13}