{"gold_per_floor":[110,185,204,222,222,222,60,126,176,194,194,213,232,275,275,373,373,389,2,2,42,42,42,58,58,58,58,81,81,100,13,13,13],"floor_reached":33,"playtime":1699,"items_purged":["Injury","Strike_G"],"score":441,"play_id":"07ae426a-0fc3-4cad-95e1-1896c947654a","local_time":"20190609135646","is_ascension_mode":true,"campfire_choices":[{"data":"Neutralize","floor":6,"key":"SMITH"},{"floor":11,"key":"REST"},{"floor":15,"key":"REST"},{"floor":23,"key":"REST"},{"floor":27,"key":"REST"},{"data":"Skewer","floor":29,"key":"SMITH"},{"floor":32,"key":"REST"}],"neow_cost":"NONE","seed_source_timestamp":205191199914600,"circlet_count":0,"master_deck":["AscendersBane","Defend_G","Defend_G","Defend_G","Defend_G","Survivor","Neutralize+1","Underhanded Strike","Calculated Gamble","Footwork","Dagger Throw","Bouncing Flask","Dodge and Roll","Skewer+1","Quick Slash","Distraction","Noxious Fumes","Envenom","Blur+1","Choke+1","Eviscerate+1","Flying Knee","Footwork","Distraction","Poisoned Stab","Choke","After Image","Blur","Well Laid Plans","Dodge and Roll+1","Tactician+1"],"relics":["Ring of the Snake","Golden Idol","Oddly Smooth Stone","Blood Vial","Boot","Astrolabe","Pen Nib","Ninja Scroll","Red Mask","Toxic Egg 2"],"potions_floor_usage":[8,8,14,21,21,28,28,33],"damage_taken":[{"damage":2,"enemies":"Jaw Worm","floor":1,"turns":7},{"damage":2,"enemies":"Small Slimes","floor":3,"turns":4},{"damage":0,"enemies":"Cultist","floor":4,"turns":5},{"damage":33,"enemies":"3 Sentries","floor":8,"turns":9},{"damage":6,"enemies":"Large Slime","floor":10,"turns":7},{"damage":0,"enemies":"2 Fungi Beasts","floor":12,"turns":2},{"damage":2,"enemies":"Red Slaver","floor":13,"turns":5},{"damage":16,"enemies":"Gremlin Nob","floor":14,"turns":4},{"damage":20,"enemies":"The Guardian","floor":16,"turns":11},{"damage":6,"enemies":"Spheric Guardian","floor":18,"turns":9},{"damage":31,"enemies":"Masked Bandits","floor":21,"turns":5},{"damage":11,"enemies":"Shell Parasite","floor":24,"turns":8},{"damage":5,"enemies":"Centurion and Healer","floor":28,"turns":7},{"damage":18,"enemies":"Sentry and Sphere","floor":30,"turns":5},{"damage":53,"enemies":"Automaton","floor":33,"turns":10}],"seed_played":"-6249387344523730110","potions_obtained":[{"floor":1,"key":"FearPotion"},{"floor":4,"key":"SkillPotion"},{"floor":10,"key":"FearPotion"},{"floor":13,"key":"Block Potion"},{"floor":16,"key":"GhostInAJar"},{"floor":21,"key":"Swift Potion"},{"floor":24,"key":"SteroidPotion"},{"floor":30,"key":"Strength Potion"}],"is_trial":false,"path_per_floor":["M","?","M","M","?","R","$","?","T","M","R","M","M","E","R","B",null,"M","$","?","?","?","R","M","?","T","R","M","R","M","$","R","B"],"character_chosen":"THE_SILENT","items_purchased":["Bouncing Flask","Footwork","Pen Nib","Distraction","Tactician+1"],"campfire_rested":5,"item_purchase_floors":[7,19,19,19,31],"current_hp_per_floor":[57,46,44,44,44,44,44,11,11,7,26,28,28,14,33,15,53,49,49,49,20,20,39,30,30,30,49,46,46,30,30,49,0],"gold":13,"neow_bonus":"THREE_CARDS","is_prod":false,"is_daily":false,"chose_seed":false,"campfire_upgraded":2,"win_rate":0,"timestamp":1560081406,"path_taken":["M","?","M","M","?","R","$","?","T","M","R","M","?","E","R","BOSS","M","$","?","?","?","R","?","?","T","R","M","R","M","?","R","BOSS"],"build_version":"2019-01-23","purchased_purges":2,"victory":false,"max_hp_per_floor":[66,66,66,66,66,66,66,66,66,66,66,66,66,66,66,66,66,66,66,66,66,66,66,66,66,66,66,66,66,66,66,66,66],"card_choices":[{"not_picked":["Terror","Tactician"],"picked":"Underhanded Strike","floor":0},{"not_picked":["All Out Attack","Reflex"],"picked":"Calculated Gamble","floor":1},{"not_picked":["Tactician","Prepared"],"picked":"Footwork","floor":3},{"not_picked":["All Out Attack","Dodge and Roll"],"picked":"Dagger Throw","floor":4},{"not_picked":["Riddle With Holes","Cloak And Dagger"],"picked":"Dodge and Roll","floor":8},{"not_picked":["Blur","Heel Hook"],"picked":"Skewer","floor":10},{"not_picked":["Sucker Punch","Bane"],"picked":"Quick Slash","floor":12},{"not_picked":["Underhanded Strike","Deadly Poison"],"picked":"Distraction","floor":13},{"not_picked":["Die Die Die","Setup"],"picked":"Noxious Fumes","floor":14},{"not_picked":["Die Die Die","Phantasmal Killer"],"picked":"Envenom","floor":16},{"not_picked":["Bane","Heel Hook"],"picked":"Flying Knee","floor":18},{"not_picked":["Dagger Throw","Prepared"],"picked":"Poisoned Stab","floor":21},{"not_picked":["Deadly Poison","Sucker Punch"],"picked":"Blur","floor":24},{"not_picked":["Distraction+1","Deflect+1"],"picked":"Well Laid Plans","floor":28},{"not_picked":["Heel Hook","Setup+1"],"picked":"Dodge and Roll+1","floor":30}],"player_experience":1252876,"relics_obtained":[{"floor":8,"key":"Oddly Smooth Stone"},{"floor":9,"key":"Blood Vial"},{"floor":14,"key":"Boot"},{"floor":21,"key":"Red Mask"},{"floor":26,"key":"Toxic Egg 2"}],"event_choices":[{"damage_healed":0,"gold_gain":75,"player_choice":"Gather Gold","damage_taken":11,"max_hp_gain":0,"max_hp_loss":0,"event_name":"World of Goop","floor":2,"gold_loss":0},{"damage_healed":0,"gold_gain":0,"player_choice":"Take Wound","damage_taken":0,"relics_obtained":["Golden Idol"],"max_hp_gain":0,"max_hp_loss":0,"event_name":"Golden Idol","floor":5,"gold_loss":0,"cards_obtained":["Injury"]},{"damage_healed":0,"gold_gain":30,"player_choice":"Searched \u00273\u0027 times","damage_taken":0,"max_hp_gain":0,"max_hp_loss":0,"event_name":"Dead Adventurer","floor":8,"gold_loss":0},{"damage_healed":0,"gold_gain":0,"player_choice":"Opened","damage_taken":0,"relics_obtained":["Ninja Scroll"],"max_hp_gain":0,"max_hp_loss":0,"event_name":"The Mausoleum","floor":20,"gold_loss":0,"cards_obtained":["Writhe"]},{"damage_healed":0,"gold_gain":0,"player_choice":"Fought Bandits","damage_taken":0,"max_hp_gain":0,"max_hp_loss":0,"event_name":"Masked Bandits","floor":21,"gold_loss":0},{"damage_healed":0,"gold_gain":0,"cards_transformed":["Strike_G","Strike_G"],"player_choice":"Became Test Subject","damage_taken":0,"max_hp_gain":0,"max_hp_loss":0,"event_name":"Drug Dealer","floor":22,"gold_loss":0,"cards_obtained":["Choke","After Image"]},{"cards_removed":["Writhe"],"damage_healed":0,"gold_gain":0,"player_choice":"Purged","damage_taken":0,"max_hp_gain":0,"max_hp_loss":0,"event_name":"Purifier","floor":25,"gold_loss":0}],"is_beta":false,"boss_relics":[{"not_picked":["Orrery","Ectoplasm"],"picked":"Astrolabe"}],"items_purged_floors":[7,19],"is_endless":false,"potions_floor_spawned":[1,4,10,13,16,21,24,30],"killed_by":"Automaton","ascension_level":16}