{"gold_per_floor":[117,117,117,192,207,207,246,36,36,36,79,99,137,170,170,260,260,276,276,276,276,16,16,16],"floor_reached":24,"playtime":601,"items_purged":["Injury"],"score":408,"play_id":"717f410b-463a-4d86-8efe-45437c75b6e7","local_time":"20190519231002","is_ascension_mode":true,"campfire_choices":[{"data":"Zap","floor":6,"key":"SMITH"},{"data":"Melter","floor":10,"key":"SMITH"},{"data":"Redo","floor":15,"key":"SMITH"},{"data":"Loop","floor":23,"key":"SMITH"}],"neow_cost":"NONE","seed_source_timestamp":518214672423700,"circlet_count":0,"master_deck":["AscendersBane","Strike_B","Defend_B","Defend_B","Defend_B","Defend_B","Zap+1","Dualcast","Self Repair","Leap","Conserve Battery","FTL","Melter+1","Redo+1","Ball Lightning+1","Consume","Scrape+1","Compile Driver+1","Buffer+1","Hologram","RitualDagger+1","Double Energy","Redo","Loop+1"],"relics":["Cracked Core","NeowsBlessing","Golden Idol","Letter Opener","Singing Bowl","Molten Egg 2","Dream Catcher","Odd Mushroom","Nuclear Battery","Lee\u0027s Waffle"],"potions_floor_usage":[11,13,16],"damage_taken":[{"damage":0,"enemies":"Cultist","floor":1,"turns":1},{"damage":0,"enemies":"Small Slimes","floor":5,"turns":1},{"damage":0,"enemies":"Gremlin Nob","floor":7,"turns":1},{"damage":9,"enemies":"3 Sentries","floor":11,"turns":6},{"damage":0,"enemies":"2 Louse","floor":12,"turns":2},{"damage":11,"enemies":"Gremlin Nob","floor":13,"turns":3},{"damage":19,"enemies":"The Mushroom Lair","floor":14,"turns":4},{"damage":16,"enemies":"Hexaghost","floor":16,"turns":9},{"damage":14,"enemies":"Shell Parasite","floor":18,"turns":4},{"damage":79,"enemies":"Book of Stabbing","floor":24,"turns":5}],"seed_played":"4146587442410584615","potions_obtained":[{"floor":1,"key":"Block Potion"},{"floor":7,"key":"SkillPotion"},{"floor":12,"key":"FearPotion"}],"is_trial":false,"path_per_floor":["M","?","?","?","M","R","E","$","T","R","E","M","E","?","R","B",null,"M","?","?","?","$","R","E"],"character_chosen":"DEFECT","items_purchased":["Melter","Redo","Lee\u0027s Waffle","Loop"],"campfire_rested":0,"item_purchase_floors":[8,8,22,22],"current_hp_per_floor":[64,64,64,53,53,53,53,53,53,53,44,51,40,28,28,19,58,51,45,45,45,78,78,0],"gold":16,"neow_bonus":"THREE_ENEMY_KILL","is_prod":false,"is_daily":false,"chose_seed":false,"campfire_upgraded":4,"win_rate":0,"timestamp":1558300202,"path_taken":["M","?","?","?","M","R","E","$","T","R","E","M","E","?","R","BOSS","M","?","?","?","$","R","E"],"build_version":"2019-01-23","purchased_purges":1,"victory":false,"max_hp_per_floor":[71,71,71,71,71,71,71,71,71,71,71,71,71,71,71,71,71,71,71,71,71,78,78,78],"card_choices":[{"not_picked":["Go for the Eyes","Leap"],"picked":"Self Repair","floor":1},{"not_picked":["Go for the Eyes","Streamline"],"picked":"Conserve Battery","floor":5},{"not_picked":["Steam","Sweeping Beam"],"picked":"FTL","floor":7},{"not_picked":["Redo","FTL"],"picked":"Ball Lightning","floor":11},{"not_picked":["Hello World","Barrage+1"],"picked":"Consume","floor":12},{"not_picked":["Machine Learning","Redo"],"picked":"Scrape+1","floor":13},{"not_picked":["Redo","Steam"],"picked":"Compile Driver+1","floor":14},{"not_picked":["Biased Cognition","Amplify"],"picked":"Buffer","floor":16},{"not_picked":["Barrage+1","Ball Lightning+1"],"picked":"Hologram","floor":18}],"player_experience":1154191,"relics_obtained":[{"floor":7,"key":"Letter Opener"},{"floor":9,"key":"Singing Bowl"},{"floor":11,"key":"Molten Egg 2"},{"floor":13,"key":"Dream Catcher"},{"floor":14,"key":"Odd Mushroom"}],"event_choices":[{"damage_healed":0,"gold_gain":0,"cards_transformed":["Strike_B"],"player_choice":"Change","damage_taken":0,"max_hp_gain":0,"max_hp_loss":0,"event_name":"Living Wall","floor":2,"gold_loss":0,"cards_obtained":["Leap"]},{"damage_healed":0,"gold_gain":0,"player_choice":"Take Wound","damage_taken":0,"relics_obtained":["Golden Idol"],"max_hp_gain":0,"max_hp_loss":0,"event_name":"Golden Idol","floor":3,"gold_loss":0,"cards_obtained":["Injury"]},{"damage_healed":0,"gold_gain":75,"player_choice":"Gather Gold","damage_taken":11,"max_hp_gain":0,"max_hp_loss":0,"event_name":"World of Goop","floor":4,"gold_loss":0},{"damage_healed":0,"gold_gain":0,"player_choice":"Fought Mushrooms","damage_taken":0,"max_hp_gain":0,"max_hp_loss":0,"event_name":"Mushrooms","floor":14,"gold_loss":0},{"damage_healed":0,"gold_gain":0,"player_choice":"Joined the Cult","damage_taken":6,"max_hp_gain":0,"max_hp_loss":0,"event_name":"Nest","floor":19,"gold_loss":0,"cards_obtained":["RitualDagger"]},{"damage_healed":0,"gold_gain":0,"cards_transformed":["Strike_B","Strike_B"],"player_choice":"Became Test Subject","damage_taken":0,"max_hp_gain":0,"max_hp_loss":0,"event_name":"Drug Dealer","floor":20,"gold_loss":0,"cards_obtained":["Double Energy","Redo"]},{"damage_healed":0,"gold_gain":0,"player_choice":"Forge","damage_taken":0,"max_hp_gain":0,"max_hp_loss":0,"event_name":"Accursed Blacksmith","floor":21,"gold_loss":0,"cards_upgraded":["Buffer"]}],"is_beta":false,"boss_relics":[{"not_picked":["Sozu","Tiny House"],"picked":"Nuclear Battery"}],"items_purged_floors":[8],"is_endless":false,"potions_floor_spawned":[1,7,12],"killed_by":"Book of Stabbing","ascension_level":15}