{"gold_per_floor":[19,30,30,41,116,116,130,130,130,130,81,96,96,107,107,203,203,222,222,233,83,83,83],"floor_reached":23,"playtime":607,"items_purged":["Strike_B"],"score":290,"play_id":"3f5543b7-e166-410d-84f5-1271b371644a","local_time":"20180909135140","is_ascension_mode":true,"campfire_choices":[{"floor":6,"key":"REST"},{"data":"Sweeping Beam","floor":8,"key":"SMITH"},{"floor":13,"key":"REST"},{"floor":15,"key":"REST"}],"neow_cost":"NO_GOLD","seed_source_timestamp":1911583339525343,"circlet_count":0,"master_deck":["Strike_B+1","Strike_B","Defend_B","Defend_B","Defend_B","Defend_B","Zap","Dualcast+1","AscendersBane","Scrape","Defragment","BootSequence","Sweeping Beam+1","Conserve Battery","Go for the Eyes","Creative AI","Leap","Necronomicurse","Stack"],"relics":["Cracked Core","Du-Vu Doll","Bag of Preparation","Mummified Hand","Velvet Choker","Necronomicon"],"potions_floor_usage":[16,16],"damage_taken":[{"damage":1,"enemies":"Cultist","floor":1,"turns":3},{"damage":7,"enemies":"Jaw Worm","floor":2,"turns":4},{"damage":0,"enemies":"2 Louse","floor":4,"turns":1},{"damage":0,"enemies":"Blue Slaver","floor":7,"turns":2},{"damage":0,"enemies":"3 Louse","floor":12,"turns":2},{"damage":0,"enemies":"Large Slime","floor":14,"turns":3},{"damage":28,"enemies":"Hexaghost","floor":16,"turns":6},{"damage":25,"enemies":"2 Thieves","floor":18,"turns":4},{"damage":1,"enemies":"3 Byrds","floor":20,"turns":5},{"damage":29,"enemies":"Slavers","floor":23,"turns":3}],"seed_played":"423069417938563141","potions_obtained":[{"floor":7,"key":"Energy Potion"},{"floor":16,"key":"FocusPotion"}],"is_trial":false,"path_per_floor":["M","M","?","M","?","R","M","R","T","?","$","M","R","M","R","B",null,"M","?","M","$","?"],"character_chosen":"DEFECT","items_purchased":["PowerPotion","Explosive Potion","Stack"],"campfire_rested":3,"item_purchase_floors":[11,21,21],"current_hp_per_floor":[67,60,45,45,34,56,56,56,56,23,23,23,45,45,67,39,66,41,25,24,24,24,0],"gold":83,"neow_bonus":"ONE_RARE_RELIC","is_prod":false,"is_daily":false,"chose_seed":false,"campfire_upgraded":1,"win_rate":0,"timestamp":1536497500,"path_taken":["M","?","?","M","?","R","M","R","T","?","$","M","R","M","R","BOSS","M","?","M","$","?","E"],"build_version":"2018-09-06","purchased_purges":1,"victory":false,"max_hp_per_floor":[75,75,75,75,75,75,75,75,75,75,75,75,75,75,75,75,75,75,75,75,75,75,75],"card_choices":[{"not_picked":["Hologram","Steam"],"picked":"Scrape","floor":1},{"not_picked":["Hologram","Go for the Eyes"],"picked":"Defragment","floor":2},{"not_picked":["Scrape","Streamline"],"picked":"BootSequence","floor":4},{"not_picked":["Scrape","Skim"],"picked":"Sweeping Beam","floor":7},{"not_picked":["Fusion","Hello World"],"picked":"Conserve Battery","floor":12},{"not_picked":["Conserve Battery","Barrage"],"picked":"Go for the Eyes","floor":14},{"not_picked":["Buffer","Electrodynamics"],"picked":"Creative AI","floor":16},{"not_picked":["Steam Power","Hologram"],"picked":"Leap","floor":18},{"not_picked":["Redo","Gash","Go for the Eyes"],"picked":"SKIP","floor":20}],"player_experience":710093,"relics_obtained":[{"floor":9,"key":"Bag of Preparation"},{"floor":19,"key":"Necronomicon"}],"event_choices":[{"event_name":"Shining Light","player_choice":"Entered Light","floor":3,"damage_taken":0},{"event_name":"World of Goop","player_choice":"Gather Gold","floor":5,"damage_taken":0},{"event_name":"Scrap Ooze","player_choice":"success","floor":10,"damage_taken":33},{"event_name":"Cursed Tome","player_choice":"Obtained Book","floor":19,"damage_taken":0},{"event_name":"Purifier","player_choice":"One Purge","floor":22,"damage_taken":0}],"is_beta":false,"boss_relics":[{"not_picked":["Fusion Hammer","Orrery"],"picked":"Velvet Choker"}],"items_purged_floors":[21],"is_endless":false,"potions_floor_spawned":[7,12,14,16],"killed_by":"Slavers","ascension_level":12}