{"gold_per_floor":[115,115,131,141,141,141,156,156,156,175,175,206,206,220,220,318,318,318,318,318,318,318,318,318,318,318,318,318,318,318,318,318,318],"floor_reached":33,"playtime":1061,"items_purged":[],"score":532,"play_id":"2ac3f7e6-65b5-4e36-852d-3fd5c09796d2","local_time":"20181202012924","is_ascension_mode":true,"campfire_choices":[{"floor":6.0,"key":"REST"},{"data":"Predator","floor":8.0,"key":"SMITH"},{"data":"Crippling Poison","floor":11.0,"key":"SMITH"},{"data":"Choke","floor":13.0,"key":"SMITH"},{"floor":15.0,"key":"REST"},{"floor":23.0,"key":"REST"},{"floor":27.0,"key":"REST"},{"floor":30.0,"key":"REST"},{"floor":32,"key":"REST"}],"neow_cost":"NONE","seed_source_timestamp":1492537645362236,"circlet_count":0,"master_deck":["AscendersBane","Defend_G","Defend_G","Defend_G","Defend_G","Defend_G","Strike_G","Strike_G","Strike_G","Strike_G","Strike_G+1","Survivor","Neutralize+1","Underhanded Strike","Crippling Poison+1","Deadly Poison","Predator+1","Choke+1","Dagger Spray","After Image","Dagger Throw","Backflip","Dash","Noxious Fumes","Dagger Spray+1","Venomology","Catalyst","Tactician","Predator"],"special_seed":0,"relics":["Runic Dome","Golden Idol","PreservedInsect","Mercury Hourglass","Ectoplasm","Mummified Hand"],"potions_floor_usage":[31,33],"damage_taken":[{"damage":2.0,"enemies":"Jaw Worm","floor":1.0,"turns":6.0},{"damage":1.0,"enemies":"Small Slimes","floor":3.0,"turns":3.0},{"damage":3.0,"enemies":"Cultist","floor":4.0,"turns":5.0},{"damage":7.0,"enemies":"Blue Slaver","floor":7.0,"turns":5.0},{"damage":17.0,"enemies":"Large Slime","floor":10.0,"turns":5.0},{"damage":5.0,"enemies":"Gremlin Nob","floor":12.0,"turns":3.0},{"damage":9.0,"enemies":"Red Slaver","floor":14.0,"turns":2.0},{"damage":18.0,"enemies":"Hexaghost","floor":16.0,"turns":9.0},{"damage":18.0,"enemies":"Shell Parasite","floor":18.0,"turns":4.0},{"damage":7.0,"enemies":"3 Byrds","floor":20.0,"turns":3.0},{"damage":11.0,"enemies":"Cultist and Chosen","floor":21.0,"turns":5.0},{"damage":8.0,"enemies":"Snake Plant","floor":22.0,"turns":4.0},{"damage":14.0,"enemies":"Slavers","floor":24.0,"turns":3.0},{"damage":5.0,"enemies":"3 Cultists","floor":25.0,"turns":4.0},{"damage":31.0,"enemies":"Centurion and Healer","floor":28.0,"turns":4.0},{"damage":0.0,"enemies":"Snecko","floor":29.0,"turns":4.0},{"damage":28,"enemies":"Shelled Parasite and Fungi","floor":31,"turns":4},{"damage":28,"enemies":"Automaton","floor":33,"turns":4}],"seed_played":"6735067576412296858","potions_obtained":[{"floor":3.0,"key":"Energy Potion"},{"floor":10.0,"key":"Block Potion"},{"floor":21.0,"key":"Swift Potion"},{"floor":31,"key":"FearPotion"}],"is_trial":false,"path_per_floor":["M","?","M","M","?","R","M","R","T","M","R","E","R","M","R","B",null,"M","?","M","M","M","R","E","M","T","R","M","M","R","M","R","B"],"character_chosen":"THE_SILENT","items_purchased":[],"campfire_rested":6,"item_purchase_floors":[],"current_hp_per_floor":[57,37,36,33,33,51,44,44,44,27,27,22,22,13,31,13,48,30,60,53,42,34,52,38,33,33,51,20,20,38,10,28,0],"gold":318,"neow_bonus":"BOSS_RELIC","is_prod":false,"is_daily":false,"chose_seed":false,"campfire_upgraded":3,"win_rate":0,"timestamp":1543710564,"path_taken":["M","?","M","M","?","R","M","R","T","M","R","E","R","M","R","BOSS","M","?","M","M","M","R","E","M","T","R","?","M","R","M","R","BOSS"],"build_version":"2018-11-15","purchased_purges":0,"victory":false,"max_hp_per_floor":[66,66,66,66,60,60,60,60,60,60,60,60,60,60,60,60,60,60,60,60,60,60,60,60,60,60,60,60,60,60,60,60,60],"card_choices":[{"not_picked":["Prepared","Bane"],"picked":"Underhanded Strike","floor":1.0},{"not_picked":["Cloak And Dagger","Blade Dance"],"picked":"Crippling Poison","floor":3.0},{"not_picked":["Quick Slash","Masterful Stab"],"picked":"Deadly Poison","floor":4.0},{"not_picked":["Dodge and Roll","Escape Plan"],"picked":"Predator","floor":7.0},{"not_picked":["Outmaneuver","Concentrate"],"picked":"Choke","floor":10.0},{"not_picked":["Masterful Stab","Eviscerate"],"picked":"Tactician","floor":12.0},{"not_picked":["Phantasmal Killer","Cloak And Dagger"],"picked":"Dagger Spray","floor":14.0},{"not_picked":["Doppelganger","Adrenaline"],"picked":"After Image","floor":16.0},{"not_picked":["Dagger Spray","Underhanded Strike"],"picked":"Dagger Throw","floor":18.0},{"not_picked":["Terror","Blur"],"picked":"Backflip","floor":20.0},{"not_picked":["Caltrops","All Out Attack"],"picked":"Dash","floor":21.0},{"not_picked":["Cloak And Dagger","Accuracy"],"picked":"Noxious Fumes","floor":22.0},{"not_picked":["Deadly Poison","Choke"],"picked":"Dagger Spray+1","floor":24.0},{"not_picked":["Deflect","Slice"],"picked":"Venomology","floor":25.0},{"not_picked":["Escape Plan","Outmaneuver"],"picked":"Catalyst","floor":28.0},{"not_picked":["Slice","Bane"],"picked":"Tactician","floor":29.0},{"not_picked":["Slice","All Out Attack"],"picked":"Predator","floor":31}],"player_experience":514510,"relics_obtained":[{"floor":9.0,"key":"PreservedInsect"},{"floor":12.0,"key":"Mercury Hourglass"},{"floor":24.0,"key":"Mummified Hand"}],"event_choices":[{"damage_healed":0.0,"max_hp_gain":0.0,"max_hp_loss":0.0,"gold_gain":0.0,"event_name":"Shining Light","player_choice":"Entered Light","floor":2.0,"gold_loss":0.0,"damage_taken":20.0,"cards_upgraded":["Neutralize","Strike_G"]},{"damage_healed":0.0,"max_hp_gain":0.0,"max_hp_loss":6.0,"gold_gain":0.0,"event_name":"Golden Idol","player_choice":"Lose Max HP","floor":5.0,"gold_loss":0.0,"damage_taken":0.0,"relics_obtained":["Golden Idol"]},{"cards_removed":["Tactician"],"damage_healed":30.0,"max_hp_gain":0.0,"max_hp_loss":0.0,"gold_gain":0.0,"event_name":"Bonfire Elementals","player_choice":"Offered Uncommon","floor":19.0,"gold_loss":0.0,"damage_taken":0.0}],"is_beta":false,"boss_relics":[{"not_picked":["Fusion Hammer","Tiny House"],"picked":"Ectoplasm"}],"items_purged_floors":[],"is_endless":false,"potions_floor_spawned":[3,10,12,14,21,22,24,25,29,31],"killed_by":"Automaton","ascension_level":19}