{"gold_per_floor":[117,134,152,152,165,165,182,182,182,202,215,390,410,133,133,234,234,247,346,43,43,56,56,72,87,111,128,139,139,154,154],"floor_reached":31,"playtime":1510,"items_purged":["Doubt","Strike_B"],"score":235,"play_id":"f99279c8-c12e-4f9b-a58e-18fff093ba16","local_time":"20181225160152","is_ascension_mode":false,"campfire_choices":[{"data":"Go for the Eyes","floor":6.0,"key":"SMITH"},{"data":"Darkness","floor":8.0,"key":"SMITH"},{"data":"Darkness","floor":15.0,"key":"SMITH"},{"floor":23,"key":"REST"},{"floor":29,"key":"REST"}],"neow_cost":"NONE","seed_source_timestamp":282882628066430,"circlet_count":0,"master_deck":["Strike_B","Strike_B","Defend_B","Defend_B","Defend_B","Defend_B","Zap","Dualcast","Conserve Battery","Compile Driver","Gash","Go for the Eyes+1","Darkness+1","Gash","Cold Snap","Darkness+1","Hologram","Scrape","Finesse","Creative AI","Steam+1","Capacitor","FTL","Barrage","Leap","Heatsinks+1","Steam","Turbo+1","Consume"],"special_seed":0,"relics":["Nuclear Battery"],"potions_floor_usage":[31,31],"damage_taken":[{"damage":1.0,"enemies":"Cultist","floor":1.0,"turns":3.0},{"damage":0.0,"enemies":"2 Louse","floor":2.0,"turns":4.0},{"damage":6.0,"enemies":"Jaw Worm","floor":3.0,"turns":4.0},{"damage":0.0,"enemies":"3 Louse","floor":5.0,"turns":4.0},{"damage":3.0,"enemies":"Exordium Thugs","floor":7.0,"turns":4.0},{"damage":14.0,"enemies":"Gremlin Gang","floor":10.0,"turns":4.0},{"damage":2.0,"enemies":"Exordium Wildlife","floor":11.0,"turns":4.0},{"damage":0.0,"enemies":"Looter","floor":13.0,"turns":3.0},{"damage":35.0,"enemies":"The Guardian","floor":16.0,"turns":9.0},{"damage":13.0,"enemies":"Shell Parasite","floor":18.0,"turns":5.0},{"damage":11,"enemies":"Spheric Guardian","floor":22,"turns":4},{"damage":5,"enemies":"Shelled Parasite and Fungi","floor":24,"turns":6},{"damage":20,"enemies":"Centurion and Healer","floor":25,"turns":8},{"damage":19,"enemies":"Snake Plant","floor":27,"turns":6},{"damage":12,"enemies":"Shelled Parasite and Fungi","floor":28,"turns":4},{"damage":22,"enemies":"Snecko","floor":30,"turns":7},{"damage":18,"enemies":"3 Cultists","floor":31,"turns":3}],"seed_played":"-7965800761745360447","potions_obtained":[{"floor":5.0,"key":"Poison Potion"},{"floor":11.0,"key":"FearPotion"},{"floor":13.0,"key":"Energy Potion"},{"floor":18.0,"key":"Poison Potion"},{"floor":27,"key":"Poison Potion"}],"is_trial":false,"path_per_floor":["M","M","M","?","M","R","M","R","T","M","M","?","M","$","R","B",null,"M","?","$","?","M","R","M","M","T","M","M","R","M","M"],"character_chosen":"DEFECT","items_purchased":["Hologram","Scrape","Finesse","Capacitor","FTL","Barrage"],"campfire_rested":2,"item_purchase_floors":[14,14,14,20,20,20],"current_hp_per_floor":[74,74,68,61,61,61,58,58,58,44,42,42,42,42,42,7,75,62,62,62,62,51,73,68,48,48,29,17,39,17,0],"gold":154,"neow_bonus":"BOSS_RELIC","is_prod":false,"is_daily":false,"chose_seed":false,"campfire_upgraded":3,"win_rate":0,"timestamp":1545750112,"path_taken":["M","M","?","?","M","R","M","R","T","M","M","?","M","$","R","BOSS","M","?","$","?","M","R","M","M","T","M","?","R","M","M"],"build_version":"2018-12-20","purchased_purges":2,"victory":false,"max_hp_per_floor":[75,75,75,75,75,75,75,75,75,75,75,75,75,75,75,75,75,75,75,75,75,75,75,75,75,75,75,75,75,75,75],"card_choices":[{"not_picked":["Gash","Turbo"],"picked":"Conserve Battery","floor":1.0},{"not_picked":["Streamline","Auto Shields"],"picked":"Compile Driver","floor":2.0},{"not_picked":["Lockon","Compile Driver"],"picked":"Gash","floor":3.0},{"not_picked":["FTL","Sweeping Beam"],"picked":"Go for the Eyes","floor":5.0},{"not_picked":["Reinforced Body","Sweeping Beam"],"picked":"Darkness","floor":7.0},{"not_picked":["Stack","Storm"],"picked":"Gash","floor":10.0},{"not_picked":["Auto Shields","Reboot"],"picked":"Cold Snap","floor":11.0},{"not_picked":["Reprogram","Tempest"],"picked":"Darkness","floor":13.0},{"not_picked":["Machine Learning","Thunder Strike"],"picked":"Creative AI","floor":16.0},{"not_picked":["Sweeping Beam","Scrape"],"picked":"Steam+1","floor":18.0},{"not_picked":["Chaos","Skim"],"picked":"Leap","floor":22},{"not_picked":["Auto Shields","Beam Cell"],"picked":"Heatsinks+1","floor":24},{"not_picked":["Sweeping Beam","Barrage","Stack"],"picked":"SKIP","floor":25},{"not_picked":["Compile Driver","Fusion"],"picked":"Steam","floor":27},{"not_picked":["Hologram","White Noise"],"picked":"Turbo+1","floor":28},{"not_picked":["Machine Learning","Hologram"],"picked":"Consume","floor":30}],"player_experience":541345,"relics_obtained":[],"event_choices":[{"cards_removed":["Strike_B"],"damage_healed":0.0,"max_hp_gain":0.0,"max_hp_loss":0.0,"gold_gain":0.0,"event_name":"Golden Wing","player_choice":"Card Removal","floor":4.0,"gold_loss":0.0,"damage_taken":7.0},{"damage_healed":0.0,"max_hp_gain":0.0,"max_hp_loss":0.0,"gold_gain":175.0,"event_name":"Liars Game","player_choice":"AGREE","floor":12.0,"gold_loss":0.0,"damage_taken":0.0,"cards_obtained":["Doubt"]},{"damage_healed":0.0,"max_hp_gain":0.0,"max_hp_loss":0.0,"gold_gain":99.0,"event_name":"Nest","player_choice":"Stole From Cult","floor":19.0,"gold_loss":0.0,"damage_taken":0.0},{"damage_healed":0,"gold_gain":0,"player_choice":"Ignored","damage_taken":0,"max_hp_gain":0,"max_hp_loss":0,"event_name":"Cursed Tome","floor":21,"gold_loss":0}],"is_beta":false,"boss_relics":[{"not_picked":["Lizard Tail","Eternal Feather","Tiny House"]}],"items_purged_floors":[14,20],"is_endless":false,"potions_floor_spawned":[5,11,13,18,27,28],"killed_by":"3 Cultists","ascension_level":0}