{"gold_per_floor":[109,58,58,71,81,81,6,6,56,68,95,107,119],"floor_reached":13,"playtime":532,"items_purged":["Pain"],"score":158,"play_id":"aba78225-1adc-4d82-b116-60c94260beed","local_time":"20190522181132","is_ascension_mode":true,"campfire_choices":[{"data":"Zap","floor":6,"key":"SMITH"},{"data":"Dualcast","floor":8,"key":"SMITH"}],"neow_cost":"NONE","seed_source_timestamp":140443895722974,"circlet_count":0,"master_deck":["AscendersBane","Strike_B","Strike_B","Strike_B","Strike_B","Defend_B","Defend_B","Defend_B","Defend_B","Zap+1","Dualcast+1","Conserve Battery","Ball Lightning","Conserve Battery","Darkness","Streamline","Genetic Algorithm"],"relics":["Cracked Core","Dream Catcher","WarpedTongs","Strawberry","MawBank","Ginger"],"potions_floor_usage":[],"damage_taken":[{"damage":0,"enemies":"Cultist","floor":1,"turns":3},{"damage":12,"enemies":"Jaw Worm","floor":4,"turns":3},{"damage":1,"enemies":"2 Louse","floor":5,"turns":2},{"damage":13,"enemies":"Large Slime","floor":10,"turns":5},{"damage":25,"enemies":"3 Sentries","floor":11,"turns":6},{"damage":30,"enemies":"Gremlin Gang","floor":13,"turns":3}],"seed_played":"2038965563118226580","potions_obtained":[{"floor":10,"key":"LiquidBronze"},{"floor":11,"key":"PowerPotion"}],"is_trial":false,"path_per_floor":["M","$","?","M","M","R","$","R","T","M","E","T","M"],"character_chosen":"DEFECT","items_purchased":["Ball Lightning"],"campfire_rested":0,"item_purchase_floors":[2],"current_hp_per_floor":[64,64,64,52,51,51,51,51,58,45,20,20,0],"gold":119,"neow_bonus":"RANDOM_COMMON_RELIC","is_prod":false,"is_daily":false,"chose_seed":false,"campfire_upgraded":2,"win_rate":0,"timestamp":1558545092,"path_taken":["M","?","?","M","M","R","$","R","T","?","E","?","M"],"build_version":"2019-01-23","purchased_purges":1,"victory":false,"max_hp_per_floor":[71,71,71,71,71,71,71,71,78,78,78,78,78],"card_choices":[{"not_picked":["Hologram","Capacitor"],"picked":"Conserve Battery","floor":1},{"not_picked":["Leap","Scrape"],"picked":"Conserve Battery","floor":4},{"not_picked":["Stack","Auto Shields"],"picked":"Darkness","floor":5},{"not_picked":["Leap","Go for the Eyes"],"picked":"Streamline","floor":10},{"not_picked":["Leap","Hello World"],"picked":"Genetic Algorithm","floor":11}],"player_experience":1042882,"relics_obtained":[{"floor":9,"key":"Strawberry"},{"floor":11,"key":"MawBank"},{"floor":12,"key":"Ginger"}],"event_choices":[{"damage_healed":0,"gold_gain":0,"player_choice":"Rummage","damage_taken":0,"relics_obtained":["WarpedTongs"],"max_hp_gain":0,"max_hp_loss":0,"event_name":"Accursed Blacksmith","floor":3,"gold_loss":0,"cards_obtained":["Pain"]}],"is_beta":false,"boss_relics":[],"items_purged_floors":[7],"is_endless":false,"potions_floor_spawned":[10,11],"killed_by":"Gremlin Gang","ascension_level":18}