{"gold_per_floor":[18,18,32,48,48,73,73,98,121,121,121,137,148,165,165,165],"floor_reached":16,"playtime":726,"items_purged":[],"score":137,"play_id":"9f9bb3b8-1820-40cb-bb8c-f5ef63499d6d","local_time":"20180822104730","is_ascension_mode":false,"campfire_choices":[{"data":"Bash","floor":7,"key":"SMITH"},{"floor":11,"key":"REST"},{"data":"Disarm","floor":15,"key":"SMITH"}],"neow_cost":"NO_GOLD","seed_source_timestamp":345163226189286,"circlet_count":0,"master_deck":["Strike_R","Strike_R","Strike_R","Strike_R","Strike_R","Defend_R","Defend_R","Defend_R","Defend_R","Bash+1","Battle Trance","Body Slam","Regret","Shockwave","Reaper","Metallicize","Disarm+1","Shrug It Off"],"relics":["Burning Blood","Dream Catcher","Art of War","Anchor","Boot"],"potions_floor_usage":[8],"damage_taken":[{"damage":5,"enemies":"Cultist","floor":1,"turns":4},{"damage":2,"enemies":"Small Slimes","floor":3,"turns":5},{"damage":6,"enemies":"Jaw Worm","floor":4,"turns":3},{"damage":40,"enemies":"Gremlin Nob","floor":6,"turns":5},{"damage":57,"enemies":"Lagavulin","floor":8,"turns":7},{"damage":10,"enemies":"Blue Slaver","floor":12,"turns":4},{"damage":9,"enemies":"Exordium Wildlife","floor":13,"turns":5},{"damage":5,"enemies":"3 Louse","floor":14,"turns":4},{"damage":65,"enemies":"The Guardian","floor":16,"turns":16}],"seed_played":"-7236884439618344478","potions_obtained":[{"floor":6,"key":"Poison Potion"},{"floor":13,"key":"Ancient Potion"}],"is_trial":false,"path_per_floor":["M","$","M","M","?","E","R","E","T","?","R","M","M","M","R"],"character_chosen":"IRONCLAD","items_purchased":[],"campfire_rested":1,"item_purchase_floors":[],"current_hp_per_floor":[96,96,96,96,96,62,62,11,11,11,39,39,48,61,61,0],"gold":165,"neow_bonus":"TWENTY_PERCENT_HP_BONUS","is_prod":false,"is_daily":false,"chose_seed":false,"campfire_upgraded":2,"win_rate":0,"timestamp":1534931250,"path_taken":["M","$","M","?","?","E","R","E","T","?","R","M","?","M","R","BOSS"],"build_version":"2018-08-16","purchased_purges":0,"victory":false,"max_hp_per_floor":[96,96,96,96,96,96,96,96,96,96,96,96,96,96,96,96],"card_choices":[{"not_picked":["Anger","Second Wind","Clash"],"picked":"SKIP","floor":1},{"not_picked":["Dual Wield","Armaments"],"picked":"Battle Trance","floor":3},{"not_picked":["Rupture","Entrench"],"picked":"Body Slam","floor":4},{"not_picked":["Sentinel","Perfected Strike"],"picked":"Shockwave","floor":6},{"not_picked":["Body Slam","Warcry"],"picked":"Reaper","floor":8},{"not_picked":["Twin Strike","Dual Wield"],"picked":"Metallicize","floor":12},{"not_picked":["Perfected Strike","Thunderclap"],"picked":"Disarm","floor":13},{"not_picked":["Second Wind","Havoc"],"picked":"Shrug It Off","floor":14}],"player_experience":586697,"relics_obtained":[{"floor":6,"key":"Art of War"},{"floor":8,"key":"Anchor"},{"floor":9,"key":"Boot"}],"event_choices":[{"event_name":"Big Fish","player_choice":"Box","floor":5,"damage_taken":0},{"event_name":"Golden Idol","player_choice":"Ignored","floor":10,"damage_taken":0}],"is_beta":false,"boss_relics":[],"items_purged_floors":[],"is_endless":false,"potions_floor_spawned":[6,13],"killed_by":"The Guardian","ascension_level":0}