{"gold_per_floor":[109,125,400,411,429,429,11,11,79,79,108,108,137,157,157,157],"floor_reached":16,"playtime":476,"items_purged":["Regret"],"score":198,"play_id":"3a2e12e7-7a6b-4c1c-9699-777a488211cd","local_time":"20190616073029","is_ascension_mode":true,"campfire_choices":[{"data":"Neutralize","floor":6,"key":"SMITH"},{"data":"Panache","floor":8,"key":"SMITH"},{"data":"Footwork","floor":10,"key":"SMITH"},{"data":"Footwork","floor":15,"key":"SMITH"}],"neow_cost":"NONE","seed_source_timestamp":371580049843600,"circlet_count":0,"master_deck":["AscendersBane","Defend_G","Defend_G","Defend_G","Defend_G+1","Defend_G","Strike_G","Strike_G","Strike_G","Strike_G","Strike_G","Survivor","Neutralize+1","Infinite Blades","Finisher+1","Deadly Poison","Footwork+1","Panache+1","Footwork+1","Flying Knee","Backflip","Infinite Blades","Endless Agony"],"relics":["Ring of the Snake","The Courier","Bag of Marbles","Strawberry"],"potions_floor_usage":[11,13,16],"damage_taken":[{"damage":9,"enemies":"Cultist","floor":1,"turns":6},{"damage":1,"enemies":"Jaw Worm","floor":2,"turns":4},{"damage":0,"enemies":"Small Slimes","floor":4,"turns":2},{"damage":1,"enemies":"Looter","floor":5,"turns":3},{"damage":4,"enemies":"Lagavulin","floor":11,"turns":10},{"damage":12,"enemies":"3 Sentries","floor":13,"turns":6},{"damage":14,"enemies":"Exordium Wildlife","floor":14,"turns":3},{"damage":10,"enemies":"Hexaghost","floor":16,"turns":3}],"seed_played":"2053254826693535836","potions_obtained":[{"floor":4,"key":"SmokeBomb"},{"floor":5,"key":"Dexterity Potion"},{"floor":11,"key":"SteroidPotion"},{"floor":13,"key":"SpeedPotion"}],"is_trial":false,"path_per_floor":["M","M","?","M","M","R","$","R","T","R","E","?","E","M","R","B"],"character_chosen":"THE_SILENT","items_purchased":["Panache","Footwork","PowerPotion","Flying Knee"],"campfire_rested":0,"item_purchase_floors":[7,7,7,7],"current_hp_per_floor":[56,55,55,55,54,54,54,54,54,54,50,28,23,9,9,0],"gold":157,"neow_bonus":"TEN_PERCENT_HP_BONUS","is_prod":false,"is_daily":false,"chose_seed":false,"campfire_upgraded":4,"win_rate":0,"timestamp":1560663029,"path_taken":["M","M","?","?","M","R","$","R","T","R","E","?","E","M","R","BOSS"],"build_version":"2019-01-23","purchased_purges":1,"victory":false,"max_hp_per_floor":[72,72,72,72,72,72,72,72,72,72,72,72,79,79,79,79],"card_choices":[{"not_picked":["Poisoned Stab","Cloak And Dagger"],"picked":"Infinite Blades","floor":1},{"not_picked":["Sucker Punch","Eviscerate"],"picked":"Finisher","floor":2},{"not_picked":["PiercingWail","Underhanded Strike"],"picked":"Deadly Poison","floor":4},{"not_picked":["Dagger Throw","Catalyst"],"picked":"Footwork","floor":5},{"not_picked":["Bouncing Flask","Sucker Punch"],"picked":"Backflip","floor":11},{"not_picked":["Dagger Spray","Prepared"],"picked":"Infinite Blades","floor":13},{"not_picked":["Deflect","Choke"],"picked":"Endless Agony","floor":14}],"player_experience":1369775,"relics_obtained":[{"floor":9,"key":"The Courier"},{"floor":11,"key":"Bag of Marbles"},{"floor":13,"key":"Strawberry"}],"event_choices":[{"damage_healed":0,"gold_gain":275,"player_choice":"Desecrate","damage_taken":0,"max_hp_gain":0,"max_hp_loss":0,"event_name":"Golden Shrine","floor":3,"gold_loss":0,"cards_obtained":["Regret"]},{"damage_healed":0,"gold_gain":0,"player_choice":"Entered Light","damage_taken":22,"max_hp_gain":0,"max_hp_loss":0,"event_name":"Shining Light","floor":12,"gold_loss":0,"cards_upgraded":["Finisher","Defend_G"]}],"is_beta":false,"boss_relics":[],"items_purged_floors":[7],"is_endless":false,"potions_floor_spawned":[4,5,11,13],"killed_by":"Hexaghost","ascension_level":16}