{"gold_per_floor":[110,130,144,163,163,163,163,163,189,209,76,76,137,148,148,221,221,240,13,13,13,13,47,47,64,64,83,83,116,128,128,128,207,207,219,229,18,18,36,36,36,36,36,53,73,107,107,17,17,17],"floor_reached":50,"playtime":2470,"items_purged":["Strike_B","Auto Shields+1","Sweeping Beam+1"],"score":1045,"play_id":"30f1170c-5dc8-40c2-a032-9c2009c171b2","local_time":"20190703004728","is_ascension_mode":true,"campfire_choices":[{"floor":6.0,"key":"REST"},{"floor":8.0,"key":"REST"},{"floor":12.0,"key":"REST"},{"floor":15.0,"key":"REST"},{"floor":28.0,"key":"REST"},{"floor":32.0,"key":"REST"},{"floor":40.0,"key":"REST"},{"floor":47,"key":"REST"},{"floor":49,"key":"REST"}],"neow_cost":"NONE","seed_source_timestamp":0,"circlet_count":0,"master_deck":["AscendersBane","Defend_B+1","Defend_B+1","Defend_B+1","Defend_B+1","Streamline+1","Ball Lightning","Ball Lightning","Cold Snap","Conserve Battery","Biased Cognition","Bite","Bite","Bite","Bite","Bite","All For One","Coolheaded+1","Conserve Battery+1","Hologram+1","Leap+1","Core Surge","Conserve Battery+1","Chill+1","Tempest+1","Chaos+1","Skim+1","White Noise+1","Hologram+1","Redo+1"],"special_seed":0,"relics":["White Beast Statue","DataDisk","Tiny Chest","Fusion Hammer","Membership Card","Toxic Egg 2","Pen Nib","Juzu Bracelet","Sundial","Nuclear Battery","Dodecahedron","Mango","Gremlin Horn","Ornamental Fan"],"potions_floor_usage":[45],"damage_taken":[{"damage":13.0,"enemies":"Small Slimes","floor":1.0,"turns":5.0},{"damage":6.0,"enemies":"Cultist","floor":2.0,"turns":3.0},{"damage":7.0,"enemies":"Jaw Worm","floor":3.0,"turns":3.0},{"damage":6.0,"enemies":"Exordium Thugs","floor":4.0,"turns":4.0},{"damage":13.0,"enemies":"3 Louse","floor":10.0,"turns":2.0},{"damage":15.0,"enemies":"3 Sentries","floor":13.0,"turns":4.0},{"damage":9.0,"enemies":"Exordium Wildlife","floor":14.0,"turns":2.0},{"damage":35.0,"enemies":"The Guardian","floor":16.0,"turns":10.0},{"damage":8.0,"enemies":"3 Byrds","floor":18.0,"turns":4.0},{"damage":44.0,"enemies":"Slavers","floor":23.0,"turns":6.0},{"damage":0.0,"enemies":"Chosen","floor":25.0,"turns":5.0},{"damage":1.0,"enemies":"Sentry and Sphere","floor":27.0,"turns":4.0},{"damage":43.0,"enemies":"Book of Stabbing","floor":29.0,"turns":6.0},{"damage":0.0,"enemies":"Snecko","floor":30.0,"turns":7.0},{"damage":59.0,"enemies":"Automaton","floor":33.0,"turns":11.0},{"damage":3.0,"enemies":"3 Shapes","floor":35.0,"turns":9.0},{"damage":8.0,"enemies":"Orb Walker","floor":36.0,"turns":3.0},{"damage":20.0,"enemies":"Sphere and 2 Shapes","floor":39.0,"turns":6.0},{"damage":0.0,"enemies":"4 Shapes","floor":44.0,"turns":5.0},{"damage":18,"enemies":"Writhing Mass","floor":45,"turns":8},{"damage":33,"enemies":"Nemesis","floor":46,"turns":7},{"damage":90,"enemies":"Time Eater","floor":50,"turns":8}],"seed_played":"-6213929877825641843","potions_obtained":[{"floor":1.0,"key":"PowerPotion"},{"floor":2.0,"key":"Weak Potion"},{"floor":3.0,"key":"Poison Potion"},{"floor":4.0,"key":"Swift Potion"},{"floor":13.0,"key":"Swift Potion"},{"floor":14.0,"key":"SneckoOil"},{"floor":16.0,"key":"Strength Potion"},{"floor":18.0,"key":"EssenceOfSteel"},{"floor":23.0,"key":"Poison Potion"},{"floor":25.0,"key":"SteroidPotion"},{"floor":27.0,"key":"Energy Potion"},{"floor":29.0,"key":"SkillPotion"},{"floor":30.0,"key":"Regen Potion"},{"floor":33.0,"key":"SpeedPotion"},{"floor":35.0,"key":"AttackPotion"},{"floor":38.0,"key":"Fruit Juice"},{"floor":38.0,"key":"FairyPotion"},{"floor":39.0,"key":"Swift Potion"},{"floor":44.0,"key":"PowerPotion"},{"floor":45,"key":"Energy Potion"}],"is_trial":false,"path_per_floor":["M","M","M","M","?","R","?","R","T","M","$","R","E","M","R","B",null,"M","$","?","$","?","E","?","M","T","M","R","E","M","?","R","B",null,"M","M","$","?","M","R","?","T","T","M","M","E","R","$","R","B"],"character_chosen":"DEFECT","items_purchased":["Ball Lightning","Membership Card","Tempest+1","Dodecahedron","Redo+1"],"campfire_rested":9,"item_purchase_floors":[11,19,37,37,48],"current_hp_per_floor":[51,45,38,32,11,32,32,53,53,40,40,61,46,37,58,23,59,51,51,51,51,49,17,17,29,29,38,49,16,24,24,38,13,40,47,43,43,48,36,52,52,66,66,68,57,38,58,58,68,0],"gold":17,"neow_bonus":"BOSS_RELIC","is_prod":false,"is_daily":false,"chose_seed":false,"campfire_upgraded":0,"win_rate":0,"timestamp":1562107648,"path_taken":["M","M","M","M","?","R","?","R","T","M","$","R","E","?","R","BOSS","M","$","?","?","?","E","?","M","T","M","R","E","M","?","R","BOSS","M","M","$","?","M","R","?","?","T","M","M","E","R","$","R","BOSS"],"build_version":"2019-07-01","purchased_purges":3,"victory":false,"max_hp_per_floor":[71,71,71,71,71,71,71,71,71,71,71,71,71,71,71,71,71,71,71,71,71,49,49,49,49,49,49,49,49,49,49,49,49,49,49,49,49,54,54,54,54,68,68,68,68,68,68,68,68,68],"card_choices":[{"not_picked":["Barrage","Undo"],"picked":"Doom and Gloom","floor":1.0},{"not_picked":["White Noise","Double Energy"],"picked":"Streamline","floor":2.0},{"not_picked":["Redo","Barrage"],"picked":"Sweeping Beam","floor":3.0},{"not_picked":["Compile Driver","Sweeping Beam"],"picked":"Ball Lightning","floor":4.0},{"not_picked":["Barrage","Redo","Fission"],"picked":"SKIP","floor":10.0},{"not_picked":["Tempest","Compile Driver"],"picked":"Cold Snap","floor":13.0},{"not_picked":["Sweeping Beam","Gash"],"picked":"Conserve Battery","floor":14.0},{"not_picked":["Multi-Cast","Reboot"],"picked":"Biased Cognition","floor":16.0},{"not_picked":["Melter","Redo"],"picked":"Steam","floor":18.0},{"not_picked":["Lockon","Rip and Tear+1"],"picked":"Auto Shields+1","floor":23.0},{"not_picked":["Leap+1","Rebound"],"picked":"Conserve Battery+1","floor":25.0},{"not_picked":["Coolheaded+1","Redo+1"],"picked":"Hologram+1","floor":27.0},{"not_picked":["Turbo+1","Compile Driver+1"],"picked":"Leap+1","floor":29.0},{"not_picked":["Leap+1","Ball Lightning","Lockon"],"picked":"SKIP","floor":30.0},{"not_picked":["Meteor Strike","Hyperbeam"],"picked":"Core Surge","floor":33.0},{"not_picked":["Turbo+1","Scrape"],"picked":"Conserve Battery+1","floor":35.0},{"not_picked":["Redo+1","Compile Driver"],"picked":"Chill+1","floor":36.0},{"not_picked":["Beam Cell","Leap+1"],"picked":"Chaos+1","floor":39.0},{"not_picked":["Storm","Barrage"],"picked":"Skim+1","floor":44.0},{"not_picked":["Self Repair","Beam Cell"],"picked":"White Noise+1","floor":45},{"not_picked":["Streamline","Leap+1"],"picked":"Hologram+1","floor":46}],"player_experience":864395,"relics_obtained":[{"floor":9.0,"key":"DataDisk"},{"floor":13.0,"key":"Tiny Chest"},{"floor":23.0,"key":"Pen Nib"},{"floor":26.0,"key":"Juzu Bracelet"},{"floor":29.0,"key":"Sundial"},{"floor":42.0,"key":"Mango"},{"floor":43.0,"key":"Gremlin Horn"},{"floor":46,"key":"Ornamental Fan"}],"event_choices":[{"damage_healed":0.0,"max_hp_gain":0.0,"max_hp_loss":0.0,"gold_gain":0.0,"event_name":"Shining Light","player_choice":"Entered Light","floor":5.0,"gold_loss":0.0,"damage_taken":21.0,"cards_upgraded":["Streamline","Sweeping Beam"]},{"cards_removed":["Dualcast"],"damage_healed":0.0,"max_hp_gain":0.0,"max_hp_loss":0.0,"gold_gain":0.0,"event_name":"Bonfire Elementals","player_choice":"Offered Basic","floor":7.0,"gold_loss":0.0,"damage_taken":0.0},{"cards_removed":["Doom and Gloom"],"damage_healed":0.0,"max_hp_gain":0.0,"max_hp_loss":0.0,"gold_gain":0.0,"event_name":"WeMeetAgain","player_choice":"Gave Card","floor":20.0,"gold_loss":0.0,"damage_taken":0.0,"relics_obtained":["Toxic Egg 2"]},{"damage_healed":0.0,"max_hp_gain":0.0,"max_hp_loss":22.0,"gold_gain":0.0,"event_name":"Vampires","player_choice":"Became a vampire","floor":22.0,"gold_loss":0.0,"damage_taken":0.0,"cards_obtained":["Bite","Bite","Bite","Bite","Bite"]},{"damage_healed":0.0,"max_hp_gain":0.0,"max_hp_loss":0.0,"gold_gain":0.0,"cards_transformed":["Zap","Steam"],"event_name":"Drug Dealer","player_choice":"Became Test Subject","floor":24.0,"gold_loss":0.0,"damage_taken":0.0,"cards_obtained":["All For One","Coolheaded"]},{"damage_healed":0.0,"max_hp_gain":0.0,"max_hp_loss":0.0,"gold_gain":0.0,"event_name":"Back to Basics","player_choice":"Simplicity","floor":31.0,"gold_loss":0.0,"damage_taken":0.0,"cards_upgraded":["Defend_B","Defend_B","Defend_B","Defend_B"]},{"damage_healed":0.0,"max_hp_gain":0.0,"max_hp_loss":0.0,"gold_gain":0.0,"event_name":"Lab","player_choice":"Got Potions","floor":38.0,"gold_loss":0.0,"damage_taken":0.0},{"damage_healed":0.0,"max_hp_gain":0.0,"max_hp_loss":0.0,"gold_gain":0.0,"event_name":"Mysterious Sphere","player_choice":"Ignored","floor":41.0,"gold_loss":0.0,"damage_taken":0.0}],"is_beta":false,"boss_relics":[{"not_picked":["Eternal Feather","Runic Dome"],"picked":"Fusion Hammer"},{"not_picked":["Lizard Tail","Calling Bell"],"picked":"Nuclear Battery"}],"items_purged_floors":[11,37,48],"is_endless":false,"potions_floor_spawned":[1,2,3,4,10,13,14,16,18,23,25,27,29,30,33,35,36,39,44,45,46],"killed_by":"Time Eater","ascension_level":20}