{"gold_per_floor":[112,112,182,201,225,225,265,265,344,382,405,436,7,27,27,123,423,444,118,133,133],"floor_reached":21,"playtime":551,"items_purged":["Strike_B","Regret"],"score":398,"play_id":"bea8b310-aa4a-494e-b254-66e0da8719e1","local_time":"20190528000523","is_ascension_mode":true,"campfire_choices":[{"data":"Loop","floor":6.0,"key":"SMITH"},{"floor":8.0,"key":"REST"},{"floor":15.0,"key":"REST"}],"neow_cost":"NONE","seed_source_timestamp":880512745349742,"circlet_count":0,"master_deck":["AscendersBane","Strike_B","Strike_B","Strike_B","Defend_B","Defend_B","Defend_B","Defend_B","Zap","Dualcast","Capacitor","Cold Snap","Loop+1","Rip and Tear","Fission","Gash","Rip and Tear","Rip and Tear","Auto Shields","Buffer+1","Parasite","Shame","Self Repair+1","Go for the Eyes","Loop+1"],"special_seed":0,"relics":["Cracked Core","NeowsBlessing","Golden Idol","Mercury Hourglass","Blood Vial","Frozen Egg 2","Shuriken","Torii","Matryoshka","Calling Bell","Smiling Mask","Dodecahedron","Old Coin","Bronze Scales"],"potions_floor_usage":[21],"damage_taken":[{"damage":0.0,"enemies":"Small Slimes","floor":1.0,"turns":1.0},{"damage":0.0,"enemies":"Jaw Worm","floor":4.0,"turns":1.0},{"damage":0.0,"enemies":"Cultist","floor":5.0,"turns":1.0},{"damage":35.0,"enemies":"3 Sentries","floor":7.0,"turns":7.0},{"damage":30.0,"enemies":"Gremlin Nob","floor":10.0,"turns":4.0},{"damage":0.0,"enemies":"Exordium Thugs","floor":11.0,"turns":3.0},{"damage":18.0,"enemies":"3 Sentries","floor":12.0,"turns":4.0},{"damage":1.0,"enemies":"Blue Slaver","floor":14.0,"turns":2.0},{"damage":11.0,"enemies":"Hexaghost","floor":16.0,"turns":8.0},{"damage":39.0,"enemies":"2 Thieves","floor":18.0,"turns":4.0},{"damage":0.0,"enemies":"Chosen","floor":20.0,"turns":5.0},{"damage":30,"enemies":"Shelled Parasite and Fungi","floor":21,"turns":3}],"seed_played":"1371292462805780140","potions_obtained":[{"floor":5.0,"key":"Poison Potion"},{"floor":10.0,"key":"SkillPotion"},{"floor":14.0,"key":"PowerPotion"},{"floor":18.0,"key":"Strength Potion"}],"is_trial":false,"path_per_floor":["M","?","T","M","M","R","E","R","T","E","M","E","$","M","R","B",null,"M","$","M","M"],"character_chosen":"DEFECT","items_purchased":["Rip and Tear","Matryoshka","Self Repair+1","Bronze Scales","Go for the Eyes"],"campfire_rested":2,"item_purchase_floors":[13,13,19,19,19],"current_hp_per_floor":[64,64,64,64,64,64,29,48,48,20,22,6,6,7,26,17,52,15,15,27,0],"gold":133,"neow_bonus":"THREE_ENEMY_KILL","is_prod":false,"is_daily":false,"chose_seed":false,"campfire_upgraded":1,"win_rate":0,"timestamp":1558994723,"path_taken":["M","?","?","?","M","R","E","R","T","E","M","E","?","M","R","BOSS","M","$","M","M"],"build_version":"2019-01-23","purchased_purges":2,"victory":false,"max_hp_per_floor":[71,64,64,64,64,64,64,64,64,64,64,64,64,64,64,64,64,64,64,64,64],"card_choices":[{"not_picked":["Beam Cell","Go for the Eyes"],"picked":"Capacitor","floor":1.0},{"not_picked":["Glacier","Barrage"],"picked":"Cold Snap","floor":4.0},{"not_picked":["Steam","Reinforced Body"],"picked":"Loop","floor":5.0},{"not_picked":["Chill","Darkness"],"picked":"Rip and Tear","floor":7.0},{"not_picked":["Redo","Chill"],"picked":"Fission","floor":10.0},{"not_picked":["Skim","Stack"],"picked":"Gash","floor":11.0},{"not_picked":["Aggregate","Scrape"],"picked":"Rip and Tear","floor":12.0},{"not_picked":["Turbo","Coolheaded"],"picked":"Auto Shields","floor":14.0},{"not_picked":["Multi-Cast","Core Surge"],"picked":"Buffer+1","floor":16.0},{"not_picked":["Barrage","Turbo","Scrape"],"picked":"SKIP","floor":18.0},{"not_picked":["Ball Lightning","Cold Snap"],"picked":"Loop+1","floor":20.0}],"player_experience":805665,"relics_obtained":[{"floor":3.0,"key":"Mercury Hourglass"},{"floor":7.0,"key":"Blood Vial"},{"floor":9.0,"key":"Frozen Egg 2"},{"floor":10.0,"key":"Shuriken"},{"floor":12.0,"key":"Torii"},{"floor":17.0,"key":"Smiling Mask"},{"floor":17.0,"key":"Dodecahedron"},{"floor":17.0,"key":"Old Coin"}],"event_choices":[{"damage_healed":0.0,"max_hp_gain":0.0,"max_hp_loss":7.0,"gold_gain":0.0,"event_name":"Golden Idol","player_choice":"Lose Max HP","floor":2.0,"gold_loss":0.0,"damage_taken":0.0,"relics_obtained":["Golden Idol"]}],"is_beta":false,"boss_relics":[{"not_picked":["White Beast Statue","Runic Pyramid"],"picked":"Calling Bell"}],"items_purged_floors":[13,19],"is_endless":false,"potions_floor_spawned":[5,10,14,18],"killed_by":"Shelled Parasite and Fungi","ascension_level":20}