{"gold_per_floor":[99,99,99,99,59,59,59,59,59,59,59,24,24,24,24,24,24,24,24,24,24,24,24,24,24,24,24,24,24,24,24,24,24,24,24,24,24,24,24,24,24,24,24,24],"floor_reached":44,"playtime":1962,"items_purged":[],"score":1000,"play_id":"be8382e0-a441-4854-ad54-205d41678d14","local_time":"20190403115745","is_ascension_mode":true,"campfire_choices":[{"floor":8.0,"key":"REST"},{"data":"Streamline","floor":15.0,"key":"SMITH"},{"floor":23,"key":"REST"},{"floor":28,"key":"REST"},{"data":"Buffer","floor":30,"key":"SMITH"},{"floor":32,"key":"REST"},{"data":"Sunder","floor":41,"key":"SMITH"}],"neow_cost":"NONE","seed_source_timestamp":1469463377271958,"circlet_count":0,"master_deck":["AscendersBane","Defend_B","Defend_B","Defend_B","Defend_B","Darkness","Compile Driver","Glacier","Cold Snap","Tempest","Chill","Streamline+1","Electrodynamics","Machine Learning+1","Go for the Eyes+1","Glacier+1","Hologram+1","Coolheaded","Buffer+1","Sunder+1","Glacier+1","Cold Snap","Ball Lightning+1","Ball Lightning","Conserve Battery","Cold Snap","Echo Form","Ball Lightning","Undo+1","Coolheaded","Writhe","Streamline+1"],"special_seed":0,"relics":["Ectoplasm","Potion Belt","Odd Mushroom","Vajra","Centennial Puzzle","Astrolabe","Ancient Tea Set","Mercury Hourglass","Runic Dome","Happy Flower","Darkstone Periapt"],"potions_floor_usage":[33,33],"damage_taken":[{"damage":7.0,"enemies":"Small Slimes","floor":1.0,"turns":3.0},{"damage":7.0,"enemies":"Jaw Worm","floor":3.0,"turns":4.0},{"damage":5.0,"enemies":"2 Louse","floor":4.0,"turns":3.0},{"damage":0.0,"enemies":"Looter","floor":5.0,"turns":4.0},{"damage":21.0,"enemies":"Lagavulin","floor":6.0,"turns":7.0},{"damage":6.0,"enemies":"The Mushroom Lair","floor":7.0,"turns":4.0},{"damage":13.0,"enemies":"Gremlin Nob","floor":10.0,"turns":4.0},{"damage":0.0,"enemies":"Large Slime","floor":11.0,"turns":3.0},{"damage":27.0,"enemies":"The Guardian","floor":16.0,"turns":11.0},{"damage":0.0,"enemies":"Spheric Guardian","floor":18.0,"turns":5.0},{"damage":6.0,"enemies":"Shell Parasite","floor":19.0,"turns":6.0},{"damage":11,"enemies":"Sentry and Sphere","floor":22,"turns":8},{"damage":7,"enemies":"Gremlin Leader","floor":24,"turns":8},{"damage":13,"enemies":"Snecko","floor":25,"turns":5},{"damage":16,"enemies":"Chosen and Byrds","floor":27,"turns":4},{"damage":6,"enemies":"3 Cultists","floor":29,"turns":4},{"damage":0,"enemies":"Shelled Parasite and Fungi","floor":31,"turns":5},{"damage":21,"enemies":"Collector","floor":33,"turns":11},{"damage":17,"enemies":"3 Darklings","floor":35,"turns":4},{"damage":3,"enemies":"Orb Walker","floor":37,"turns":4},{"damage":7,"enemies":"Maw","floor":38,"turns":8},{"damage":9,"enemies":"Nemesis","floor":40,"turns":11},{"damage":24,"enemies":"Giant Head","floor":42,"turns":8},{"damage":23,"enemies":"Nemesis","floor":44,"turns":4}],"seed_played":"3028315161296252907","potions_obtained":[{"floor":3.0,"key":"LiquidBronze"},{"floor":7.0,"key":"FocusPotion"},{"floor":11.0,"key":"Block Potion"},{"floor":16.0,"key":"FearPotion"},{"floor":22,"key":"Strength Potion"},{"floor":24,"key":"FocusPotion"},{"floor":31,"key":"SkillPotion"},{"floor":33,"key":"Fruit Juice"},{"floor":38,"key":"Dexterity Potion"}],"is_trial":false,"path_per_floor":["M","?","M","M","M","E","?","R","T","E","M","?","?","$","R","B",null,"M","M","?","?","M","R","E","M","T","M","R","M","R","M","R","B",null,"M","?","M","M","?","E","R","E","T","E"],"character_chosen":"DEFECT","items_purchased":[],"campfire_rested":4,"item_purchase_floors":[],"current_hp_per_floor":[57,57,50,45,45,24,18,39,39,26,26,43,36,36,36,9,56,56,50,50,50,39,60,53,40,40,24,45,39,39,39,60,39,63,46,46,43,36,50,41,41,17,17,0],"gold":24,"neow_bonus":"BOSS_RELIC","is_prod":false,"is_daily":false,"chose_seed":false,"campfire_upgraded":3,"win_rate":0,"timestamp":1554285465,"path_taken":["M","?","M","M","M","E","?","R","T","E","M","?","?","?","R","BOSS","M","M","?","?","M","R","E","?","T","M","R","M","R","?","R","BOSS","M","?","M","M","?","E","R","E","T","E"],"build_version":"2019-01-23","purchased_purges":0,"victory":false,"max_hp_per_floor":[71,71,71,71,71,71,71,71,71,71,71,71,71,71,71,71,71,71,71,71,71,71,71,71,71,71,71,71,71,71,71,71,71,71,71,71,71,71,71,71,71,71,71,71],"card_choices":[{"not_picked":["Conserve Battery","Barrage"],"picked":"Darkness","floor":1.0},{"not_picked":["Lockon","Aggregate"],"picked":"Compile Driver","floor":3.0},{"not_picked":["Genetic Algorithm","Conserve Battery"],"picked":"Glacier","floor":4.0},{"not_picked":["Rebound","Stack"],"picked":"Cold Snap","floor":5.0},{"not_picked":["Rip and Tear","Conserve Battery"],"picked":"Tempest","floor":6.0},{"not_picked":["Steam","BootSequence"],"picked":"Chill","floor":7.0},{"not_picked":["Hologram","Force Field"],"picked":"Chill","floor":10.0},{"not_picked":["Steam","Rebound"],"picked":"Streamline","floor":11.0},{"not_picked":["Reboot","All For One"],"picked":"Electrodynamics","floor":16.0},{"not_picked":["Gash","Static Discharge"],"picked":"Hologram+1","floor":18.0},{"not_picked":["Reprogram+1","Force Field"],"picked":"Coolheaded","floor":19.0},{"not_picked":["Consume","Double Energy"],"picked":"Cold Snap","floor":22},{"not_picked":["Go for the Eyes","Aggregate"],"picked":"Ball Lightning+1","floor":24},{"not_picked":["Compile Driver","Cold Snap"],"picked":"Ball Lightning","floor":25},{"not_picked":["Recycle","Redo"],"picked":"Conserve Battery","floor":27},{"not_picked":["Turbo","Hologram"],"picked":"Cold Snap","floor":29},{"not_picked":["Gash","Rip and Tear","Hologram"],"picked":"SKIP","floor":31},{"not_picked":["Biased Cognition","Machine Learning"],"picked":"Echo Form","floor":33},{"not_picked":["Redo+1","Stack+1"],"picked":"Ball Lightning","floor":35},{"not_picked":["Compile Driver","Steam"],"picked":"Undo+1","floor":37},{"not_picked":["Beam Cell","Scrape"],"picked":"Coolheaded","floor":38},{"not_picked":["Leap","Turbo+1"],"picked":"Streamline+1","floor":40},{"not_picked":["Auto Shields","Aggregate","Rebound"],"picked":"SKIP","floor":42}],"player_experience":755727,"relics_obtained":[{"floor":6.0,"key":"Potion Belt"},{"floor":7.0,"key":"Odd Mushroom"},{"floor":9.0,"key":"Vajra"},{"floor":10.0,"key":"Centennial Puzzle"},{"floor":24,"key":"Ancient Tea Set"},{"floor":26,"key":"Mercury Hourglass"},{"floor":40,"key":"Happy Flower"},{"floor":42,"key":"Darkstone Periapt"}],"event_choices":[{"damage_healed":0.0,"max_hp_gain":0.0,"max_hp_loss":0.0,"gold_gain":0.0,"event_name":"Liars Game","player_choice":"Ignored","floor":2.0,"gold_loss":0.0,"damage_taken":0.0},{"damage_healed":0.0,"max_hp_gain":0.0,"max_hp_loss":0.0,"gold_gain":0.0,"event_name":"Mushrooms","player_choice":"Fought Mushrooms","floor":7.0,"gold_loss":0.0,"damage_taken":0.0},{"damage_healed":17.0,"max_hp_gain":0.0,"max_hp_loss":0.0,"gold_gain":0.0,"event_name":"The Cleric","player_choice":"Healed","floor":12.0,"gold_loss":35.0,"damage_taken":0.0},{"cards_removed":["Strike_B"],"damage_healed":0.0,"max_hp_gain":0.0,"max_hp_loss":0.0,"gold_gain":0.0,"event_name":"Golden Wing","player_choice":"Card Removal","floor":13.0,"gold_loss":0.0,"damage_taken":7.0},{"damage_healed":0.0,"max_hp_gain":0.0,"max_hp_loss":0.0,"gold_gain":0.0,"cards_transformed":["Chill","Dualcast"],"event_name":"Drug Dealer","player_choice":"Became Test Subject","floor":20.0,"gold_loss":0.0,"damage_taken":0.0,"cards_obtained":["Buffer","Sunder"]},{"damage_healed":0.0,"max_hp_gain":0.0,"max_hp_loss":0.0,"gold_gain":0.0,"event_name":"Duplicator","player_choice":"Copied","floor":21.0,"gold_loss":0.0,"damage_taken":0.0,"cards_obtained":["Glacier"]},{"cards_removed":["Zap"],"damage_healed":0,"gold_gain":0,"player_choice":"Removed Skill","damage_taken":0,"max_hp_gain":0,"max_hp_loss":0,"event_name":"Falling","floor":36,"gold_loss":0},{"damage_healed":14,"gold_gain":0,"player_choice":"Writhe","damage_taken":0,"max_hp_gain":0,"max_hp_loss":0,"event_name":"Winding Halls","floor":39,"gold_loss":0,"cards_obtained":["Writhe"]}],"is_beta":false,"boss_relics":[{"not_picked":["Black Star","Orrery"],"picked":"Astrolabe"},{"not_picked":["Empty Cage","White Beast Statue"],"picked":"Runic Dome"}],"items_purged_floors":[],"is_endless":false,"potions_floor_spawned":[3,7,11,16,22,24,31,33,38],"killed_by":"Nemesis","ascension_level":20}