{"gold_per_floor":[118,293,293,312,46,72,88,123,123,149,49,65,65],"floor_reached":13,"playtime":711,"items_purged":["Doubt","Strike_G"],"score":153,"play_id":"4a64aa27-2ae0-47fd-aba1-30a152cd117e","local_time":"20181030213549","is_ascension_mode":true,"campfire_choices":[],"neow_cost":"NONE","seed_source_timestamp":219284887503013,"circlet_count":0,"master_deck":["Defend_G","Defend_G","Defend_G","Defend_G","Defend_G","Strike_G","Strike_G","Strike_G","Survivor","Neutralize","AscendersBane","Envenom","Venomology","Backflip","Flechettes","Corpse Explosion","Blade Dance","Skewer","Riddle With Holes"],"relics":["Ring of the Snake","Bronze Scales","Bottled Tornado","Paper Crane","Pantograph","Ancient Tea Set"],"potions_floor_usage":[4,6,8,8,13,13],"damage_taken":[{"damage":11,"enemies":"Jaw Worm","floor":1,"turns":6},{"damage":0,"enemies":"Small Slimes","floor":4,"turns":6},{"damage":24,"enemies":"Lagavulin","floor":6,"turns":9},{"damage":0,"enemies":"Cultist","floor":7,"turns":4},{"damage":12,"enemies":"3 Sentries","floor":8,"turns":4},{"damage":12,"enemies":"Lots of Slimes","floor":12,"turns":2},{"damage":23,"enemies":"Gremlin Nob","floor":13,"turns":3}],"seed_played":"5559029153008375213","potions_obtained":[{"floor":7,"key":"Energy Potion"},{"floor":12,"key":"SkillPotion"}],"is_trial":false,"path_per_floor":["M","?","?","M","$","E","M","E","T","T","$","M"],"character_chosen":"THE_SILENT","items_purchased":["Bronze Scales","Flechettes"],"campfire_rested":0,"item_purchase_floors":[5,5],"current_hp_per_floor":[52,52,52,52,52,28,28,16,16,16,16,4,0],"gold":65,"neow_bonus":"ONE_RANDOM_RARE_CARD","is_prod":false,"is_daily":false,"chose_seed":false,"campfire_upgraded":0,"win_rate":0,"timestamp":1540935349,"path_taken":["M","?","?","M","$","E","M","E","T","?","$","M","E"],"build_version":"2018-10-25v2","purchased_purges":2,"victory":false,"max_hp_per_floor":[70,70,70,70,70,70,70,70,70,70,70,70,70],"card_choices":[{"not_picked":["Outmaneuver","Prepared","Backflip"],"picked":"SKIP","floor":1},{"not_picked":["Outmaneuver","Setup"],"picked":"Backflip","floor":4},{"not_picked":["Deflect","Flechettes"],"picked":"Corpse Explosion","floor":6},{"not_picked":["Predator","Eviscerate"],"picked":"Blade Dance","floor":7},{"not_picked":["Burst","Well Laid Plans"],"picked":"Skewer","floor":8},{"not_picked":["All Out Attack","Poisoned Stab"],"picked":"Riddle With Holes","floor":12}],"player_experience":948042,"relics_obtained":[{"floor":6,"key":"Bottled Tornado"},{"floor":8,"key":"Paper Crane"},{"floor":9,"key":"Pantograph"},{"floor":10,"key":"Ancient Tea Set"}],"event_choices":[{"damage_healed":0,"gold_gain":175,"player_choice":"AGREE","damage_taken":0,"max_hp_gain":0,"max_hp_loss":0,"event_name":"Liars Game","floor":2,"gold_loss":0,"cards_obtained":["Doubt"]},{"damage_healed":0,"gold_gain":0,"cards_transformed":["Strike_G"],"player_choice":"Transformed","damage_taken":0,"max_hp_gain":0,"max_hp_loss":0,"event_name":"Transmorgrifier","floor":3,"gold_loss":0,"cards_obtained":["Venomology"]}],"is_beta":false,"boss_relics":[],"items_purged_floors":[5,11],"is_endless":false,"potions_floor_spawned":[7,12],"killed_by":"Gremlin Nob","ascension_level":13}