{"gold_per_floor":[110,0,0,12,25,52,52,86,161,88,88,118,118,98,98,98],"floor_reached":16,"playtime":456,"items_purged":[],"score":232,"play_id":"85484779-cbb3-4e8d-b9b0-308c0632ee60","local_time":"20181208155752","is_ascension_mode":true,"campfire_choices":[{"floor":7.0,"key":"REST"},{"floor":11.0,"key":"REST"},{"data":"Steam","floor":13.0,"key":"SMITH"},{"data":"Zap","floor":15.0,"key":"SMITH"}],"neow_cost":"NONE","seed_source_timestamp":548923330565237,"circlet_count":0,"master_deck":["AscendersBane","Strike_B","Strike_B","Strike_B","Strike_B","Defend_B","Defend_B","Defend_B","Defend_B","Zap+1","Dualcast","Compile Driver","Streamline","Steam+1","Leap","Gash","Electrodynamics","Ball Lightning","Shame","White Noise"],"special_seed":0,"relics":["Cursed Key","Prayer Wheel","Ancient Tea Set","Pear","PreservedInsect"],"potions_floor_usage":[],"damage_taken":[{"damage":4.0,"enemies":"Jaw Worm","floor":1.0,"turns":4.0},{"damage":12.0,"enemies":"Small Slimes","floor":4.0,"turns":3.0},{"damage":4.0,"enemies":"2 Louse","floor":5.0,"turns":3.0},{"damage":38.0,"enemies":"Lagavulin","floor":6.0,"turns":7.0},{"damage":19.0,"enemies":"3 Sentries","floor":8.0,"turns":6.0},{"damage":23.0,"enemies":"Lagavulin","floor":12.0,"turns":6.0},{"damage":22,"enemies":"Hexaghost","floor":16,"turns":8}],"seed_played":"9110628763605574820","potions_obtained":[{"floor":1.0,"key":"EssenceOfSteel"},{"floor":12.0,"key":"Energy Potion"},{"floor":14.0,"key":"Explosive Potion"}],"is_trial":false,"path_per_floor":["M","$","?","M","M","E","R","E","T","?","R","E","R","?","R","B"],"character_chosen":"DEFECT","items_purchased":["Streamline","Steam"],"campfire_rested":2,"item_purchase_floors":[2,2],"current_hp_per_floor":[60,60,60,48,44,6,27,8,18,18,42,19,19,19,19,0],"gold":98,"neow_bonus":"BOSS_RELIC","is_prod":false,"is_daily":false,"chose_seed":false,"campfire_upgraded":2,"win_rate":0,"timestamp":1544281072,"path_taken":["M","$","?","M","M","E","R","E","T","?","R","E","R","?","R","BOSS"],"build_version":"2018-12-06","purchased_purges":0,"victory":false,"max_hp_per_floor":[71,71,71,71,71,71,71,71,81,81,81,81,81,81,81,81],"card_choices":[{"not_picked":["Aggregate","Static Discharge"],"picked":"Compile Driver","floor":1.0},{"not_picked":["Loop","Stack"],"picked":"Leap","floor":4.0},{"not_picked":["Stack","Barrage"],"picked":"Gash","floor":5.0},{"not_picked":["Redo","Rebound"],"picked":"Electrodynamics","floor":6.0},{"not_picked":["Conserve Battery","Redo"],"picked":"Ball Lightning","floor":8.0},{"not_picked":["Buffer","Lockon"],"picked":"White Noise","floor":12.0}],"player_experience":520451,"relics_obtained":[{"floor":6.0,"key":"Prayer Wheel"},{"floor":8.0,"key":"Ancient Tea Set"},{"floor":9.0,"key":"Pear"},{"floor":12.0,"key":"PreservedInsect"}],"event_choices":[{"damage_healed":0.0,"max_hp_gain":0.0,"max_hp_loss":0.0,"gold_gain":0.0,"event_name":"The Cleric","player_choice":"Leave","floor":3.0,"gold_loss":0.0,"damage_taken":0.0},{"damage_healed":0.0,"max_hp_gain":0.0,"max_hp_loss":0.0,"gold_gain":0.0,"event_name":"World of Goop","player_choice":"Left Gold","floor":10.0,"gold_loss":73.0,"damage_taken":0.0},{"damage_healed":0.0,"max_hp_gain":0.0,"max_hp_loss":0.0,"gold_gain":0.0,"event_name":"The Woman in Blue","player_choice":"Bought 1 Potion","floor":14.0,"gold_loss":0.0,"damage_taken":0.0}],"is_beta":false,"boss_relics":[],"items_purged_floors":[],"is_endless":false,"potions_floor_spawned":[1,12],"killed_by":"Hexaghost","ascension_level":20}