{"gold_per_floor":[210,224,243,243,68,93,93,127,154,165,165,182,195,220,220,323,323,343,293,293,293,293,319,319,332,383,400,400,400],"floor_reached":29,"playtime":1465,"items_purged":["Strike_R"],"score":288,"play_id":"9f27f21a-bbf8-43c4-b329-6d2da711a4d7","local_time":"20190610174411","is_ascension_mode":false,"campfire_choices":[{"data":"Shrug It Off","floor":11,"key":"SMITH"},{"floor":15,"key":"REST"},{"floor":24,"key":"REST"},{"floor":28,"key":"REST"}],"neow_cost":"NONE","seed_source_timestamp":141529658518081,"circlet_count":0,"master_deck":["Strike_R","Strike_R","Strike_R","Defend_R","Defend_R","Defend_R","Defend_R","Bash","Shrug It Off+1","Headbutt","Berserk","Shrug It Off","Spot Weakness","Demon Form","Feed","Thunderclap+1","Inflame"],"relics":["Burning Blood","Lantern","Juzu Bracelet","Smiling Mask","Centennial Puzzle","Darkstone Periapt","Busted Crown","Gambling Chip","Meat on the Bone"],"potions_floor_usage":[6,8,14,16,23,27],"damage_taken":[{"damage":6,"enemies":"Cultist","floor":1,"turns":3},{"damage":9,"enemies":"Jaw Worm","floor":2,"turns":4},{"damage":4,"enemies":"2 Louse","floor":3,"turns":4},{"damage":22,"enemies":"Gremlin Nob","floor":6,"turns":4},{"damage":25,"enemies":"3 Sentries","floor":8,"turns":10},{"damage":0,"enemies":"Large Slime","floor":10,"turns":4},{"damage":5,"enemies":"Blue Slaver","floor":12,"turns":3},{"damage":10,"enemies":"3 Louse","floor":13,"turns":4},{"damage":38,"enemies":"Gremlin Nob","floor":14,"turns":4},{"damage":26,"enemies":"The Guardian","floor":16,"turns":10},{"damage":17,"enemies":"Chosen","floor":18,"turns":4},{"damage":49,"enemies":"Slavers","floor":23,"turns":4},{"damage":18,"enemies":"Spheric Guardian","floor":25,"turns":4},{"damage":36,"enemies":"Shelled Parasite and Fungi","floor":27,"turns":6},{"damage":66,"enemies":"Book of Stabbing","floor":29,"turns":6}],"seed_played":"4862934250497711270","potions_obtained":[{"floor":2,"key":"SteroidPotion"},{"floor":3,"key":"Dexterity Potion"},{"floor":6,"key":"PowerPotion"},{"floor":14,"key":"Block Potion"},{"floor":16,"key":"PowerPotion"},{"floor":25,"key":"Dexterity Potion"}],"is_trial":false,"path_per_floor":["M","M","M","?","$","E","?","E","T","M","R","M","M","E","R","B",null,"M","$","?","?","?","E","R","M","T","M","R","E"],"character_chosen":"IRONCLAD","items_purchased":["Lantern","Shrug It Off"],"campfire_rested":3,"item_purchase_floors":[5,5],"current_hp_per_floor":[80,77,79,79,79,63,68,49,49,55,55,56,52,20,45,25,85,74,74,74,74,58,18,45,48,48,33,62,0],"gold":400,"neow_bonus":"HUNDRED_GOLD","is_prod":false,"is_daily":false,"chose_seed":false,"campfire_upgraded":1,"win_rate":0,"timestamp":1560203051,"path_taken":["M","?","M","?","$","E","?","E","T","M","R","M","M","E","R","BOSS","M","$","?","?","?","E","R","M","T","M","R","E"],"build_version":"2019-01-23","purchased_purges":1,"victory":false,"max_hp_per_floor":[80,80,80,80,80,80,85,85,85,85,85,85,85,85,85,85,85,85,85,85,85,90,93,93,96,96,99,99,99],"card_choices":[{"not_picked":["Iron Wave","Power Through","Sentinel"],"picked":"SKIP","floor":1},{"not_picked":["Clash","Perfected Strike","True Grit"],"picked":"SKIP","floor":2},{"not_picked":["Wild Strike","Power Through","Evolve"],"picked":"SKIP","floor":3},{"not_picked":["Dropkick","Wild Strike"],"picked":"Headbutt","floor":6},{"not_picked":["Sever Soul","True Grit"],"picked":"Berserk","floor":8},{"not_picked":["Sever Soul","Iron Wave","Rupture"],"picked":"SKIP","floor":10},{"not_picked":["Heavy Blade","Clash"],"picked":"Shrug It Off","floor":12},{"not_picked":["Body Slam","Dropkick"],"picked":"Spot Weakness","floor":13},{"not_picked":["Warcry","Hemokinesis"],"picked":"Demon Form","floor":14},{"not_picked":["Barricade","Demon Form"],"picked":"Feed","floor":16},{"not_picked":[],"picked":"Thunderclap+1","floor":18},{"not_picked":["Warcry"],"picked":"SKIP","floor":23},{"not_picked":["Thunderclap"],"picked":"SKIP","floor":25},{"not_picked":[],"picked":"Inflame","floor":27}],"player_experience":193888,"relics_obtained":[{"floor":6,"key":"Juzu Bracelet"},{"floor":8,"key":"Smiling Mask"},{"floor":9,"key":"Centennial Puzzle"},{"floor":14,"key":"Darkstone Periapt"},{"floor":23,"key":"Meat on the Bone"}],"event_choices":[{"damage_healed":0,"gold_gain":0,"player_choice":"Ignored","damage_taken":0,"max_hp_gain":0,"max_hp_loss":0,"event_name":"Golden Idol","floor":4,"gold_loss":0},{"damage_healed":0,"gold_gain":0,"player_choice":"Donut","damage_taken":0,"max_hp_gain":5,"max_hp_loss":0,"event_name":"Big Fish","floor":7,"gold_loss":0},{"cards_removed":["Strike_R"],"damage_healed":0,"gold_gain":0,"player_choice":"Elegance","damage_taken":0,"max_hp_gain":0,"max_hp_loss":0,"event_name":"Back to Basics","floor":20,"gold_loss":0},{"damage_healed":0,"gold_gain":0,"player_choice":"Opened","damage_taken":0,"relics_obtained":["Gambling Chip"],"max_hp_gain":0,"max_hp_loss":0,"event_name":"The Mausoleum","floor":21,"gold_loss":0},{"damage_healed":0,"gold_gain":0,"player_choice":"Shed Blood","damage_taken":21,"max_hp_gain":5,"max_hp_loss":0,"event_name":"Forgotten Altar","floor":22,"gold_loss":0}],"is_beta":false,"boss_relics":[{"not_picked":["Eternal Feather","Pandora\u0027s Box"],"picked":"Busted Crown"}],"items_purged_floors":[19],"is_endless":false,"potions_floor_spawned":[2,3,6,14,16,25],"killed_by":"Book of Stabbing","ascension_level":0}