{"gold_per_floor":[117,135,135,150,150,150,160,160,160,160,170,199,199,218,218,218],"floor_reached":16,"playtime":467,"items_purged":[],"score":184,"play_id":"59288b23-1ce7-4e7c-b55b-d1392c718edd","local_time":"20190523175916","is_ascension_mode":true,"campfire_choices":[{"data":"Bash","floor":6.0,"key":"SMITH"},{"data":"Sever Soul","floor":8.0,"key":"SMITH"},{"data":"Anger","floor":10.0,"key":"SMITH"},{"floor":15,"key":"REST"}],"neow_cost":"PERCENT_DAMAGE","seed_source_timestamp":845291433038900,"circlet_count":0,"master_deck":["AscendersBane","Strike_R","Defend_R","Defend_R","Defend_R","Defend_R","Bash+1","Anger+1","Shrug It Off","Impervious","Sever Soul+1","Headbutt","Whirlwind+1","Reckless Charge+1","Iron Wave+1"],"special_seed":0,"relics":["Burning Blood","Molten Egg 2","Shovel","Kunai"],"potions_floor_usage":[12],"damage_taken":[{"damage":6.0,"enemies":"Small Slimes","floor":1.0,"turns":4.0},{"damage":8.0,"enemies":"Jaw Worm","floor":2.0,"turns":4.0},{"damage":6.0,"enemies":"Cultist","floor":4.0,"turns":5.0},{"damage":0.0,"enemies":"Large Slime","floor":7.0,"turns":5.0},{"damage":31.0,"enemies":"Gremlin Gang","floor":11.0,"turns":5.0},{"damage":20,"enemies":"Lagavulin","floor":12,"turns":5},{"damage":2,"enemies":"2 Fungi Beasts","floor":14,"turns":4},{"damage":42,"enemies":"The Guardian","floor":16,"turns":6}],"seed_played":"-4991775943307178905","potions_obtained":[{"floor":2.0,"key":"SmokeBomb"},{"floor":4.0,"key":"FearPotion"},{"floor":14,"key":"Explosive Potion"}],"is_trial":false,"path_per_floor":["M","M","?","M","?","R","M","R","T","R","M","E","?","M","R","B"],"character_chosen":"IRONCLAD","items_purchased":[],"campfire_rested":1,"item_purchase_floors":[],"current_hp_per_floor":[50,48,48,48,48,48,54,54,54,54,29,15,15,19,41,0],"gold":218,"neow_bonus":"REMOVE_TWO","is_prod":false,"is_daily":false,"chose_seed":false,"campfire_upgraded":3,"win_rate":0,"timestamp":1558627156,"path_taken":["M","M","?","M","?","R","?","R","T","R","M","E","?","M","R","BOSS"],"build_version":"2019-01-23","purchased_purges":0,"victory":false,"max_hp_per_floor":[75,75,75,75,75,75,75,75,75,75,75,75,75,75,75,75],"card_choices":[{"not_picked":["Flex","Entrench"],"picked":"Anger","floor":1.0},{"not_picked":["Feel No Pain","Armaments"],"picked":"Shrug It Off","floor":2.0},{"not_picked":["Feel No Pain","Disarm"],"picked":"Sever Soul","floor":4.0},{"not_picked":["Battle Trance","Flex"],"picked":"Headbutt","floor":7.0},{"not_picked":["Shrug It Off","Clash+1"],"picked":"Whirlwind+1","floor":11},{"not_picked":["Metallicize","Rage"],"picked":"Reckless Charge+1","floor":12},{"not_picked":["Warcry","Shrug It Off"],"picked":"Iron Wave+1","floor":14}],"player_experience":1188666,"relics_obtained":[{"floor":9.0,"key":"Molten Egg 2"},{"floor":12,"key":"Shovel"}],"event_choices":[{"damage_healed":0.0,"max_hp_gain":0.0,"max_hp_loss":0.0,"gold_gain":0.0,"cards_transformed":["Strike_R"],"event_name":"Living Wall","player_choice":"Change","floor":3.0,"gold_loss":0.0,"damage_taken":0.0,"cards_obtained":["Impervious"]},{"cards_removed":["Strike_R"],"damage_healed":0.0,"max_hp_gain":0.0,"max_hp_loss":0.0,"gold_gain":0.0,"event_name":"Bonfire Elementals","player_choice":"Offered Basic","floor":5.0,"gold_loss":0.0,"damage_taken":0.0},{"damage_healed":0,"gold_gain":0,"player_choice":"Gave Potion","damage_taken":0,"relics_obtained":["Kunai"],"max_hp_gain":0,"max_hp_loss":0,"event_name":"WeMeetAgain","floor":13,"gold_loss":0}],"is_beta":false,"boss_relics":[],"items_purged_floors":[],"is_endless":false,"potions_floor_spawned":[2,4,14],"killed_by":"The Guardian","ascension_level":16}