{"gold_per_floor":[116,116,41,60,35,35,47,82,82,82,157,176,176,191,191,191],"floor_reached":16,"playtime":495,"items_purged":["Strike_R"],"score":200,"play_id":"8bf6035f-dad1-4380-a3ed-3e6a43f27ab7","local_time":"20190513231720","is_ascension_mode":true,"campfire_choices":[{"data":"Combust","floor":6,"key":"SMITH"},{"data":"Combust","floor":10,"key":"SMITH"},{"floor":15,"key":"REST"}],"neow_cost":"PERCENT_DAMAGE","seed_source_timestamp":2695475635604910,"circlet_count":0,"master_deck":["AscendersBane","Strike_R","Strike_R","Strike_R","Defend_R","Defend_R","Defend_R","Bash","Headbutt","Combust+1","Shrug It Off","Combust+1"],"relics":["Burning Blood","Molten Egg 2","Singing Bowl","Golden Idol"],"potions_floor_usage":[],"damage_taken":[{"damage":12,"enemies":"Jaw Worm","floor":1,"turns":3},{"damage":8,"enemies":"Cultist","floor":4,"turns":3},{"damage":4,"enemies":"Small Slimes","floor":7,"turns":3},{"damage":40,"enemies":"Lagavulin","floor":8,"turns":5},{"damage":4,"enemies":"2 Fungi Beasts","floor":12,"turns":3},{"damage":8,"enemies":"Looter","floor":14,"turns":3},{"damage":0,"enemies":"The Guardian","floor":16,"turns":2}],"seed_played":"5904477722559436911","potions_obtained":[{"floor":4,"key":"SpeedPotion"},{"floor":7,"key":"EssenceOfSteel"}],"is_trial":false,"path_per_floor":["M","?","$","M","$","R","M","E","T","R","?","M","?","M","R","B"],"character_chosen":"IRONCLAD","items_purchased":["Shrug It Off"],"campfire_rested":1,"item_purchase_floors":[5],"current_hp_per_floor":[44,75,75,73,73,73,75,41,41,41,30,34,34,34,55,55],"gold":191,"neow_bonus":"TRANSFORM_TWO_CARDS","is_prod":false,"is_daily":false,"chose_seed":false,"campfire_upgraded":2,"win_rate":0,"timestamp":1557782240,"path_taken":["M","?","$","M","$","R","?","E","T","R","?","M","?","M","R","BOSS"],"build_version":"2019-01-23","purchased_purges":1,"victory":false,"max_hp_per_floor":[75,75,75,75,75,75,75,75,75,75,75,77,70,72,72,72],"card_choices":[{"not_picked":["Havoc","Flex"],"picked":"Combust","floor":1},{"not_picked":["Rage","True Grit","Thunderclap"],"picked":"SKIP","floor":4},{"not_picked":["Metallicize","Anger"],"picked":"Combust","floor":7},{"not_picked":["Clash","Anger","Reckless Charge"],"picked":"SKIP","floor":8},{"not_picked":["Body Slam+1","Clash+1","Flame Barrier"],"picked":"Singing Bowl","floor":12},{"not_picked":["Twin Strike+1","True Grit","Clash+1"],"picked":"Singing Bowl","floor":14}],"player_experience":787949,"relics_obtained":[{"floor":8,"key":"Molten Egg 2"},{"floor":9,"key":"Singing Bowl"}],"event_choices":[{"cards_removed":["Combust"],"damage_healed":31,"gold_gain":0,"player_choice":"Offered Uncommon","damage_taken":0,"max_hp_gain":0,"max_hp_loss":0,"event_name":"Bonfire Elementals","floor":2,"gold_loss":0},{"damage_healed":0,"gold_gain":75,"player_choice":"Gather Gold","damage_taken":11,"max_hp_gain":0,"max_hp_loss":0,"event_name":"World of Goop","floor":11,"gold_loss":0},{"damage_healed":0,"gold_gain":0,"player_choice":"Lose Max HP","damage_taken":0,"relics_obtained":["Golden Idol"],"max_hp_gain":0,"max_hp_loss":7,"event_name":"Golden Idol","floor":13,"gold_loss":0}],"is_beta":false,"boss_relics":[],"items_purged_floors":[3],"is_endless":false,"potions_floor_spawned":[4,7,14],"killed_by":"The Guardian","ascension_level":20}