{"gold_per_floor":[114,13,23,42,42,68,87,100,100,129,156,168,180,192,204,315,377,401,75,0,99,48,48,76,94,144,73,73,89,89,89,89,185,185,197,197,197,215,226,226,226],"floor_reached":41,"playtime":1936,"items_purged":["Strike_B"],"score":514,"play_id":"bcc701fe-3dda-4763-89c9-e00e86cb1206","local_time":"20180803232827","is_ascension_mode":true,"campfire_choices":[{"data":"Streamline","floor":12,"key":"SMITH"},{"floor":15,"key":"REST"},{"data":"Biased Cognition","floor":23,"key":"SMITH"},{"data":"Consume","floor":30,"key":"SMITH"},{"floor":32,"key":"REST"},{"floor":40,"key":"REST"}],"neow_cost":"","seed_source_timestamp":1087785895310932,"circlet_count":0,"master_deck":["Strike_B+1","Strike_B+1","Strike_B+1","Defend_B+1","Defend_B+1","Defend_B+1","Defend_B+1","Zap","Dualcast","Streamline+1","Coolheaded","Coolheaded","Gash","Rebound","Hologram","Double Energy+1","Rainbow","Biased Cognition+1","Gash","Stack+1","Capacitor","Redo+1","Capacitor+1","Consume+1","Defragment+1","Gash+1","Machine Learning","Rebound+1","Barrage"],"relics":["Cracked Core","Anchor","MawBank","Bag of Marbles","Tiny House","ClockworkSouvenir","Gremlin Horn","Dream Catcher","Inserter","Potion Belt"],"potions_floor_usage":[16,24,24,29,41],"damage_taken":[{"damage":0,"enemies":"2 Louse","floor":1,"turns":3},{"damage":0,"enemies":"Jaw Worm","floor":3,"turns":4},{"damage":0,"enemies":"Cultist","floor":4,"turns":3},{"damage":21,"enemies":"Lagavulin","floor":6,"turns":8},{"damage":0,"enemies":"Blue Slaver","floor":7,"turns":2},{"damage":8,"enemies":"Large Slime","floor":8,"turns":5},{"damage":0,"enemies":"Exordium Wildlife","floor":10,"turns":3},{"damage":6,"enemies":"3 Louse","floor":11,"turns":3},{"damage":27,"enemies":"The Guardian","floor":16,"turns":12},{"damage":0,"enemies":"Chosen","floor":18,"turns":4},{"damage":2,"enemies":"Slavers","floor":24,"turns":3},{"damage":2,"enemies":"Shell Parasite","floor":25,"turns":2},{"damage":12,"enemies":"Snecko","floor":29,"turns":5},{"damage":7,"enemies":"Automaton","floor":33,"turns":9},{"damage":30,"enemies":"3 Darklings","floor":35,"turns":6},{"damage":17,"enemies":"Flame Bruiser 1 Orb","floor":38,"turns":9},{"damage":5,"enemies":"Maw","floor":39,"turns":8},{"damage":55,"enemies":"Flame Bruiser 2 Orb","floor":41,"turns":4}],"seed_played":"1929191548568195428","potions_obtained":[{"floor":4,"key":"Block Potion"},{"floor":8,"key":"Explosive Potion"},{"floor":17,"key":"EntropicBrew"},{"floor":25,"key":"PowerPotion"},{"floor":39,"key":"FearPotion"}],"is_trial":false,"path_per_floor":["M","$","M","M","$","E","M","M","T","M","M","R","?","$","R","B",null,"M","$","?","?","$","R","E","M","T","$","?","M","R","?","R","B",null,"M","?","?","M","M","R"],"character_chosen":"DEFECT","items_purchased":["Coolheaded","FearPotion","ClockworkSouvenir","Capacitor","SteroidPotion","Consume"],"campfire_rested":3,"item_purchase_floors":[2,2,19,19,22,27],"current_hp_per_floor":[75,75,75,75,75,54,54,46,46,46,40,40,33,33,55,28,68,68,68,68,68,68,68,66,64,64,64,64,52,52,52,76,69,77,47,47,47,30,25,49,0],"gold":226,"neow_bonus":"","is_prod":false,"is_daily":false,"chose_seed":false,"campfire_upgraded":3,"win_rate":0,"timestamp":1533335307,"path_taken":["M","$","M","M","$","E","M","M","T","M","M","R","?","$","R","BOSS","M","$","?","?","$","R","E","M","T","$","?","M","R","?","R","BOSS","M","?","?","M","M","R","M"],"build_version":"2018-08-02","purchased_purges":1,"victory":false,"max_hp_per_floor":[75,75,75,75,75,75,75,75,75,75,75,75,75,75,75,75,80,80,80,80,80,80,80,80,80,80,80,80,80,80,80,80,80,80,80,80,80,80,80,80,80],"card_choices":[{"not_picked":["Hologram","Ball Lightning"],"picked":"Streamline","floor":1},{"not_picked":["Force Field","Self Repair"],"picked":"Coolheaded","floor":3},{"not_picked":["Genetic Algorithm","Cold Snap"],"picked":"Gash","floor":4},{"not_picked":["Turbo","Coolheaded"],"picked":"Rebound","floor":6},{"not_picked":["Compile Driver","Cold Snap","Glacier"],"picked":"SKIP","floor":7},{"not_picked":["Chill","Rebound"],"picked":"Hologram","floor":8},{"not_picked":["Ball Lightning","Skim"],"picked":"Double Energy","floor":10},{"not_picked":["Ball Lightning","FTL"],"picked":"Rainbow","floor":11},{"not_picked":["Hyperbeam","Reboot"],"picked":"Biased Cognition","floor":16},{"not_picked":["Cold Snap","Genetic Algorithm"],"picked":"Gash","floor":17},{"not_picked":["Rebound","Steam Power"],"picked":"Stack+1","floor":18},{"not_picked":["Reprogram+1","Fission"],"picked":"Redo+1","floor":24},{"not_picked":["Consume","Sunder"],"picked":"Capacitor+1","floor":25},{"not_picked":["Steam","Capacitor"],"picked":"Defragment+1","floor":29},{"not_picked":["Rebound","Turbo"],"picked":"Gash+1","floor":32},{"not_picked":["Biased Cognition","Multi-Cast"],"picked":"Machine Learning","floor":33},{"not_picked":["Turbo+1","Cold Snap+1","Stack+1"],"picked":"SKIP","floor":35},{"not_picked":["Capacitor+1","Steam+1"],"picked":"Rebound+1","floor":38},{"not_picked":["Redo+1","Ball Lightning+1"],"picked":"Barrage","floor":39}],"player_experience":525308,"relics_obtained":[{"floor":6,"key":"Anchor"},{"floor":9,"key":"MawBank"},{"floor":24,"key":"Gremlin Horn"},{"floor":26,"key":"Dream Catcher"}],"event_choices":[{"event_name":"Scrap Ooze","player_choice":"success","floor":13,"damage_taken":7},{"event_name":"Masked Bandits","player_choice":"Paid Bandits 75 gold","floor":20,"damage_taken":0},{"event_name":"Nest","player_choice":"Stole From Cult","floor":21,"damage_taken":0},{"event_name":"Beggar","player_choice":"Ignored","floor":28,"damage_taken":0},{"event_name":"Back to Basics","player_choice":"Simplicity","floor":31,"damage_taken":0},{"event_name":"Wheel of Change","player_choice":"Relic","floor":36,"damage_taken":0},{"event_name":"Accursed Blacksmith","player_choice":"Ignore","floor":37,"damage_taken":0}],"is_beta":false,"boss_relics":[{"not_picked":["Runic Pyramid","Busted Crown"],"picked":"Tiny House"},{"not_picked":["Runic Dome","Lizard Tail"],"picked":"Inserter"}],"items_purged_floors":[19],"is_endless":false,"potions_floor_spawned":[4,8,10,11,25,39],"killed_by":"Flame Bruiser 2 Orb","ascension_level":5}