{"gold_per_floor":[114,114,126,126,38,38,54,54,80,80,91,91,119,139,139,139],"floor_reached":16,"playtime":528,"items_purged":[],"score":185,"play_id":"a4499368-38ea-45a2-9860-f9cc4409ffb4","local_time":"20190716230505","is_ascension_mode":true,"campfire_choices":[{"data":"Enlightenment","floor":6,"key":"SMITH"},{"data":"Bash","floor":8,"key":"SMITH"},{"data":"Forethought","floor":10,"key":"SMITH"},{"data":"Second Wind","floor":12,"key":"SMITH"},{"data":"Body Slam","floor":15,"key":"SMITH"}],"neow_cost":"PERCENT_DAMAGE","seed_source_timestamp":354205423865900,"circlet_count":0,"master_deck":["AscendersBane","Strike_R","Strike_R","Strike_R","Defend_R","Defend_R","Defend_R","Defend_R","Bash+1","Forethought+1","Enlightenment+1","Pommel Strike","Anger","Impervious","Feed","Second Wind+1","Anger","Body Slam+1","Shrug It Off"],"relics":["Burning Blood","Pen Nib","Smiling Mask"],"potions_floor_usage":[13,16,16],"damage_taken":[{"damage":10,"enemies":"Small Slimes","floor":1,"turns":4},{"damage":1,"enemies":"Cultist","floor":3,"turns":4},{"damage":2,"enemies":"Jaw Worm","floor":7,"turns":5},{"damage":8,"enemies":"Red Slaver","floor":11,"turns":4},{"damage":22,"enemies":"Gremlin Nob","floor":13,"turns":5},{"damage":7,"enemies":"Large Slime","floor":14,"turns":4},{"damage":45,"enemies":"The Guardian","floor":16,"turns":11}],"seed_played":"-3742895588580290130","potions_obtained":[{"floor":1,"key":"Block Potion"},{"floor":3,"key":"Strength Potion"},{"floor":13,"key":"Fire Potion"}],"is_trial":false,"path_per_floor":["M","?","M","?","$","R","M","R","T","R","M","R","E","M","R","B"],"character_chosen":"IRONCLAD","items_purchased":["Feed"],"campfire_rested":0,"item_purchase_floors":[5],"current_hp_per_floor":[46,46,51,51,51,51,58,58,58,58,56,56,40,42,42,0],"gold":139,"neow_bonus":"RANDOM_COLORLESS_2","is_prod":false,"is_daily":false,"chose_seed":false,"campfire_upgraded":5,"win_rate":0,"timestamp":1563311105,"path_taken":["M","?","?","?","$","R","M","R","T","R","M","R","E","M","R","BOSS"],"build_version":"2019-07-05","purchased_purges":0,"victory":false,"max_hp_per_floor":[75,75,75,75,75,75,78,78,78,78,78,78,78,81,81,81],"card_choices":[{"not_picked":["Pummel","Cleave"],"picked":"Pommel Strike","floor":1},{"not_picked":["Wild Strike","Impervious"],"picked":"Anger","floor":3},{"not_picked":["Burning Pact","Warcry"],"picked":"Second Wind","floor":7},{"not_picked":["Fire Breathing","Uppercut"],"picked":"Anger","floor":11},{"not_picked":["Perfected Strike","Heavy Blade"],"picked":"Body Slam","floor":13},{"not_picked":["Metallicize","True Grit"],"picked":"Shrug It Off","floor":14}],"player_experience":1664545,"relics_obtained":[{"floor":9,"key":"Pen Nib"},{"floor":13,"key":"Smiling Mask"}],"event_choices":[{"cards_removed":["Strike_R"],"damage_healed":0,"gold_gain":0,"player_choice":"Purged","damage_taken":0,"max_hp_gain":0,"max_hp_loss":0,"event_name":"Purifier","floor":2,"gold_loss":0},{"damage_healed":0,"gold_gain":0,"cards_transformed":["Strike_R"],"player_choice":"Transformed","damage_taken":0,"max_hp_gain":0,"max_hp_loss":0,"event_name":"Transmorgrifier","floor":4,"gold_loss":0,"cards_obtained":["Impervious"]}],"is_beta":false,"boss_relics":[],"items_purged_floors":[],"is_endless":false,"potions_floor_spawned":[1,3,13],"killed_by":"The Guardian","ascension_level":17}