{"gold_per_floor":[116,116,116,139,157,157,196,196,220,220,220,258,39,64,64,155,155,179,200,100,118,118],"floor_reached":22,"playtime":685,"items_purged":["Injury","Strike_R"],"score":464,"play_id":"899562dc-b1a5-4a7e-939b-0c5ce03ac0e2","local_time":"20190807205641","is_ascension_mode":true,"campfire_choices":[{"data":"Spot Weakness","floor":6,"key":"SMITH"},{"data":"Shockwave","floor":8,"key":"SMITH"},{"data":"Bash","floor":11,"key":"SMITH"},{"floor":15,"key":"REST"}],"neow_cost":"NONE","seed_source_timestamp":446274626345100,"circlet_count":0,"master_deck":["AscendersBane","Strike_R","Strike_R","Strike_R+1","Strike_R+1","Defend_R","Defend_R","Defend_R","Defend_R","Bash+1","Shockwave+1","Intimidate","Havoc","Spot Weakness+1","Infernal Blade","Flex","True Grit","Anger","Jack Of All Trades","Flame Barrier","Double Tap","Second Wind+1","Armaments","Rampage"],"relics":["Burning Blood","NeowsBlessing","Golden Idol","Pen Nib","Omamori","FossilizedHelix","Whetstone","Cursed Key"],"potions_floor_usage":[16,16,18,22],"damage_taken":[{"damage":0,"enemies":"Jaw Worm","floor":1,"turns":1},{"damage":0,"enemies":"Cultist","floor":4,"turns":1},{"damage":0,"enemies":"2 Louse","floor":5,"turns":1},{"damage":35,"enemies":"Gremlin Nob","floor":7,"turns":4},{"damage":39,"enemies":"Lagavulin","floor":12,"turns":10},{"damage":3,"enemies":"Looter","floor":14,"turns":3},{"damage":0,"enemies":"Slime Boss","floor":16,"turns":7},{"damage":0,"enemies":"Spheric Guardian","floor":18,"turns":3},{"damage":3,"enemies":"Shell Parasite","floor":19,"turns":4},{"damage":47,"enemies":"Cultist and Chosen","floor":21,"turns":8},{"damage":38,"enemies":"Shelled Parasite and Fungi","floor":22,"turns":4}],"seed_played":"-2808627439539884410","potions_obtained":[{"floor":7,"key":"PowerPotion"},{"floor":12,"key":"LiquidBronze"},{"floor":16,"key":"Fire Potion"},{"floor":18,"key":"Poison Potion"},{"floor":21,"key":"Energy Potion"}],"is_trial":false,"path_per_floor":["M","?","?","M","M","R","E","R","T","T","R","E","$","M","R","B",null,"M","M","$","M","M"],"character_chosen":"IRONCLAD","items_purchased":["Anger","Jack Of All Trades"],"campfire_rested":1,"item_purchase_floors":[13,13],"current_hp_per_floor":[74,74,74,75,75,75,46,46,46,46,46,13,13,16,38,44,67,73,75,75,34,0],"gold":118,"neow_bonus":"THREE_ENEMY_KILL","is_prod":false,"is_daily":false,"chose_seed":false,"campfire_upgraded":3,"win_rate":0,"timestamp":1565204201,"path_taken":["M","?","?","M","?","R","E","R","T","?","R","E","?","M","R","BOSS","M","M","$","?","M"],"build_version":"2019-07-17","purchased_purges":2,"victory":false,"max_hp_per_floor":[75,75,75,75,75,75,75,75,75,75,75,75,75,75,75,75,75,75,75,75,75,75],"card_choices":[{"not_picked":["Clothesline","True Grit"],"picked":"Shockwave","floor":1},{"not_picked":["Flex","Rage"],"picked":"Spot Weakness","floor":4},{"not_picked":["Thunderclap","Entrench"],"picked":"Infernal Blade","floor":5},{"not_picked":["Pummel","Impervious"],"picked":"Flex","floor":7},{"not_picked":["Whirlwind","Clothesline"],"picked":"True Grit","floor":12},{"not_picked":["Clothesline","Thunderclap"],"picked":"Flame Barrier","floor":14},{"not_picked":["Fiend Fire","Dark Embrace"],"picked":"Double Tap","floor":16},{"not_picked":["Pummel","Cleave"],"picked":"Second Wind+1","floor":18},{"not_picked":["True Grit","Flame Barrier+1"],"picked":"Armaments","floor":19},{"not_picked":["Heavy Blade","Cleave"],"picked":"Rampage","floor":21}],"player_experience":1807887,"relics_obtained":[{"floor":7,"key":"Pen Nib"},{"floor":9,"key":"Omamori"},{"floor":10,"key":"FossilizedHelix"},{"floor":12,"key":"Whetstone"}],"event_choices":[{"damage_healed":0,"gold_gain":0,"player_choice":"Take Wound","damage_taken":0,"relics_obtained":["Golden Idol"],"max_hp_gain":0,"max_hp_loss":0,"event_name":"Golden Idol","floor":2,"gold_loss":0,"cards_obtained":["Injury"]},{"damage_healed":0,"gold_gain":0,"player_choice":"2 cards matched","damage_taken":0,"max_hp_gain":0,"max_hp_loss":0,"event_name":"Match and Keep!","floor":3,"gold_loss":0,"cards_obtained":["Intimidate","Havoc"]}],"is_beta":false,"boss_relics":[{"not_picked":["Snecko Eye","Black Blood"],"picked":"Cursed Key"}],"items_purged_floors":[13,20],"is_endless":false,"potions_floor_spawned":[7,12,14,16,18,21],"killed_by":"Shelled Parasite and Fungi","ascension_level":18}