{"gold_per_floor":[109,72,72,88,36,64,84,103,103,103,430,430,456,488,500,589,601,629,660,324,336,14,14,25,25,25,50,50,80,93,93,93,170,170,183,283,333,333,333],"floor_reached":39,"playtime":1801,"items_purged":["Sweeping Beam"],"score":1049,"play_id":"1cdca003-1a89-4d17-a619-13d846d7b788","local_time":"20190613000034","is_ascension_mode":true,"campfire_choices":[{"data":"Zap","floor":10.0,"key":"SMITH"},{"floor":12.0,"key":"REST"},{"data":"Capacitor","floor":15.0,"key":"SMITH"},{"data":"Sunder","floor":23.0,"key":"SMITH"},{"floor":28.0,"key":"REST"},{"floor":32.0,"key":"REST"}],"neow_cost":"NONE","seed_source_timestamp":0,"circlet_count":0,"master_deck":["AscendersBane","Zap+1","Hello World","Scrape","Go for the Eyes","Melter","Cold Snap","Beam Cell","Coolheaded","Capacitor+1","Ball Lightning","All For One","Skim","Blizzard","Loop","Self Repair","Auto Shields","Storm","Tempest","Genetic Algorithm","Beam Cell","Glacier+1","Self Repair","Sunder+1","Storm","Static Discharge","Capacitor","Coolheaded","Hologram","Creative AI","Hologram","Barrage+1","Conserve Battery"],"special_seed":0,"relics":["Cracked Core","NeowsBlessing","Ancient Tea Set","Mummified Hand","Old Coin","MawBank","Pandora\u0027s Box","Sling","Blood Vial","Shuriken","PreservedInsect","Vajra","Fusion Hammer","Pocketwatch","Calipers"],"potions_floor_usage":[],"damage_taken":[{"damage":0.0,"enemies":"2 Louse","floor":1.0,"turns":1.0},{"damage":0.0,"enemies":"Cultist","floor":4.0,"turns":1.0},{"damage":0.0,"enemies":"Lagavulin","floor":6.0,"turns":1.0},{"damage":7.0,"enemies":"Small Slimes","floor":7.0,"turns":2.0},{"damage":8.0,"enemies":"Exordium Wildlife","floor":8.0,"turns":3.0},{"damage":25.0,"enemies":"Gremlin Nob","floor":11.0,"turns":4.0},{"damage":10.0,"enemies":"3 Sentries","floor":13.0,"turns":7.0},{"damage":6.0,"enemies":"3 Louse","floor":14.0,"turns":3.0},{"damage":0.0,"enemies":"Hexaghost","floor":16.0,"turns":8.0},{"damage":6.0,"enemies":"2 Thieves","floor":18.0,"turns":2.0},{"damage":13.0,"enemies":"3 Byrds","floor":19.0,"turns":4.0},{"damage":0.0,"enemies":"Centurion and Healer","floor":21.0,"turns":4.0},{"damage":16.0,"enemies":"Sentry and Sphere","floor":24.0,"turns":4.0},{"damage":46.0,"enemies":"Slavers","floor":27.0,"turns":4.0},{"damage":3.0,"enemies":"Book of Stabbing","floor":29.0,"turns":2.0},{"damage":23.0,"enemies":"Snake Plant","floor":30.0,"turns":3.0},{"damage":25.0,"enemies":"Collector","floor":33.0,"turns":7.0},{"damage":5.0,"enemies":"Orb Walker","floor":35.0,"turns":2.0},{"damage":0.0,"enemies":"Mind Bloom Boss Battle","floor":36.0,"turns":5.0},{"damage":51.0,"enemies":"2 Orb Walkers","floor":37.0,"turns":4.0},{"damage":44,"enemies":"3 Shapes","floor":39,"turns":4}],"seed_played":"924996023460818698","potions_obtained":[{"floor":1.0,"key":"PowerPotion"},{"floor":4.0,"key":"SkillPotion"},{"floor":13.0,"key":"FocusPotion"},{"floor":19.0,"key":"LiquidBronze"},{"floor":21.0,"key":"GamblersBrew"},{"floor":27.0,"key":"EssenceOfSteel"},{"floor":30.0,"key":"FocusPotion"},{"floor":36.0,"key":"SpeedPotion"}],"is_trial":false,"path_per_floor":["M","$","?","M","$","E","M","M","T","R","E","R","E","M","R","B",null,"M","M","$","M","$","R","M","?","T","E","R","E","M","?","R","B",null,"M","?","?","?","M"],"character_chosen":"DEFECT","items_purchased":["Scrape","Go for the Eyes","Self Repair","Sunder","Sling","Static Discharge","Blood Vial"],"campfire_rested":3,"item_purchase_floors":[2,5,20,20,20,22,22],"current_hp_per_floor":[64,64,54,54,54,54,47,39,39,39,14,35,25,19,19,19,58,52,46,46,60,60,60,53,53,53,16,37,36,22,22,43,34,62,66,71,34,34,0],"gold":333,"neow_bonus":"THREE_ENEMY_KILL","is_prod":false,"is_daily":false,"chose_seed":false,"campfire_upgraded":3,"win_rate":0,"timestamp":1560376834,"path_taken":["M","$","?","M","$","E","?","M","T","R","E","R","E","?","R","BOSS","M","M","$","M","$","R","M","?","T","E","R","E","M","?","R","BOSS","M","?","?","?","?"],"build_version":"2019-01-23","purchased_purges":1,"victory":false,"max_hp_per_floor":[71,71,71,71,71,71,71,71,71,71,71,71,71,71,71,71,71,71,71,71,71,71,71,71,71,71,71,71,71,71,71,71,71,71,71,71,71,71,71],"card_choices":[{"not_picked":["Streamline","Tempest"],"picked":"Hello World","floor":1.0},{"not_picked":["Steam","Capacitor"],"picked":"Sweeping Beam","floor":4.0},{"not_picked":["Barrage","Compile Driver"],"picked":"Melter","floor":6.0},{"not_picked":["Steam","White Noise"],"picked":"Cold Snap","floor":7.0},{"not_picked":["Coolheaded","Hello World"],"picked":"Beam Cell","floor":8.0},{"not_picked":["Compile Driver","Heatsinks"],"picked":"Coolheaded","floor":11.0},{"not_picked":["Loop","Compile Driver"],"picked":"Capacitor","floor":13.0},{"not_picked":["Machine Learning","Stack"],"picked":"Ball Lightning","floor":14.0},{"not_picked":["Biased Cognition","Hyperbeam"],"picked":"All For One","floor":16.0},{"not_picked":["Skim","Scrape"],"picked":"Beam Cell","floor":18.0},{"not_picked":["Leap","Steam Power"],"picked":"Glacier+1","floor":19.0},{"not_picked":["Barrage","Leap"],"picked":"Storm","floor":21.0},{"not_picked":["Chill","Ball Lightning"],"picked":"Capacitor","floor":24.0},{"not_picked":["Beam Cell","Genetic Algorithm"],"picked":"Coolheaded","floor":27.0},{"not_picked":["Chaos","Melter","Auto Shields+1"],"picked":"SKIP","floor":29.0},{"not_picked":["Stack","Scrape"],"picked":"Hologram","floor":30.0},{"not_picked":["Reboot","Multi-Cast"],"picked":"Creative AI","floor":33.0},{"not_picked":["Coolheaded","Blizzard"],"picked":"Hologram","floor":35.0},{"not_picked":["Fusion+1","Force Field"],"picked":"Barrage+1","floor":36.0},{"not_picked":["Steam Power","Compile Driver"],"picked":"Conserve Battery","floor":37.0}],"player_experience":832746,"relics_obtained":[{"floor":6.0,"key":"Ancient Tea Set"},{"floor":9.0,"key":"Mummified Hand"},{"floor":11.0,"key":"Old Coin"},{"floor":13.0,"key":"MawBank"},{"floor":26.0,"key":"Shuriken"},{"floor":27.0,"key":"PreservedInsect"},{"floor":29.0,"key":"Vajra"},{"floor":36.0,"key":"Pocketwatch"},{"floor":37.0,"key":"Calipers"}],"event_choices":[{"damage_healed":0.0,"max_hp_gain":0.0,"max_hp_loss":0.0,"gold_gain":0.0,"event_name":"Wheel of Change","player_choice":"Damaged","floor":3.0,"gold_loss":0.0,"damage_taken":10.0},{"damage_healed":0.0,"max_hp_gain":0.0,"max_hp_loss":0.0,"gold_gain":0.0,"event_name":"Beggar","player_choice":"Ignored","floor":25.0,"gold_loss":0.0,"damage_taken":0.0},{"cards_removed":["Dualcast"],"damage_healed":0.0,"max_hp_gain":0.0,"max_hp_loss":0.0,"gold_gain":0.0,"event_name":"Back to Basics","player_choice":"Elegance","floor":31.0,"gold_loss":0.0,"damage_taken":0.0},{"damage_healed":0.0,"max_hp_gain":0.0,"max_hp_loss":0.0,"gold_gain":0.0,"event_name":"MindBloom","player_choice":"Fight","floor":36.0,"gold_loss":0.0,"damage_taken":0.0},{"damage_healed":0.0,"max_hp_gain":0.0,"max_hp_loss":0.0,"gold_gain":0.0,"event_name":"Mysterious Sphere","player_choice":"Fight","floor":37.0,"gold_loss":0.0,"damage_taken":0.0},{"damage_healed":0.0,"max_hp_gain":0.0,"max_hp_loss":0.0,"gold_gain":0.0,"event_name":"Tomb of Lord Red Mask","player_choice":"Ignored","floor":38.0,"gold_loss":0.0,"damage_taken":0.0}],"is_beta":false,"boss_relics":[{"not_picked":["Runic Dome","FrozenCore"],"picked":"Pandora\u0027s Box"},{"not_picked":["Cursed Key","White Beast Statue"],"picked":"Fusion Hammer"}],"items_purged_floors":[22],"is_endless":false,"potions_floor_spawned":[1,4,13,19,21,27,30,36],"killed_by":"3 Shapes","ascension_level":20}