{"gold_per_floor":[209,221,221,221,396,396,424,424,424,435,447,461,67,67,67,162,162,176,6,6,33,44,44,56,56,56,75,75,75,25,43,43,148,148,164,164,177,102,114,114,126,0,46,46,73,84,8,24,24,24],"floor_reached":51,"playtime":1024,"items_purged":["Doubt","Strike_R","Pain","Writhe"],"score":777,"play_id":"6104b017-e8a5-4bae-91d4-fc1e66f5b10e","local_time":"20191002022315","is_ascension_mode":false,"campfire_choices":[{"data":"Whirlwind","floor":6.0,"key":"SMITH"},{"data":"Spot Weakness","floor":8.0,"key":"SMITH"},{"data":"Defend_R","floor":15.0,"key":"SMITH"},{"data":"Defend_R","floor":23.0,"key":"SMITH"},{"data":"Defend_R","floor":25.0,"key":"SMITH"},{"data":"Heavy Blade","floor":32.0,"key":"SMITH"},{"floor":40.0,"key":"REST"},{"floor":49,"key":"REST"}],"neow_cost":"NONE","seed_source_timestamp":8524195357687,"circlet_count":0,"master_deck":["Strike_R","Strike_R","Strike_R","Defend_R+1","Defend_R+1","Defend_R+1","Bash+1","Whirlwind+1","Spot Weakness+1","True Grit+1","Flame Barrier+1","Seeing Red+1","Limit Break+1","Offering+1","Flex+1","Inflame+1","Doubt","Heavy Blade+1","Flex+1","Parasite","Writhe","Flex+1"],"special_seed":0,"relics":["Burning Blood","HornCleat","Darkstone Periapt","Toxic Egg 2","Membership Card","Mummified Hand","Cursed Key","Bottled Flame","Smiling Mask","Mango","Fusion Hammer","Kunai","Red Mask","Orichalcum","Pantograph","Frozen Egg 2"],"potions_floor_usage":[50,50,50],"damage_taken":[{"damage":1.0,"enemies":"Cultist","floor":1.0,"turns":4.0},{"damage":9.0,"enemies":"Jaw Worm","floor":2.0,"turns":7.0},{"damage":22.0,"enemies":"3 Sentries","floor":7.0,"turns":7.0},{"damage":0.0,"enemies":"Small Slimes","floor":10.0,"turns":2.0},{"damage":1.0,"enemies":"Exordium Wildlife","floor":11.0,"turns":2.0},{"damage":1.0,"enemies":"Exordium Thugs","floor":12.0,"turns":4.0},{"damage":12.0,"enemies":"Hexaghost","floor":16.0,"turns":8.0},{"damage":6.0,"enemies":"Chosen","floor":18.0,"turns":2.0},{"damage":0.0,"enemies":"3 Byrds","floor":22.0,"turns":4.0},{"damage":1.0,"enemies":"Snake Plant","floor":24.0,"turns":3.0},{"damage":23.0,"enemies":"Centurion and Healer","floor":27.0,"turns":3.0},{"damage":16.0,"enemies":"Cultist and Chosen","floor":31.0,"turns":3.0},{"damage":24.0,"enemies":"Collector","floor":33.0,"turns":4.0},{"damage":6.0,"enemies":"Orb Walker","floor":35.0,"turns":1.0},{"damage":0.0,"enemies":"3 Darklings","floor":37.0,"turns":1.0},{"damage":0.0,"enemies":"Spire Growth","floor":39.0,"turns":3.0},{"damage":12.0,"enemies":"Writhing Mass","floor":41.0,"turns":4.0},{"damage":69,"enemies":"Reptomancer","floor":45,"turns":6},{"damage":15,"enemies":"Maw","floor":46,"turns":5},{"damage":6,"enemies":"Transient","floor":48,"turns":5},{"damage":50,"enemies":"Time Eater","floor":50,"turns":6}],"seed_played":"-7051554761259781268","potions_obtained":[{"floor":2.0,"key":"GamblersBrew"},{"floor":10.0,"key":"SpeedPotion"},{"floor":16.0,"key":"SkillPotion"},{"floor":18.0,"key":"SkillPotion"},{"floor":22.0,"key":"Regen Potion"},{"floor":35.0,"key":"SneckoOil"},{"floor":39.0,"key":"Strength Potion"},{"floor":48,"key":"BloodPotion"}],"is_trial":false,"path_per_floor":["M","M","T","?","?","R","E","R","T","M","M","M","$","?","R","B",null,"M","$","?","T","M","R","M","R","T","M","?","?","$","M","R","B",null,"M","T","M","$","M","R","M","?","T","?","E","M","?","M","R","B",null],"character_chosen":"IRONCLAD","items_purchased":["Membership Card","Limit Break+1","Mummified Hand","Bottled Flame","Flex+1"],"campfire_rested":2,"item_purchase_floors":[13,13,13,19,38],"current_hp_per_floor":[80,77,77,70,70,70,54,54,54,60,65,70,70,70,70,64,80,80,80,80,86,86,86,86,86,106,89,89,89,89,79,79,61,106,106,112,112,112,112,112,106,106,112,124,61,52,52,52,89,105],"gold":24,"neow_bonus":"HUNDRED_GOLD","is_prod":false,"is_daily":false,"chose_seed":false,"campfire_upgraded":6,"win_rate":0,"timestamp":1570004595,"path_taken":["M","M","?","?","?","R","E","R","T","M","M","?","$","?","R","BOSS","M","$","?","?","M","R","?","R","T","M","?","?","$","M","R","BOSS","M","?","M","$","M","R","M","?","T","?","E","M","?","?","R","BOSS"],"build_version":"2019-10-01","purchased_purges":4,"victory":true,"max_hp_per_floor":[80,80,80,80,80,80,80,80,80,80,80,80,80,80,80,80,80,80,80,80,86,86,86,86,86,106,106,106,106,106,106,106,106,106,106,112,112,112,112,112,112,112,118,124,124,124,124,124,124,124],"card_choices":[{"not_picked":["Havoc","Anger"],"picked":"Whirlwind","floor":1.0},{"not_picked":["Burning Pact","Hemokinesis","Iron Wave"],"picked":"SKIP","floor":2.0},{"not_picked":["Brutality","Pummel"],"picked":"Spot Weakness","floor":7.0},{"not_picked":["Anger","Heavy Blade"],"picked":"True Grit+1","floor":10.0},{"not_picked":["Perfected Strike","Dropkick"],"picked":"Flame Barrier+1","floor":11.0},{"not_picked":["Ghostly Armor+1","Sever Soul"],"picked":"Seeing Red+1","floor":12.0},{"not_picked":["Immolate","Bludgeon"],"picked":"Offering+1","floor":16.0},{"not_picked":["Uppercut+1","Reckless Charge","Flex+1"],"picked":"SKIP","floor":18.0},{"not_picked":["Uppercut+1","Reckless Charge"],"picked":"Flex+1","floor":18.0},{"not_picked":["Rage+1","Clothesline+1"],"picked":"Inflame+1","floor":22.0},{"not_picked":["Armaments+1","Anger+1","Corruption"],"picked":"SKIP","floor":24.0},{"not_picked":["Bludgeon","Carnage","Twin Strike+1"],"picked":"SKIP","floor":27.0},{"not_picked":["Shrug It Off+1","Anger+1"],"picked":"Heavy Blade","floor":31.0},{"not_picked":["Perfected Strike","Metallicize","Flex+1"],"picked":"SKIP","floor":35.0},{"not_picked":["Perfected Strike+1","Sword Boomerang","Anger+1"],"picked":"SKIP","floor":37.0},{"not_picked":["Thunderclap+1","Body Slam","Havoc+1"],"picked":"SKIP","floor":39.0},{"not_picked":["Clothesline","Searing Blow+1","Clash+1"],"picked":"SKIP","floor":41.0},{"not_picked":["Perfected Strike","Dropkick","Feel No Pain+1"],"picked":"SKIP","floor":45},{"not_picked":["Havoc+1","True Grit+1","Rage+1"],"picked":"SKIP","floor":46},{"not_picked":["Infernal Blade+1","Feel No Pain+1"],"picked":"Flex+1","floor":48}],"player_experience":1596805,"relics_obtained":[{"floor":3.0,"key":"HornCleat"},{"floor":7.0,"key":"Darkstone Periapt"},{"floor":9.0,"key":"Toxic Egg 2"},{"floor":21.0,"key":"Smiling Mask"},{"floor":26.0,"key":"Mango"},{"floor":36.0,"key":"Kunai"},{"floor":43.0,"key":"Orichalcum"},{"floor":45,"key":"Pantograph"}],"event_choices":[{"cards_removed":["Defend_R"],"damage_healed":0.0,"max_hp_gain":0.0,"max_hp_loss":0.0,"gold_gain":0.0,"event_name":"Golden Wing","player_choice":"Card Removal","floor":4.0,"gold_loss":0.0,"damage_taken":7.0},{"damage_healed":0.0,"max_hp_gain":0.0,"max_hp_loss":0.0,"gold_gain":175.0,"event_name":"Liars Game","player_choice":"AGREE","floor":5.0,"gold_loss":0.0,"damage_taken":0.0,"cards_obtained":["Doubt"]},{"damage_healed":0.0,"max_hp_gain":0.0,"max_hp_loss":0.0,"gold_gain":0.0,"event_name":"Accursed Blacksmith","player_choice":"Forge","floor":14.0,"gold_loss":0.0,"damage_taken":0.0,"cards_upgraded":["Bash"]},{"cards_removed":["Strike_R"],"damage_healed":0.0,"max_hp_gain":0.0,"max_hp_loss":0.0,"gold_gain":0.0,"event_name":"Back to Basics","player_choice":"Elegance","floor":20.0,"gold_loss":0.0,"damage_taken":0.0},{"damage_healed":0.0,"max_hp_gain":0.0,"max_hp_loss":0.0,"gold_gain":0.0,"event_name":"Vampires","player_choice":"Ignored","floor":28.0,"gold_loss":0.0,"damage_taken":0.0},{"damage_healed":0.0,"max_hp_gain":0.0,"max_hp_loss":0.0,"gold_gain":0.0,"event_name":"The Woman in Blue","player_choice":"Bought 0 Potions","floor":29.0,"gold_loss":0.0,"damage_taken":0.0},{"damage_healed":0.0,"max_hp_gain":0.0,"max_hp_loss":0.0,"gold_gain":0.0,"event_name":"Tomb of Lord Red Mask","player_choice":"Paid","floor":42.0,"gold_loss":126.0,"damage_taken":0.0,"relics_obtained":["Red Mask"]},{"damage_healed":30.0,"max_hp_gain":0.0,"max_hp_loss":0.0,"gold_gain":0.0,"event_name":"Winding Halls","player_choice":"Writhe","floor":44.0,"gold_loss":0.0,"damage_taken":0.0,"cards_obtained":["Writhe"]},{"damage_healed":0,"gold_gain":0,"player_choice":"Paid Gold","damage_taken":0,"relics_obtained":["Frozen Egg 2"],"max_hp_gain":0,"max_hp_loss":0,"event_name":"WeMeetAgain","floor":47,"gold_loss":76}],"is_beta":true,"boss_relics":[{"not_picked":["Empty Cage","Pandora\u0027s Box"],"picked":"Cursed Key"},{"not_picked":["Sozu","Velvet Choker"],"picked":"Fusion Hammer"}],"items_purged_floors":[13,19,30,38],"is_endless":false,"potions_floor_spawned":[2,10,16,18,22,35,39,48],"ascension_level":0}