{"gold_per_floor":[112,112,131,306,306,306,335,347,359,371,394,406],"floor_reached":12,"playtime":397,"items_purged":[],"score":118,"play_id":"e6aead42-3968-473b-8d69-76c1f0456f42","local_time":"20190213231947","is_ascension_mode":true,"campfire_choices":[{"data":"Zap","floor":6,"key":"SMITH"},{"data":"Fusion","floor":8,"key":"SMITH"},{"data":"Sweeping Beam","floor":10,"key":"SMITH"}],"neow_cost":"NONE","seed_source_timestamp":173721630655800,"circlet_count":0,"master_deck":["AscendersBane","Strike_B","Strike_B","Strike_B","Strike_B","Defend_B","Defend_B","Defend_B","Defend_B","Zap+1","Dualcast","Capacitor","Sweeping Beam+1","Fusion+1","Redo"],"relics":["Runic Dome","Strawberry","MawBank","Shuriken"],"potions_floor_usage":[7,12],"damage_taken":[{"damage":0,"enemies":"Small Slimes","floor":1,"turns":3},{"damage":0,"enemies":"2 Louse","floor":3,"turns":2},{"damage":32,"enemies":"Lagavulin","floor":7,"turns":8},{"damage":4,"enemies":"Jaw Worm","floor":11,"turns":4},{"damage":48,"enemies":"Gremlin Nob","floor":12,"turns":4}],"seed_played":"2853400178698176799","potions_obtained":[{"floor":3,"key":"SkillPotion"},{"floor":7,"key":"SteroidPotion"}],"is_trial":false,"path_per_floor":["M","?","M","?","?","R","E","R","T","R","M","E"],"character_chosen":"DEFECT","items_purchased":[],"campfire_rested":0,"item_purchase_floors":[],"current_hp_per_floor":[68,72,72,72,72,72,40,40,40,40,36,0],"gold":406,"neow_bonus":"BOSS_RELIC","is_prod":false,"is_daily":false,"chose_seed":false,"campfire_upgraded":3,"win_rate":0,"timestamp":1550096387,"path_taken":["M","?","M","?","?","R","E","R","T","R","M","E"],"build_version":"2019-01-23","purchased_purges":0,"victory":false,"max_hp_per_floor":[75,82,82,82,82,82,82,82,82,82,82,82],"card_choices":[{"not_picked":["Cold Snap","Leap"],"picked":"Capacitor","floor":1},{"not_picked":["Streamline","Capacitor"],"picked":"Sweeping Beam","floor":3},{"not_picked":["Hologram","Core Surge"],"picked":"Fusion","floor":7},{"not_picked":["Sweeping Beam","Static Discharge"],"picked":"Redo","floor":11}],"player_experience":758219,"relics_obtained":[{"floor":7,"key":"MawBank"},{"floor":9,"key":"Shuriken"}],"event_choices":[{"damage_healed":0,"gold_gain":0,"player_choice":"Success","damage_taken":3,"relics_obtained":["Strawberry"],"max_hp_gain":0,"max_hp_loss":0,"event_name":"Scrap Ooze","floor":2,"gold_loss":0},{"damage_healed":0,"gold_gain":175,"player_choice":"AGREE","damage_taken":0,"max_hp_gain":0,"max_hp_loss":0,"event_name":"Liars Game","floor":4,"gold_loss":0,"cards_obtained":["Doubt"]},{"cards_removed":["Doubt"],"damage_healed":0,"gold_gain":0,"player_choice":"Forget","damage_taken":0,"max_hp_gain":0,"max_hp_loss":0,"event_name":"Living Wall","floor":5,"gold_loss":0}],"is_beta":false,"boss_relics":[],"items_purged_floors":[],"is_endless":false,"potions_floor_spawned":[3,7],"killed_by":"Gremlin Nob","ascension_level":11}