{"path_per_floor":["M","?","M","M","$","E","R","M","T","R","?","R","?","?","R","B",null,"M","M","?","?","$","R","E","?","T","E","$","M","M","M","R"],"character_chosen":"IRONCLAD","items_purchased":["Anchor","Cleave","Block Potion","Ornamental Fan","Fire Potion"],"gold_per_floor":[213,213,223,234,59,85,85,101,176,176,176,176,176,234,234,336,366,386,403,403,403,351,351,385,385,385,412,42,62,80,92,92],"floor_reached":33,"campfire_rested":1,"playtime":2841,"current_hp_per_floor":[80,80,75,80,80,80,80,79,79,79,79,79,79,79,79,57,85,85,90,90,90,90,90,59,43,43,32,32,36,31,38,81],"items_purged":["Clash"],"gold":92,"play_id":"5905813e-0220-413c-8e50-d07d4f545565","is_prod":false,"is_daily":false,"campfire_rituals":0,"campfire_upgraded":5,"is_hardmode":false,"path_taken":["M","?","M","M","$","E","R","M","T","R","?","R","?","?","R","BOSS","M","?","?","?","$","R","E","?","T","E","$","M","M","M","R","BOSS"],"build_version":"2018-01-18-PROD4","purchased_purges":2,"victory":false,"master_deck":["Strike_R","Strike_R","Strike_R","Strike_R","Defend_R","Defend_R","Defend_R","Defend_R","Bash","Headbutt","Reaper","Cleave","Limit Break","Disarm","Perfected Strike","Spot Weakness","Shrug It Off","Feed","Heavy Blade","Pommel Strike","Perfected Strike","Shrug It Off","Pommel Strike","Offering"],"max_hp_per_floor":[80,80,80,80,80,80,80,80,80,80,80,80,80,80,80,80,85,88,91,91,91,91,91,91,91,91,91,91,95,95,95,95],"relics":["Burning Blood","Mercury Hourglass","Anchor","Lantern","Self Forming Clay","Ice Cream","Tiny House","Omamori","Regal Pillow","Nilry\u0027s Codex","Calipers","Bottled Lightning","Ornamental Fan"],"campfire_meditates":0,"card_choices":[{"not_picked":["Clothesline","Pommel Strike"],"picked":"Headbutt"},{"not_picked":["Perfected Strike","Clothesline"],"picked":"Reaper"},{"not_picked":["Shockwave","Body Slam"],"picked":"Limit Break"},{"not_picked":["Bloodletting","Havoc"],"picked":"Disarm"},{"not_picked":["Thunderclap","Wild Strike"],"picked":"Shrug It Off"},{"not_picked":["Exhume","Bludgeon"],"picked":"Feed"},{"not_picked":["Burning Pact","Anger"],"picked":"Heavy Blade"},{"not_picked":["Clothesline","Perfected Strike"],"picked":"Pommel Strike"},{"not_picked":["Thunderclap","Anger"],"picked":"Shrug It Off"},{"not_picked":["Power Through","Thunderclap"],"picked":"Pommel Strike"},{"not_picked":["Thunderclap","Iron Wave"],"picked":"Offering"}],"player_experience":61683,"potions_floor_usage":[6,16,27,29,29,31,33],"damage_taken":[{"damage":0,"enemies":"Small Slimes","floor":1,"turns":3},{"damage":11,"enemies":"Blue Slaver","floor":3,"turns":4},{"damage":1,"enemies":"2 Louse","floor":4,"turns":2},{"damage":4,"enemies":"3 Sentries","floor":6,"turns":5},{"damage":7,"enemies":"Gremlin Gang","floor":8,"turns":4},{"damage":6,"enemies":"3 Sentries","floor":14,"turns":4},{"damage":34,"enemies":"Hexaghost","floor":16,"turns":9},{"damage":9,"enemies":"2 Thieves","floor":18,"turns":3},{"damage":9,"enemies":"3 Byrds","floor":19,"turns":5},{"damage":37,"enemies":"Book of Stabbing","floor":24,"turns":6},{"damage":27,"enemies":"Gremlin Leader","floor":27,"turns":7},{"damage":16,"enemies":"3 Cultists","floor":29,"turns":5},{"damage":11,"enemies":"Snecko","floor":30,"turns":4},{"damage":5,"enemies":"Snake Plant","floor":31,"turns":3},{"damage":106,"enemies":"Automaton","floor":33,"turns":10}],"event_choices":[{"event_name":"Wheel of Change","player_choice":"Relic","floor":2,"damage_taken":0},{"event_name":"Transmorgrifier","player_choice":"Transform","floor":11,"damage_taken":0},{"event_name":"Match and Keep!","player_choice":"2 cards matched","floor":13,"damage_taken":0},{"event_name":"Dead Adventurer","player_choice":"Searched \u00272\u0027 times","floor":14,"damage_taken":0},{"event_name":"The Mausoleum","player_choice":"Yes","floor":20,"damage_taken":0},{"event_name":"The Library","player_choice":"Read","floor":21,"damage_taken":0},{"event_name":"Cursed Tome","player_choice":"Obtained Book","floor":25,"damage_taken":0}],"boss_relics":[{"not_picked":["Philosopher\u0027s Stone","Velvet Choker"],"picked":"Tiny House"}],"potions_floor_spawned":[3,8,19,30],"seed_played":"-3925277411924391917","killed_by":"Automaton","is_trial":false}