{"gold_per_floor":[110,210,223,239,239,273,273,291,291,291,291,322,15,0,0,95,95,105,32,49,63,74,74,85,103,103,103,28,43,43,43,43,43],"floor_reached":33,"playtime":1200,"items_purged":["Strike_G"],"score":257,"play_id":"bfe14730-291e-4a6a-a503-794254e476b8","local_time":"20190609003744","is_ascension_mode":false,"campfire_choices":[{"data":"Bouncing Flask","floor":7,"key":"SMITH"},{"data":"Poisoned Stab","floor":10,"key":"SMITH"},{"floor":15,"key":"REST"},{"data":"Adrenaline","floor":23,"key":"SMITH"},{"floor":27,"key":"REST"},{"data":"Leg Sweep","floor":32,"key":"SMITH"}],"neow_cost":"TEN_PERCENT_HP_LOSS","seed_source_timestamp":1322049672278965,"circlet_count":0,"master_deck":["Defend_G","Defend_G","Defend_G","Defend_G","Defend_G","Survivor","Neutralize","Poisoned Stab+1","Poisoned Stab","Poisoned Stab","Bouncing Flask+1","Adrenaline+1","Corpse Explosion","Leg Sweep+1","Deadly Poison","Crippling Poison"],"relics":["Ring of the Snake","Orichalcum","Molten Egg 2","Tingsha","StoneCalendar","Busted Crown","Regal Pillow"],"potions_floor_usage":[6,16,22,29],"damage_taken":[{"damage":0,"enemies":"Small Slimes","floor":1,"turns":3},{"damage":1,"enemies":"Cultist","floor":3,"turns":4},{"damage":0,"enemies":"Jaw Worm","floor":4,"turns":3},{"damage":18,"enemies":"Gremlin Nob","floor":6,"turns":4},{"damage":1,"enemies":"Looter","floor":8,"turns":2},{"damage":13,"enemies":"Lagavulin","floor":12,"turns":5},{"damage":6,"enemies":"Hexaghost","floor":16,"turns":7},{"damage":4,"enemies":"2 Thieves","floor":18,"turns":4},{"damage":2,"enemies":"Spheric Guardian","floor":20,"turns":3},{"damage":7,"enemies":"Snake Plant","floor":21,"turns":3},{"damage":0,"enemies":"3 Cultists","floor":22,"turns":2},{"damage":16,"enemies":"Sentry and Sphere","floor":24,"turns":5},{"damage":11,"enemies":"Snecko","floor":25,"turns":5},{"damage":6,"enemies":"Shelled Parasite and Fungi","floor":29,"turns":3},{"damage":59,"enemies":"Collector","floor":33,"turns":6}],"seed_played":"3756333435796928871","potions_obtained":[{"floor":1,"key":"Strength Potion"},{"floor":4,"key":"LiquidBronze"},{"floor":18,"key":"SkillPotion"},{"floor":22,"key":"Explosive Potion"}],"is_trial":false,"path_per_floor":["M","?","M","M","?","E","R","M","T","R","?","E","$","?","R","B",null,"M","$","M","M","M","R","M","M","T","R","$","M","?","?","R","B"],"character_chosen":"THE_SILENT","items_purchased":["StoneCalendar","Leg Sweep"],"campfire_rested":2,"item_purchase_floors":[13,19],"current_hp_per_floor":[63,63,62,62,62,44,44,43,43,43,43,30,30,30,48,42,63,59,59,57,50,50,50,34,23,23,56,56,50,50,50,50,0],"gold":43,"neow_bonus":"REMOVE_TWO","is_prod":false,"is_daily":false,"chose_seed":false,"campfire_upgraded":4,"win_rate":0,"timestamp":1560055064,"path_taken":["M","?","?","M","?","E","R","M","T","R","?","E","$","?","R","BOSS","M","$","M","M","M","R","M","M","T","R","$","M","?","?","R","BOSS"],"build_version":"2019-01-23","purchased_purges":1,"victory":false,"max_hp_per_floor":[63,63,63,63,63,63,63,63,63,63,63,63,63,63,63,63,63,63,63,63,63,63,63,63,63,63,63,63,63,63,63,63,63],"card_choices":[{"not_picked":["Concentrate","Sucker Punch"],"picked":"Poisoned Stab","floor":1},{"not_picked":["Flechettes","Flying Knee"],"picked":"Poisoned Stab","floor":3},{"not_picked":["Prepared","Slice"],"picked":"Poisoned Stab","floor":4},{"not_picked":["Cloak And Dagger","Underhanded Strike"],"picked":"Bouncing Flask","floor":6},{"not_picked":["Cloak And Dagger","Sucker Punch","All Out Attack"],"picked":"SKIP","floor":8},{"not_picked":["Slice+1","Noxious Fumes"],"picked":"Adrenaline","floor":12},{"not_picked":["Bullet Time","Die Die Die+1"],"picked":"Corpse Explosion","floor":16},{"not_picked":["Tactician"],"picked":"SKIP","floor":18},{"not_picked":["Prepared"],"picked":"SKIP","floor":20},{"not_picked":["Cloak And Dagger"],"picked":"SKIP","floor":21},{"not_picked":[],"picked":"Deadly Poison","floor":22},{"not_picked":["Riddle With Holes+1"],"picked":"SKIP","floor":24},{"not_picked":[],"picked":"Crippling Poison","floor":25},{"not_picked":["Blur"],"picked":"SKIP","floor":29}],"player_experience":178353,"relics_obtained":[{"floor":6,"key":"Orichalcum"},{"floor":9,"key":"Molten Egg 2"},{"floor":12,"key":"Tingsha"},{"floor":26,"key":"Regal Pillow"}],"event_choices":[{"damage_healed":0,"gold_gain":100,"player_choice":"Gold","damage_taken":0,"max_hp_gain":0,"max_hp_loss":0,"event_name":"Wheel of Change","floor":2,"gold_loss":0},{"damage_healed":0,"gold_gain":0,"player_choice":"Ignored","damage_taken":0,"max_hp_gain":0,"max_hp_loss":0,"event_name":"Liars Game","floor":5,"gold_loss":0},{"cards_removed":["Strike_G"],"damage_healed":0,"gold_gain":0,"player_choice":"Forget","damage_taken":0,"max_hp_gain":0,"max_hp_loss":0,"event_name":"Living Wall","floor":11,"gold_loss":0},{"damage_healed":0,"gold_gain":0,"player_choice":"Left Gold","damage_taken":0,"max_hp_gain":0,"max_hp_loss":0,"event_name":"World of Goop","floor":14,"gold_loss":15},{"cards_removed":["Strike_G"],"damage_healed":0,"gold_gain":0,"player_choice":"Elegance","damage_taken":0,"max_hp_gain":0,"max_hp_loss":0,"event_name":"Back to Basics","floor":30,"gold_loss":0},{"damage_healed":0,"gold_gain":0,"player_choice":"Ignored","damage_taken":0,"max_hp_gain":0,"max_hp_loss":0,"event_name":"WeMeetAgain","floor":31,"gold_loss":0}],"is_beta":false,"boss_relics":[{"not_picked":["Eternal Feather","Cursed Key"],"picked":"Busted Crown"}],"items_purged_floors":[28],"is_endless":false,"potions_floor_spawned":[1,4,18,22],"killed_by":"Collector","ascension_level":0}