{"gold_per_floor":[13,13,33,46,46,72,72,98,98,130,142,168,168,168,168,240,240,250,250,261,186,34,44,70,70,151,24,24,41,2,31,31,107,107,121,121,121,196,206,206,234,252,252,252,278,278,298,312,312,312],"floor_reached":51,"playtime":2556,"items_purged":["Defend_B","Defend_B"],"score":1453,"play_id":"8ade3c77-84c5-4a73-a0b4-9b0b7b5aa286","local_time":"20190514083337","is_ascension_mode":true,"campfire_choices":[{"data":"Zap","floor":7,"key":"SMITH"},{"data":"Consume","floor":13,"key":"SMITH"},{"data":"Loop","floor":15,"key":"SMITH"},{"data":"Capacitor","floor":25,"key":"SMITH"},{"data":"Self Repair","floor":28,"key":"SMITH"},{"floor":32,"key":"REST"},{"data":"Storm","floor":40,"key":"SMITH"},{"data":"Panache","floor":44,"key":"SMITH"},{"data":"Defragment","floor":49,"key":"SMITH"}],"neow_cost":"NO_GOLD","seed_source_timestamp":31650151919400,"circlet_count":0,"master_deck":["AscendersBane","Zap+1","Dualcast","Steam","Gash","Loop+1","Compile Driver","Self Repair+1","Sweeping Beam","Conserve Battery","Consume+1","Glacier","Storm+1","Capacitor+1","Leap","Cold Snap","Capacitor","Heatsinks","Gash","Echo Form","Loop+1","Deep Breath+1","Panache+1","Secret Technique+1","Double Energy+1","Conserve Battery+1","Coolheaded+1","Redo+1","Defragment+1","Gash"],"relics":["Cracked Core","PreservedInsect","Mummified Hand","Anchor","Gambling Chip","Strawberry","Nuclear Battery","Toxic Egg 2","Ornamental Fan","Bird Faced Urn","Inserter","Bag of Preparation","Pocketwatch","Orichalcum"],"potions_floor_usage":[6,8,10,12,20],"damage_taken":[{"damage":3,"enemies":"Small Slimes","floor":1,"turns":3},{"damage":0,"enemies":"Cultist","floor":3,"turns":4},{"damage":0,"enemies":"2 Louse","floor":4,"turns":3},{"damage":5,"enemies":"3 Sentries","floor":6,"turns":3},{"damage":12,"enemies":"Gremlin Nob","floor":8,"turns":3},{"damage":9,"enemies":"Lagavulin","floor":10,"turns":4},{"damage":0,"enemies":"Exordium Thugs","floor":11,"turns":3},{"damage":10,"enemies":"3 Sentries","floor":12,"turns":6},{"damage":13,"enemies":"The Guardian","floor":16,"turns":9},{"damage":40,"enemies":"3 Byrds","floor":18,"turns":5},{"damage":0,"enemies":"Spheric Guardian","floor":20,"turns":5},{"damage":21,"enemies":"3 Cultists","floor":23,"turns":6},{"damage":15,"enemies":"Book of Stabbing","floor":24,"turns":5},{"damage":9,"enemies":"Snake Plant","floor":29,"turns":4},{"damage":14,"enemies":"Slavers","floor":31,"turns":4},{"damage":0,"enemies":"Champ","floor":33,"turns":11},{"damage":3,"enemies":"Orb Walker","floor":35,"turns":4},{"damage":11,"enemies":"3 Darklings","floor":39,"turns":4},{"damage":0,"enemies":"Giant Head","floor":41,"turns":5},{"damage":1,"enemies":"Maw","floor":42,"turns":5},{"damage":38,"enemies":"Nemesis","floor":45,"turns":3},{"damage":0,"enemies":"Transient","floor":47,"turns":5},{"damage":0,"enemies":"Jaw Worm Horde","floor":48,"turns":4},{"damage":69,"enemies":"Awakened One","floor":50,"turns":8}],"seed_played":"3080454292021667971","potions_obtained":[{"floor":3,"key":"FocusPotion"},{"floor":4,"key":"PowerPotion"},{"floor":8,"key":"Poison Potion"},{"floor":10,"key":"FearPotion"},{"floor":11,"key":"Regen Potion"},{"floor":18,"key":"Block Potion"},{"floor":20,"key":"LiquidBronze"}],"is_trial":false,"path_per_floor":["M","?","M","M","?","E","R","E","T","E","M","E","R","?","R","B",null,"M","?","M","?","$","M","E","R","T","$","R","M","$","E","R","B",null,"M","?","?","?","M","R","E","M","T","R","E","?","M","M","R","B",null],"character_chosen":"DEFECT","items_purchased":["Capacitor","Cold Snap","Heatsinks"],"campfire_rested":1,"item_purchase_floors":[22,27,30],"current_hp_per_floor":[75,75,75,75,75,70,70,65,65,63,70,89,89,82,82,76,88,55,55,62,62,62,48,40,40,40,40,40,41,41,37,64,86,91,92,82,82,73,90,90,92,92,92,92,70,70,92,92,92,49],"gold":312,"neow_bonus":"TWENTY_PERCENT_HP_BONUS","is_prod":false,"is_daily":false,"chose_seed":false,"campfire_upgraded":8,"win_rate":0,"timestamp":1557815617,"path_taken":["M","?","?","M","?","E","R","E","T","E","?","E","R","?","R","BOSS","M","?","M","?","$","M","E","R","T","?","R","M","?","E","R","BOSS","M","?","?","?","?","R","E","M","T","R","E","?","M","?","R","BOSS"],"build_version":"2019-01-23","purchased_purges":2,"victory":true,"max_hp_per_floor":[85,85,85,85,85,85,85,85,85,85,85,92,92,92,92,92,92,92,92,92,92,92,92,92,92,92,92,92,92,92,92,92,92,92,92,92,92,92,92,92,92,92,92,92,92,92,92,92,92,92],"card_choices":[{"not_picked":["Stack","Turbo"],"picked":"Steam","floor":1},{"not_picked":["Reprogram","Leap"],"picked":"Gash","floor":3},{"not_picked":["Lockon","White Noise"],"picked":"Loop","floor":4},{"not_picked":["Rebound","Storm"],"picked":"Self Repair","floor":6},{"not_picked":["Reinforced Body","Compile Driver"],"picked":"Sweeping Beam","floor":8},{"not_picked":["Turbo","Consume"],"picked":"Conserve Battery","floor":10},{"not_picked":["Auto Shields","Redo"],"picked":"Conserve Battery","floor":11},{"not_picked":["Lockon","Meteor Strike"],"picked":"Consume","floor":12},{"not_picked":["Conserve Battery","Streamline"],"picked":"Glacier","floor":18},{"not_picked":["Reinforced Body","Ball Lightning"],"picked":"Storm","floor":20},{"not_picked":["Turbo+1","Undo"],"picked":"Leap","floor":23},{"not_picked":["Barrage","Consume+1","Steam"],"picked":"SKIP","floor":24},{"not_picked":["Hologram+1","Skim+1"],"picked":"Capacitor","floor":29},{"not_picked":["Beam Cell","Core Surge"],"picked":"Gash","floor":31},{"not_picked":["All For One","Machine Learning"],"picked":"Echo Form","floor":33},{"not_picked":["Storm+1","Hologram+1"],"picked":"Loop+1","floor":35},{"not_picked":["Bandage Up+1","Discovery+1"],"picked":"Deep Breath+1","floor":36},{"not_picked":["Bandage Up+1","Swift Strike"],"picked":"Panache","floor":36},{"not_picked":["Bandage Up+1","Magnetism"],"picked":"Secret Technique+1","floor":36},{"not_picked":["Steam Power+1","Ball Lightning"],"picked":"Double Energy+1","floor":39},{"not_picked":["Static Discharge+1","Steam+1"],"picked":"Conserve Battery+1","floor":41},{"not_picked":["Static Discharge+1","Rebound"],"picked":"Coolheaded+1","floor":42},{"not_picked":["FTL","Coolheaded+1"],"picked":"Redo+1","floor":45},{"not_picked":["Rebound","Loop"],"picked":"Defragment","floor":47},{"not_picked":["Defragment","Coolheaded+1"],"picked":"Gash","floor":48}],"player_experience":1081871,"relics_obtained":[{"floor":6,"key":"PreservedInsect"},{"floor":8,"key":"Mummified Hand"},{"floor":9,"key":"Anchor"},{"floor":10,"key":"Gambling Chip"},{"floor":12,"key":"Strawberry"},{"floor":24,"key":"Toxic Egg 2"},{"floor":26,"key":"Ornamental Fan"},{"floor":31,"key":"Bird Faced Urn"},{"floor":41,"key":"Bag of Preparation"},{"floor":43,"key":"Pocketwatch"},{"floor":45,"key":"Orichalcum"}],"event_choices":[{"cards_removed":["Strike_B"],"damage_healed":0,"gold_gain":0,"player_choice":"Purged","damage_taken":0,"max_hp_gain":0,"max_hp_loss":0,"event_name":"Purifier","floor":2,"gold_loss":0},{"damage_healed":0,"gold_gain":0,"cards_transformed":["Strike_B"],"player_choice":"Transformed","damage_taken":0,"max_hp_gain":0,"max_hp_loss":0,"event_name":"Transmorgrifier","floor":5,"gold_loss":0,"cards_obtained":["Compile Driver"]},{"cards_removed":["Strike_B"],"damage_healed":0,"gold_gain":0,"player_choice":"Card Removal","damage_taken":7,"max_hp_gain":0,"max_hp_loss":0,"event_name":"Golden Wing","floor":14,"gold_loss":0},{"cards_removed":["Strike_B"],"damage_healed":0,"gold_gain":0,"player_choice":"Elegance","damage_taken":0,"max_hp_gain":0,"max_hp_loss":0,"event_name":"Back to Basics","floor":19,"gold_loss":0},{"cards_removed":["Defend_B"],"damage_healed":0,"gold_gain":0,"player_choice":"Gave Gold","damage_taken":0,"max_hp_gain":0,"max_hp_loss":0,"event_name":"Beggar","floor":21,"gold_loss":75},{"damage_healed":0,"gold_gain":0,"player_choice":"Memory 3","damage_taken":10,"max_hp_gain":0,"max_hp_loss":0,"event_name":"SensoryStone","floor":36,"gold_loss":0},{"cards_removed":["Conserve Battery"],"damage_healed":0,"gold_gain":0,"player_choice":"Removed Skill","damage_taken":0,"max_hp_gain":0,"max_hp_loss":0,"event_name":"Falling","floor":37,"gold_loss":0},{"damage_healed":0,"gold_gain":75,"player_choice":"Touch","damage_taken":9,"max_hp_gain":0,"max_hp_loss":0,"event_name":"FaceTrader","floor":38,"gold_loss":0},{"cards_removed":["Defend_B"],"damage_healed":0,"gold_gain":0,"player_choice":"Purged","damage_taken":0,"max_hp_gain":0,"max_hp_loss":0,"event_name":"Purifier","floor":46,"gold_loss":0}],"is_beta":false,"boss_relics":[{"not_picked":["White Beast Statue","Lizard Tail"],"picked":"Nuclear Battery"},{"not_picked":["Astrolabe","Black Star"],"picked":"Inserter"}],"items_purged_floors":[22,27],"is_endless":false,"potions_floor_spawned":[3,4,8,10,11,18,20,29,31,33,39,41,42,48],"ascension_level":14}