{"path_per_floor":["M","M","?","$","$","E","R","?","T","R","E","R","M","E","R","B",null,"M","M","?","M","M","R","$","E","T","R","M","R","M","?","R","B",null,"M","?","?","$","?","E","R","E","T","M","R","M","M","$","R","B"],"character_chosen":"IRONCLAD","items_purchased":["Clash","Matryoshka","Omamori","Metallicize"],"gold_per_floor":[110,127,202,177,177,202,202,224,224,224,254,254,273,298,298,402,402,412,429,429,446,457,457,34,62,62,62,78,78,93,93,93,193,193,212,0,0,0,0,30,30,65,65,75,75,89,103,103,103,103],"floor_reached":51,"campfire_rested":7,"playtime":2548,"current_hp_per_floor":[74,71,60,60,60,38,38,15,15,40,23,48,56,32,57,8,67,58,64,46,27,25,54,54,28,28,57,52,52,46,46,76,68,93,89,89,89,89,89,90,90,42,42,42,74,84,52,52,52,35],"items_purged":[],"gold":103,"score":1067,"play_id":"8586d5f0-43bc-4d68-b824-2216c956deed","local_time":"20180415183003","is_prod":false,"is_daily":false,"chose_seed":false,"is_ascension_mode":true,"campfire_upgraded":4,"timestamp":1523813403,"path_taken":["M","M","?","?","$","E","R","?","T","R","E","R","M","E","R","BOSS","M","M","?","?","M","R","$","E","T","R","?","R","M","?","R","BOSS","M","?","?","$","?","E","R","E","T","M","R","?","M","?","R","BOSS"],"build_version":"2018-04-12","seed_source_timestamp":403651987415505,"purchased_purges":2,"victory":true,"master_deck":["Strike_R+1","Strike_R+1","Strike_R+1","Strike_R+1","Strike_R+1","Defend_R+1","Defend_R+1","Defend_R+1","Defend_R+1","Bash","Armaments+1","Limit Break+1","Clash","Shrug It Off","Shockwave","Demon Form+1","Thunderclap+1","Metallicize","Dropkick+1","Heavy Blade+1","Offering","Clash","Mind Blast","Whirlwind+1"],"max_hp_per_floor":[80,80,80,80,80,82,82,84,84,84,84,84,86,86,86,86,86,88,90,95,97,97,97,97,97,97,97,99,99,101,101,101,101,101,101,101,101,101,101,103,103,105,105,107,107,109,111,111,111,111],"relics":["Burning Blood","Singing Bowl","Bird Faced Urn","Odd Mushroom","Letter Opener","Bag of Preparation","Prayer Wheel","Sozu","Matryoshka","Omamori","Toolbox","War Paint","Dodecahedron","Lizard Tail","Red Mask","Ancient Tea Set","Peace Pipe","Molten Egg 2","Torii"],"card_choices":[{"not_picked":["True Grit","Sword Boomerang"],"picked":"Armaments","floor":1.0},{"not_picked":["Fire Breathing","Flex"],"picked":"Limit Break","floor":2.0},{"not_picked":["Power Through","Pommel Strike"],"picked":"Shrug It Off","floor":11.0},{"not_picked":["Armaments","Second Wind"],"picked":"Shockwave","floor":14.0},{"not_picked":["Feed","Berserk"],"picked":"Demon Form","floor":16.0},{"not_picked":["Evolve","Shrug It Off"],"picked":"Thunderclap","floor":22},{"not_picked":["Clash","Intimidate"],"picked":"Dropkick","floor":25},{"not_picked":["Havoc","Iron Wave"],"picked":"Heavy Blade","floor":26},{"not_picked":["Exhume","Brutality"],"picked":"Offering","floor":33},{"not_picked":["Flame Barrier","Headbutt"],"picked":"Clash","floor":35},{"not_picked":["Apotheosis","Panacea"],"picked":"Mind Blast","floor":37},{"not_picked":["Rampage","Shrug It Off"],"picked":"Whirlwind","floor":43}],"player_experience":270013,"potions_floor_usage":[],"damage_taken":[{"damage":4.0,"enemies":"2 Louse","floor":1.0,"turns":3.0},{"damage":9.0,"enemies":"Jaw Worm","floor":2.0,"turns":5.0},{"damage":30.0,"enemies":"Lagavulin","floor":6.0,"turns":6.0},{"damage":31.0,"enemies":"The Mushroom Lair","floor":8.0,"turns":5.0},{"damage":23.0,"enemies":"Gremlin Nob","floor":11.0,"turns":5.0},{"damage":0.0,"enemies":"Small Slimes","floor":13.0,"turns":4.0},{"damage":30.0,"enemies":"Lagavulin","floor":14.0,"turns":5.0},{"damage":55.0,"enemies":"The Guardian","floor":16.0,"turns":18.0},{"damage":19,"enemies":"Spheric Guardian","floor":18,"turns":4},{"damage":4,"enemies":"Shell Parasite","floor":19,"turns":7},{"damage":29,"enemies":"Chosen and Byrds","floor":21,"turns":6},{"damage":10,"enemies":"Centurion and Healer","floor":22,"turns":6},{"damage":34,"enemies":"Slavers","floor":25,"turns":9},{"damage":17,"enemies":"Sentry and Sphere","floor":28,"turns":4},{"damage":18,"enemies":"3 Cultists","floor":30,"turns":5},{"damage":18,"enemies":"Automaton","floor":33,"turns":6},{"damage":12,"enemies":"3 Darklings","floor":35,"turns":4},{"damage":11,"enemies":"Nemesis","floor":40,"turns":5},{"damage":60,"enemies":"Giant Head","floor":42,"turns":7},{"damage":12,"enemies":"Orb Walker","floor":44,"turns":3},{"damage":0,"enemies":"3 Darklings","floor":46,"turns":3},{"damage":42,"enemies":"Maw","floor":47,"turns":7},{"damage":86,"enemies":"Donu and Deca","floor":50,"turns":6}],"event_choices":[{"event_name":"World of Goop","player_choice":"Gather Gold","floor":3.0,"damage_taken":0.0},{"event_name":"Mushrooms","player_choice":"Fought Mushrooms","floor":8.0,"damage_taken":0.0},{"event_name":"Forgotten Altar","player_choice":"Shed Blood","floor":20,"damage_taken":0},{"event_name":"Back to Basics","player_choice":"Simplicity","floor":31,"damage_taken":0},{"event_name":"Tomb of Lord Red Mask","player_choice":"Paid","floor":36,"damage_taken":0},{"event_name":"SensoryStone","player_choice":"Memory 1","floor":37,"damage_taken":0},{"event_name":"Mysterious Sphere","player_choice":"Ignore","floor":39,"damage_taken":0}],"boss_relics":[{"not_picked":["Black Blood","Mark of Pain"],"picked":"Sozu"},{"not_picked":["White Beast Statue","Astrolabe"],"picked":"Lizard Tail"}],"potions_floor_spawned":[8,14,19,28,33,35,47],"seed_played":"8658950692616434310","ascension_level":7,"is_trial":false}