{"gold_per_floor":[112,112,10,22,22,22,22,54,127,127,153,153,165,175,175,278,278,265,265,265],"floor_reached":20,"playtime":706,"items_purged":[],"score":341,"play_id":"bdb4414b-e679-4c01-b92e-c979774f97cd","local_time":"20180908100517","is_ascension_mode":true,"campfire_choices":[{"data":"Zap","floor":6,"key":"SMITH"},{"floor":10,"key":"REST"},{"data":"Go for the Eyes","floor":12,"key":"SMITH"},{"floor":15,"key":"REST"}],"neow_cost":"NONE","seed_source_timestamp":1811498327203804,"circlet_count":0,"master_deck":["Strike_B","Defend_B","Defend_B","Defend_B","Defend_B","Zap+1","Dualcast","AscendersBane","Electrodynamics","Go for the Eyes+1","Doom and Gloom","Capacitor","Coolheaded","Conserve Battery","Redo","Steam","Multi-Cast","Meteor Strike+1","Double Energy+1","Genetic Algorithm+1","Darkness"],"relics":["Cracked Core","FaceOfCleric","Blood Vial","Dodecahedron","Omamori","Astrolabe"],"potions_floor_usage":[16,19],"damage_taken":[{"damage":4,"enemies":"Small Slimes","floor":1,"turns":3},{"damage":0,"enemies":"Cultist","floor":4,"turns":3},{"damage":10,"enemies":"3 Sentries","floor":8,"turns":2},{"damage":0,"enemies":"2 Louse","floor":13,"turns":2},{"damage":11,"enemies":"Gremlin Gang","floor":14,"turns":2},{"damage":0,"enemies":"Slime Boss","floor":16,"turns":5},{"damage":26,"enemies":"2 Thieves","floor":18,"turns":4},{"damage":54,"enemies":"Colosseum Slavers","floor":19,"turns":5},{"damage":5,"enemies":"Spheric Guardian","floor":20,"turns":3}],"seed_played":"4573409267028421793","potions_obtained":[{"floor":13,"key":"PowerPotion"},{"floor":16,"key":"SteroidPotion"},{"floor":18,"key":"FocusPotion"}],"is_trial":false,"path_per_floor":["M","?","$","M","$","R","?","E","T","R","T","R","M","M","R","B",null,"M","?"],"character_chosen":"DEFECT","items_purchased":["Doom and Gloom","Capacitor"],"campfire_rested":2,"item_purchase_floors":[3,3],"current_hp_per_floor":[64,64,64,64,64,64,64,55,55,76,76,76,77,67,78,79,79,54,3,0],"gold":265,"neow_bonus":"ONE_RANDOM_RARE_CARD","is_prod":false,"is_daily":false,"chose_seed":false,"campfire_upgraded":2,"win_rate":0,"timestamp":1536397517,"path_taken":["M","?","$","M","$","R","?","E","T","R","?","R","?","M","R","BOSS","M","?","M"],"build_version":"2018-09-06","purchased_purges":0,"victory":false,"max_hp_per_floor":[75,75,75,75,75,75,75,76,76,76,76,76,77,78,78,79,79,80,81,81],"card_choices":[{"not_picked":["Sweeping Beam","Fusion"],"picked":"Go for the Eyes","floor":1},{"not_picked":["FTL","Redo"],"picked":"Coolheaded","floor":4},{"not_picked":["Rip and Tear","Compile Driver"],"picked":"Conserve Battery","floor":8},{"not_picked":["Skim","Static Discharge"],"picked":"Redo","floor":13},{"not_picked":["Stack","Fusion"],"picked":"Steam","floor":14},{"not_picked":["Amplify","Meteor Strike"],"picked":"Multi-Cast","floor":16},{"not_picked":["Melter+1","Streamline"],"picked":"Darkness","floor":18}],"player_experience":673464,"relics_obtained":[{"floor":8,"key":"Blood Vial"},{"floor":9,"key":"Dodecahedron"},{"floor":11,"key":"Omamori"}],"event_choices":[{"event_name":"The Woman in Blue","player_choice":"Bought 0 Potions","floor":2,"damage_taken":0},{"event_name":"FaceTrader","player_choice":"Trade","floor":7,"damage_taken":0},{"event_name":"Colosseum","player_choice":"Fight","floor":19,"damage_taken":0},{"event_name":"Colosseum","player_choice":"Fled From Nobs","floor":19,"damage_taken":0}],"is_beta":false,"boss_relics":[{"not_picked":["Pandora\u0027s Box","FrozenCore"],"picked":"Astrolabe"}],"items_purged_floors":[],"is_endless":false,"potions_floor_spawned":[13,16,18],"killed_by":"Spheric Guardian","ascension_level":11}