{"gold_per_floor":[114,114,114,4,16,16,41,41,41,76,226,240,240,240,240,317,317,337,356,356,17,17,17],"floor_reached":23,"playtime":536,"items_purged":["Strike_B"],"score":440,"play_id":"d838eeb2-e8b3-47e0-bb02-353f8f1924db","local_time":"20190531005007","is_ascension_mode":true,"campfire_choices":[{"floor":6,"key":"REST"},{"data":"Steam","floor":8,"key":"SMITH"},{"data":"Beam Cell","floor":13,"key":"SMITH"},{"data":"Zap","floor":15,"key":"SMITH"}],"neow_cost":"NONE","seed_source_timestamp":1142538557379668,"circlet_count":0,"master_deck":["AscendersBane","Strike_B+1","Defend_B","Defend_B","Defend_B","Defend_B+1","Zap+1","Sweeping Beam","Ball Lightning","Steam+1","Hello World+1","Ball Lightning","Beam Cell+1","Biased Cognition+1","Heatsinks+1"],"relics":["Cracked Core","NeowsBlessing","Frozen Egg 2","The Courier","Pear","WingedGreaves","Empty Cage","Kunai","Membership Card","Gremlin Horn"],"potions_floor_usage":[16,19],"damage_taken":[{"damage":0,"enemies":"2 Louse","floor":1,"turns":1},{"damage":0,"enemies":"Small Slimes","floor":5,"turns":1},{"damage":0,"enemies":"3 Sentries","floor":7,"turns":1},{"damage":9,"enemies":"Lagavulin","floor":10,"turns":7},{"damage":7,"enemies":"Jaw Worm","floor":12,"turns":2},{"damage":36,"enemies":"The Guardian","floor":16,"turns":8},{"damage":18,"enemies":"3 Byrds","floor":18,"turns":3},{"damage":32,"enemies":"Shell Parasite","floor":19,"turns":4},{"damage":20,"enemies":"Gremlin Leader","floor":23,"turns":2}],"seed_played":"3320360737410646055","potions_obtained":[{"floor":5,"key":"Block Potion"},{"floor":16,"key":"FearPotion"},{"floor":18,"key":"PowerPotion"}],"is_trial":false,"path_per_floor":["M","?","?","$","M","R","E","R","T","E","?","M","R","?","R","B",null,"M","M","T","$","?","E"],"character_chosen":"DEFECT","items_purchased":["Ball Lightning","Steam","Membership Card","Gremlin Horn","Heatsinks+1"],"campfire_rested":1,"item_purchase_floors":[4,4,21,21,21],"current_hp_per_floor":[64,53,32,32,32,53,53,53,63,54,54,47,47,47,47,11,64,46,14,14,14,14,0],"gold":17,"neow_bonus":"THREE_ENEMY_KILL","is_prod":false,"is_daily":false,"chose_seed":false,"campfire_upgraded":3,"win_rate":0,"timestamp":1559256607,"path_taken":["M","?","?","$","M","R","E","R","T","E","?","?","R","?","R","BOSS","M","M","?","$","?","E"],"build_version":"2019-01-23","purchased_purges":1,"victory":false,"max_hp_per_floor":[71,71,71,71,71,71,71,71,81,81,81,81,81,81,81,81,81,81,81,81,81,81,81],"card_choices":[{"not_picked":["Stack","Gash"],"picked":"Sweeping Beam","floor":1},{"not_picked":["Skim","Fusion"],"picked":"Hello World+1","floor":5},{"not_picked":["Reprogram","Tempest"],"picked":"Ball Lightning","floor":7},{"not_picked":["Fusion","Genetic Algorithm"],"picked":"Beam Cell","floor":10},{"not_picked":["Consume","Sweeping Beam","Redo"],"picked":"SKIP","floor":12},{"not_picked":["Creative AI+1","Meteor Strike"],"picked":"Biased Cognition+1","floor":16},{"not_picked":["Hologram","Stack","Turbo"],"picked":"SKIP","floor":18},{"not_picked":["Reprogram","Rebound","Hologram"],"picked":"SKIP","floor":19}],"player_experience":813323,"relics_obtained":[{"floor":7,"key":"The Courier"},{"floor":9,"key":"Pear"},{"floor":10,"key":"WingedGreaves"},{"floor":20,"key":"Kunai"}],"event_choices":[{"damage_healed":0,"gold_gain":0,"player_choice":"Success","damage_taken":11,"relics_obtained":["Frozen Egg 2"],"max_hp_gain":0,"max_hp_loss":0,"event_name":"Scrap Ooze","floor":2,"gold_loss":0},{"damage_healed":0,"gold_gain":0,"player_choice":"Entered Light","damage_taken":21,"max_hp_gain":0,"max_hp_loss":0,"event_name":"Shining Light","floor":3,"gold_loss":0,"cards_upgraded":["Defend_B","Strike_B"]},{"damage_healed":0,"gold_gain":150,"player_choice":"AGREE","damage_taken":0,"max_hp_gain":0,"max_hp_loss":0,"event_name":"Liars Game","floor":11,"gold_loss":0,"cards_obtained":["Doubt"]},{"cards_removed":["Doubt"],"damage_healed":0,"gold_gain":0,"player_choice":"Card Removal","damage_taken":0,"max_hp_gain":0,"max_hp_loss":0,"event_name":"Wheel of Change","floor":14,"gold_loss":0},{"cards_removed":["Dualcast"],"damage_healed":0,"gold_gain":0,"player_choice":"Purged","damage_taken":0,"max_hp_gain":0,"max_hp_loss":0,"event_name":"Purifier","floor":22,"gold_loss":0}],"is_beta":false,"boss_relics":[{"not_picked":["White Beast Statue","Philosopher\u0027s Stone"],"picked":"Empty Cage"}],"items_purged_floors":[21],"is_endless":false,"potions_floor_spawned":[5,16,18],"killed_by":"Gremlin Leader","ascension_level":20}