{"gold_per_floor":[114,40,215,234,234,264,276,294,294,320,345,375,385,400,400,477,477,417,433,450,450],"floor_reached":21,"playtime":1000,"items_purged":[],"score":467,"play_id":"4252e5c8-55b5-40fe-a0f9-e813515210c5","local_time":"20181019012437","is_ascension_mode":true,"campfire_choices":[{"floor":12.0,"key":"DIG"},{"floor":15,"key":"DIG"}],"neow_cost":"NONE","seed_source_timestamp":283204473171619,"circlet_count":0,"master_deck":["Defend_G","Defend_G","Defend_G","Defend_G","Defend_G+1","Strike_G","Strike_G","Strike_G","Strike_G","Strike_G","Survivor","Neutralize","AscendersBane","Sucker Punch+1","Footwork","Doubt","Deflect","Doppelganger","Deadly Poison","Backstab","Backflip","Backflip","Deadly Poison","After Image","Doubt","Clumsy","Regret","Cloak And Dagger","Acrobatics","Quick Slash"],"special_seed":0,"relics":["Ring of the Snake","NeowsBlessing","Shovel","Dodecahedron","Pear","Odd Mushroom","Tiny Chest","Incense Burner","Calling Bell","Snake Skull","Sundial","Tingsha"],"potions_floor_usage":[16,18,21],"damage_taken":[{"damage":0.0,"enemies":"Small Slimes","floor":1.0,"turns":2.0},{"damage":0.0,"enemies":"Jaw Worm","floor":4.0,"turns":1.0},{"damage":0.0,"enemies":"Gremlin Nob","floor":6.0,"turns":1.0},{"damage":1.0,"enemies":"2 Louse","floor":7.0,"turns":3.0},{"damage":0.0,"enemies":"Blue Slaver","floor":8.0,"turns":6.0},{"damage":14.0,"enemies":"Lagavulin","floor":10.0,"turns":6.0},{"damage":8.0,"enemies":"The Mushroom Lair","floor":11.0,"turns":6.0},{"damage":0.0,"enemies":"Looter","floor":13.0,"turns":4.0},{"damage":2,"enemies":"Large Slime","floor":14,"turns":9},{"damage":6,"enemies":"Hexaghost","floor":16,"turns":13},{"damage":8,"enemies":"2 Thieves","floor":18,"turns":4},{"damage":13,"enemies":"3 Byrds","floor":19,"turns":9},{"damage":15,"enemies":"Snake Plant","floor":20,"turns":7},{"damage":24,"enemies":"Masked Bandits","floor":21,"turns":5}],"seed_played":"-6961675949152708309","potions_obtained":[{"floor":1.0,"key":"AttackPotion"},{"floor":6.0,"key":"Energy Potion"},{"floor":10.0,"key":"Fire Potion"},{"floor":14,"key":"Block Potion"},{"floor":19,"key":"Energy Potion"}],"is_trial":false,"path_per_floor":["M","$","?","M","?","E","M","M","T","E","?","R","M","M","R","B",null,"M","M","M"],"character_chosen":"THE_SILENT","items_purchased":["Footwork"],"campfire_rested":0,"item_purchase_floors":[2],"current_hp_per_floor":[59,59,59,59,46,46,45,45,45,41,33,33,33,31,31,25,63,55,42,27,3],"gold":450,"neow_bonus":"THREE_ENEMY_KILL","is_prod":false,"is_daily":false,"chose_seed":false,"campfire_upgraded":0,"win_rate":0,"timestamp":1539905077,"path_taken":["M","$","?","M","?","E","M","M","T","E","?","R","?","M","R","BOSS","M","M","M","?"],"build_version":"2018-10-11","purchased_purges":0,"victory":false,"max_hp_per_floor":[66,66,66,66,66,66,66,66,66,76,76,76,76,76,76,76,76,76,76,76,76],"card_choices":[{"not_picked":["Dagger Throw","Outmaneuver"],"picked":"Sucker Punch","floor":1.0},{"not_picked":["Accuracy","Outmaneuver"],"picked":"Deflect","floor":4.0},{"not_picked":["Deflect","Riddle With Holes"],"picked":"Doppelganger","floor":6.0},{"not_picked":["Prepared","Catalyst"],"picked":"Deadly Poison","floor":7.0},{"not_picked":["Outmaneuver","Poisoned Stab"],"picked":"Backstab","floor":8.0},{"not_picked":["Setup","PiercingWail","Accuracy"],"picked":"SKIP","floor":10.0},{"not_picked":["Deadly Poison","Finisher"],"picked":"Backflip","floor":11.0},{"not_picked":["Dodge and Roll","Catalyst"],"picked":"Backflip","floor":13.0},{"not_picked":["Expertise","Catalyst"],"picked":"Deadly Poison","floor":14},{"not_picked":["Die Die Die","Malaise"],"picked":"After Image","floor":16},{"not_picked":["PiercingWail","Masterful Stab"],"picked":"Cloak And Dagger","floor":18},{"not_picked":["Underhanded Strike","Sucker Punch"],"picked":"Acrobatics","floor":19},{"not_picked":["Outmaneuver+1","Sucker Punch"],"picked":"Quick Slash","floor":20}],"player_experience":450666,"relics_obtained":[{"floor":6.0,"key":"Shovel"},{"floor":9.0,"key":"Dodecahedron"},{"floor":10.0,"key":"Pear"},{"floor":11.0,"key":"Odd Mushroom"},{"floor":12.0,"key":"Tiny Chest"},{"floor":15,"key":"Incense Burner"},{"floor":17,"key":"Snake Skull"},{"floor":17,"key":"Sundial"},{"floor":17,"key":"Tingsha"}],"event_choices":[{"event_name":"Liars Game","player_choice":"agreed","floor":3.0,"damage_taken":0.0},{"event_name":"Shining Light","player_choice":"Entered Light","floor":5.0,"damage_taken":0.0},{"event_name":"Mushrooms","player_choice":"Fought Mushrooms","floor":11.0,"damage_taken":0.0},{"event_name":"Masked Bandits","player_choice":"Fought Bandits","floor":21,"damage_taken":0}],"is_beta":false,"boss_relics":[{"not_picked":["Snecko Eye","Lizard Tail"],"picked":"Calling Bell"}],"items_purged_floors":[],"is_endless":false,"potions_floor_spawned":[1,6,8,10,14,19],"killed_by":"Masked Bandits","ascension_level":14}