{"gold_per_floor":[116,136,47,63,74,74,99,99,123,136,136,136,155,167,167,241,241,252,302,312,324,336,336,346,346,346,365,85,96,110,110,110,110],"floor_reached":33,"playtime":1701,"items_purged":["Anger"],"score":501,"play_id":"ce07ae65-2ad0-4a6a-b67a-27e28fdfd6b3","local_time":"20181029220135","is_ascension_mode":true,"campfire_choices":[{"data":"Bash","floor":6,"key":"SMITH"},{"data":"Disarm","floor":8,"key":"SMITH"},{"floor":12,"key":"REST"},{"data":"Inflame","floor":15,"key":"SMITH"},{"data":"Sword Boomerang","floor":23,"key":"SMITH"},{"data":"Clothesline","floor":25,"key":"SMITH"},{"floor":32,"key":"REST"}],"neow_cost":"NONE","seed_source_timestamp":133436828736823,"circlet_count":0,"master_deck":["Strike_R","Strike_R","Strike_R","Strike_R","Strike_R","Defend_R","Defend_R","Defend_R","Defend_R","Bash+1","AscendersBane","Clothesline+1","Disarm+1","Inflame+1","Perfected Strike","Battle Trance","Sword Boomerang+1","Reaper","Body Slam+1","Shrug It Off","Disarm","Perfected Strike","Spot Weakness","Master of Strategy","Combust"],"relics":["Burning Blood","Oddly Smooth Stone","Pen Nib","Centennial Puzzle","Snecko Eye","Question Card"],"potions_floor_usage":[7,18,21,27,31,33],"damage_taken":[{"damage":2,"enemies":"Cultist","floor":1,"turns":4},{"damage":0,"enemies":"2 Louse","floor":2,"turns":3},{"damage":15,"enemies":"Small Slimes","floor":4,"turns":4},{"damage":17,"enemies":"Red Slaver","floor":5,"turns":4},{"damage":55,"enemies":"3 Sentries","floor":7,"turns":9},{"damage":12,"enemies":"2 Fungi Beasts","floor":10,"turns":3},{"damage":10,"enemies":"Exordium Thugs","floor":13,"turns":4},{"damage":0,"enemies":"Looter","floor":14,"turns":4},{"damage":18,"enemies":"Slime Boss","floor":16,"turns":6},{"damage":9,"enemies":"3 Byrds","floor":18,"turns":6},{"damage":10,"enemies":"Spheric Guardian","floor":20,"turns":4},{"damage":24,"enemies":"Snake Plant","floor":21,"turns":4},{"damage":34,"enemies":"3 Cultists","floor":22,"turns":6},{"damage":21,"enemies":"Snecko","floor":24,"turns":5},{"damage":12,"enemies":"Snake Plant","floor":27,"turns":2},{"damage":9,"enemies":"Centurion and Healer","floor":29,"turns":3},{"damage":22,"enemies":"Sentry and Sphere","floor":30,"turns":4},{"damage":0,"enemies":"Snake Plant","floor":31,"turns":2},{"damage":79,"enemies":"Collector","floor":33,"turns":7}],"seed_played":"-4313440714338113049","potions_obtained":[{"floor":5,"key":"Regen Potion"},{"floor":13,"key":"Swift Potion"},{"floor":16,"key":"SkillPotion"},{"floor":18,"key":"FearPotion"},{"floor":20,"key":"Strength Potion"},{"floor":24,"key":"Block Potion"},{"floor":29,"key":"SmokeBomb"}],"is_trial":false,"path_per_floor":["M","M","$","M","M","R","E","R","T","M","T","R","M","M","R","B",null,"M","?","M","M","M","R","M","R","T","M","$","M","M","M","R"],"character_chosen":"IRONCLAD","items_purchased":["Inflame","Master of Strategy"],"campfire_rested":2,"item_purchase_floors":[3,28],"current_hp_per_floor":[79,82,82,73,62,62,28,28,28,22,22,46,42,48,48,36,71,77,77,73,65,54,54,46,46,46,40,40,37,21,27,51,0],"gold":110,"neow_bonus":"TEN_PERCENT_HP_BONUS","is_prod":false,"is_daily":false,"chose_seed":false,"campfire_upgraded":5,"win_rate":0,"timestamp":1540850495,"path_taken":["M","M","$","M","M","R","E","R","T","?","?","R","M","M","R","BOSS","M","?","M","M","?","R","M","R","T","M","$","M","M","M","R","BOSS"],"build_version":"2018-10-25v2","purchased_purges":1,"victory":false,"max_hp_per_floor":[82,82,82,82,82,82,82,82,82,82,82,82,82,82,82,82,82,82,82,82,82,82,82,82,82,82,82,82,82,82,82,82,82],"card_choices":[{"not_picked":["True Grit","Heavy Blade"],"picked":"Clothesline","floor":1},{"not_picked":["Thunderclap","Flex"],"picked":"Disarm","floor":2},{"not_picked":["Heavy Blade","Burning Pact","Warcry"],"picked":"SKIP","floor":4},{"not_picked":["True Grit","Havoc"],"picked":"Anger","floor":5},{"not_picked":["Berserk","Clash"],"picked":"Perfected Strike","floor":7},{"not_picked":["Body Slam","Thunderclap"],"picked":"Battle Trance","floor":10},{"not_picked":["Ghostly Armor","Bloodletting"],"picked":"Sword Boomerang","floor":13},{"not_picked":["Anger","Perfected Strike","Body Slam"],"picked":"SKIP","floor":14},{"not_picked":["Exhume","Barricade"],"picked":"Reaper","floor":16},{"not_picked":["Hemokinesis","Rampage","Armaments"],"picked":"SKIP","floor":18},{"not_picked":["Seeing Red","Shockwave"],"picked":"Body Slam+1","floor":20},{"not_picked":["Anger+1","Intimidate"],"picked":"Shrug It Off","floor":21},{"not_picked":["Shrug It Off","Clash"],"picked":"Disarm","floor":22},{"not_picked":["Warcry","Perfected Strike","Body Slam+1"],"picked":"SKIP","floor":24},{"not_picked":["Warcry","Body Slam+1"],"picked":"Perfected Strike","floor":24},{"not_picked":["Power Through","Fire Breathing+1","Anger"],"picked":"Spot Weakness","floor":27},{"not_picked":["Thunderclap","Flex+1","Pommel Strike","Inflame"],"picked":"SKIP","floor":29},{"not_picked":["Berserk","Body Slam","Flex"],"picked":"Combust","floor":30}],"player_experience":935623,"relics_obtained":[{"floor":7,"key":"Oddly Smooth Stone"},{"floor":9,"key":"Pen Nib"},{"floor":11,"key":"Centennial Puzzle"},{"floor":26,"key":"Question Card"}],"event_choices":[{"damage_healed":0,"gold_gain":50,"player_choice":"Stole From Cult","damage_taken":0,"max_hp_gain":0,"max_hp_loss":0,"event_name":"Nest","floor":19,"gold_loss":0}],"is_beta":false,"boss_relics":[{"not_picked":["Empty Cage","Runic Pyramid"],"picked":"Snecko Eye"}],"items_purged_floors":[28],"is_endless":false,"potions_floor_spawned":[5,13,16,18,20,24,29,30],"killed_by":"Collector","ascension_level":19}