{"gold_per_floor":[369,349,12,26,76,76,91,91,91,91,109,129,162,175,175,252,252,263,282,296,571,587,587,31,45,45,71,71,81,81,81,81,158,158,176,188,206,206,206],"floor_reached":39,"playtime":1322,"items_purged":["Strike_B","Regret"],"score":846,"play_id":"75fe2a45-5857-4c0c-a91b-2c487175d3d9","local_time":"20190706142224","is_ascension_mode":true,"campfire_choices":[{"data":"Zap","floor":6,"key":"SMITH"},{"data":"Ball Lightning","floor":8,"key":"SMITH"},{"data":"Coolheaded","floor":10,"key":"SMITH"},{"data":"White Noise","floor":15,"key":"SMITH"},{"data":"Storm","floor":23,"key":"SMITH"},{"floor":28,"key":"REST"},{"data":"Static Discharge","floor":30,"key":"SMITH"},{"data":"Biased Cognition","floor":32,"key":"SMITH"}],"neow_cost":"PERCENT_DAMAGE","seed_source_timestamp":16855379790200,"circlet_count":0,"master_deck":["AscendersBane","Defend_B","Defend_B","Defend_B","Defend_B","Zap+1","Dualcast","Ball Lightning+1","Coolheaded+1","Sweeping Beam+1","Cold Snap+1","White Noise+1","Storm+1","Go for the Eyes+1","Biased Cognition+1","Sweeping Beam+1","Static Discharge+1","Hologram","Steam","Compile Driver+1","Conserve Battery","Rip and Tear+1","Dramatic Entrance+1","Double Energy","Beam Cell+1","Static Discharge","Loop","Core Surge+1","Stack","Barrage+1","Force Field+1"],"relics":["Cracked Core","Molten Egg 2","Shuriken","Mango","Empty Cage","Membership Card","DataDisk","Meat on the Bone","Matryoshka","Inserter"],"potions_floor_usage":[1,2,11,14,25,27,29,33,37],"damage_taken":[{"damage":10,"enemies":"Small Slimes","floor":1,"turns":3},{"damage":0,"enemies":"Cultist","floor":4,"turns":3},{"damage":1,"enemies":"2 Louse","floor":7,"turns":3},{"damage":2,"enemies":"Red Slaver","floor":11,"turns":5},{"damage":5,"enemies":"Gremlin Gang","floor":12,"turns":3},{"damage":24,"enemies":"Gremlin Nob","floor":13,"turns":5},{"damage":7,"enemies":"Blue Slaver","floor":14,"turns":3},{"damage":8,"enemies":"The Guardian","floor":16,"turns":9},{"damage":5,"enemies":"3 Byrds","floor":18,"turns":4},{"damage":19,"enemies":"Shell Parasite","floor":19,"turns":4},{"damage":27,"enemies":"Sentry and Sphere","floor":20,"turns":5},{"damage":15,"enemies":"Cultist and Chosen","floor":22,"turns":6},{"damage":7,"enemies":"Snake Plant","floor":25,"turns":3},{"damage":0,"enemies":"Gremlin Leader","floor":27,"turns":3},{"damage":12,"enemies":"3 Cultists","floor":29,"turns":3},{"damage":46,"enemies":"Collector","floor":33,"turns":6},{"damage":17,"enemies":"Orb Walker","floor":35,"turns":4},{"damage":39,"enemies":"3 Shapes","floor":36,"turns":3},{"damage":27,"enemies":"Spire Growth","floor":37,"turns":4},{"damage":25,"enemies":"4 Shapes","floor":39,"turns":1}],"seed_played":"-52333971001006336","potions_obtained":[{"floor":1,"key":"Fruit Juice"},{"floor":2,"key":"Fruit Juice"},{"floor":11,"key":"Fruit Juice"},{"floor":13,"key":"LiquidBronze"},{"floor":18,"key":"SmokeBomb"},{"floor":25,"key":"PowerPotion"},{"floor":27,"key":"Explosive Potion"},{"floor":29,"key":"SkillPotion"},{"floor":36,"key":"SpeedPotion"}],"is_trial":false,"path_per_floor":["M","?","$","M","?","R","M","R","T","R","M","M","E","M","R","B",null,"M","M","M","?","M","R","$","M","T","E","R","M","R","?","R","B",null,"M","M","M","?","M"],"character_chosen":"DEFECT","items_purchased":["Molten Egg 2","Membership Card","DataDisk","Compile Driver+1","Conserve Battery","PowerPotion","Rip and Tear+1","Dramatic Entrance+1"],"campfire_rested":1,"item_purchase_floors":[3,24,24,24,24,24,24,24],"current_hp_per_floor":[41,46,46,46,46,46,45,45,45,45,48,43,33,26,26,18,80,75,56,29,29,14,14,14,7,7,19,49,49,49,49,49,15,79,62,35,20,20,0],"gold":206,"neow_bonus":"TWO_FIFTY_GOLD","is_prod":false,"is_daily":false,"chose_seed":false,"campfire_upgraded":7,"win_rate":0,"timestamp":1562415744,"path_taken":["M","?","$","?","?","R","M","R","T","R","M","?","E","M","R","BOSS","M","M","?","?","M","R","?","?","T","E","R","M","R","?","R","BOSS","M","M","?","?","M"],"build_version":"2019-07-05","purchased_purges":2,"victory":false,"max_hp_per_floor":[76,81,81,81,81,81,81,81,81,81,86,86,100,100,100,100,100,100,100,100,100,100,100,100,100,100,100,100,100,100,100,100,100,100,100,100,100,100,100],"card_choices":[{"not_picked":["Hello World","Undo"],"picked":"Ball Lightning","floor":1},{"not_picked":["Auto Shields","Streamline+1"],"picked":"Coolheaded","floor":4},{"not_picked":["Redo","Lockon+1"],"picked":"Sweeping Beam+1","floor":7},{"not_picked":["Leap","Turbo"],"picked":"Cold Snap+1","floor":11},{"not_picked":["Glacier","Coolheaded"],"picked":"White Noise","floor":12},{"not_picked":["Thunder Strike+1","Chill"],"picked":"Storm","floor":13},{"not_picked":["Coolheaded","Reprogram"],"picked":"Go for the Eyes+1","floor":14},{"not_picked":["Meteor Strike+1","Fission"],"picked":"Biased Cognition","floor":16},{"not_picked":["Redo","Streamline+1"],"picked":"Sweeping Beam+1","floor":18},{"not_picked":["Stack","Skim"],"picked":"Static Discharge","floor":19},{"not_picked":["Redo","Reprogram+1"],"picked":"Hologram","floor":20},{"not_picked":["Reinforced Body","Cold Snap+1"],"picked":"Steam","floor":22},{"not_picked":["BootSequence","Cold Snap+1"],"picked":"Double Energy","floor":25},{"not_picked":["Barrage+1","Biased Cognition"],"picked":"Beam Cell+1","floor":27},{"not_picked":["Sweeping Beam+1","Darkness"],"picked":"Static Discharge","floor":29},{"not_picked":["Seek","Hyperbeam+1"],"picked":"Core Surge+1","floor":33},{"not_picked":["Hologram","Ball Lightning+1"],"picked":"Stack","floor":35},{"not_picked":["Stack","Reboot"],"picked":"Barrage+1","floor":36},{"not_picked":["Go for the Eyes+1","Steam Power"],"picked":"Force Field+1","floor":37}],"player_experience":1617166,"relics_obtained":[{"floor":9,"key":"Shuriken"},{"floor":13,"key":"Mango"},{"floor":26,"key":"Meat on the Bone"},{"floor":27,"key":"Matryoshka"}],"event_choices":[{"damage_healed":0,"gold_gain":0,"player_choice":"Bought 1 Potion","damage_taken":0,"max_hp_gain":0,"max_hp_loss":0,"event_name":"The Woman in Blue","floor":2,"gold_loss":0},{"damage_healed":0,"gold_gain":50,"player_choice":"Pray","damage_taken":0,"max_hp_gain":0,"max_hp_loss":0,"event_name":"Golden Shrine","floor":5,"gold_loss":0},{"damage_healed":0,"gold_gain":275,"player_choice":"Desecrate","damage_taken":0,"max_hp_gain":0,"max_hp_loss":0,"event_name":"Golden Shrine","floor":21,"gold_loss":0,"cards_obtained":["Regret"]},{"damage_healed":0,"gold_gain":0,"cards_transformed":["Strike_B"],"player_choice":"Transformed","damage_taken":0,"max_hp_gain":0,"max_hp_loss":0,"event_name":"Transmorgrifier","floor":31,"gold_loss":0,"cards_obtained":["Loop"]},{"damage_healed":0,"gold_gain":0,"player_choice":"Ignored","damage_taken":0,"max_hp_gain":0,"max_hp_loss":0,"event_name":"Tomb of Lord Red Mask","floor":38,"gold_loss":0}],"is_beta":false,"boss_relics":[{"not_picked":["Snecko Eye","Lizard Tail"],"picked":"Empty Cage"},{"not_picked":["Black Star","Eternal Feather"],"picked":"Inserter"}],"items_purged_floors":[3,24],"is_endless":false,"potions_floor_spawned":[1,11,13,18,25,27,29,36],"killed_by":"4 Shapes","ascension_level":17}