{"gold_per_floor":[113,126,126,126,151,184,184,34,34,77,101,150,150,0,0,90,90,115,115,136,154,170,170,190,210,210,5,43,59,59,82,82,178,178,198,221,234,234],"floor_reached":38,"playtime":1647,"items_purged":["Strike_R","Strike_R"],"score":779,"play_id":"7cebf5a8-bfbe-49fd-b99d-e158cea5dd60","local_time":"20190812213040","is_ascension_mode":true,"campfire_choices":[{"data":"Clothesline","floor":7,"key":"SMITH"},{"data":"Juggernaut","floor":13,"key":"SMITH"},{"data":"Metallicize","floor":15,"key":"SMITH"},{"data":"Double Tap","floor":23,"key":"SMITH"},{"data":"Armaments","floor":30,"key":"SMITH"},{"data":"Metallicize","floor":32,"key":"SMITH"}],"neow_cost":"PERCENT_DAMAGE","seed_source_timestamp":879354686288200,"circlet_count":0,"master_deck":["AscendersBane","Strike_R","Defend_R","Defend_R","Defend_R","Defend_R","Bash","Battle Trance","Impervious","Pommel Strike","Clothesline+1","Anger","Heavy Blade","Metallicize+1","Juggernaut+1","Metallicize+1","Double Tap+1","Barricade","Flex","Twin Strike+1","Iron Wave","Heavy Blade","Armaments+1","True Grit","Body Slam","Bludgeon","Power Through+1","Flex","Anger"],"relics":["Burning Blood","Golden Idol","Pear","Gremlin Horn","Thread and Needle","Boot","Busted Crown","Meat on the Bone","Smiling Mask","Snecko Eye"],"potions_floor_usage":[6,21,25,28,33,33,38],"damage_taken":[{"damage":5,"enemies":"2 Louse","floor":1,"turns":4},{"damage":12,"enemies":"Jaw Worm","floor":2,"turns":2},{"damage":1,"enemies":"Small Slimes","floor":5,"turns":4},{"damage":11,"enemies":"Gremlin Nob","floor":6,"turns":3},{"damage":19,"enemies":"Lagavulin","floor":10,"turns":7},{"damage":21,"enemies":"Gremlin Gang","floor":11,"turns":3},{"damage":1,"enemies":"Hexaghost","floor":16,"turns":8},{"damage":18,"enemies":"Spheric Guardian","floor":18,"turns":4},{"damage":8,"enemies":"Shell Parasite","floor":20,"turns":5},{"damage":9,"enemies":"Snake Plant","floor":21,"turns":3},{"damage":13,"enemies":"Centurion and Healer","floor":22,"turns":6},{"damage":8,"enemies":"3 Cultists","floor":24,"turns":4},{"damage":12,"enemies":"Cultist and Chosen","floor":25,"turns":5},{"damage":15,"enemies":"Book of Stabbing","floor":28,"turns":6},{"damage":22,"enemies":"Snake Plant","floor":29,"turns":4},{"damage":7,"enemies":"Centurion and Healer","floor":31,"turns":6},{"damage":16,"enemies":"Champ","floor":33,"turns":11},{"damage":10,"enemies":"Orb Walker","floor":35,"turns":3},{"damage":28,"enemies":"3 Darklings","floor":36,"turns":7},{"damage":36,"enemies":"Spire Growth","floor":37,"turns":4},{"damage":37,"enemies":"Sphere and 2 Shapes","floor":38,"turns":5}],"seed_played":"6648103604846636915","potions_obtained":[{"floor":1,"key":"SkillPotion"},{"floor":2,"key":"Dexterity Potion"},{"floor":20,"key":"LiquidBronze"},{"floor":21,"key":"SteroidPotion"},{"floor":29,"key":"Weak Potion"},{"floor":31,"key":"SpeedPotion"},{"floor":36,"key":"PowerPotion"}],"is_trial":false,"path_per_floor":["M","M","?","?","M","E","R","$","T","E","M","T","R","$","R","B",null,"M","?","M","M","M","R","M","M","T","$","E","M","R","M","R","B",null,"M","M","M","M"],"character_chosen":"IRONCLAD","items_purchased":["Metallicize","Double Tap","Armaments","True Grit"],"campfire_rested":0,"item_purchase_floors":[8,14,27,27],"current_hp_per_floor":[51,45,45,38,43,48,48,48,48,35,20,20,20,20,20,25,70,58,58,56,53,46,46,44,38,38,38,41,37,37,48,48,50,76,72,50,32,0],"gold":234,"neow_bonus":"TRANSFORM_TWO_CARDS","is_prod":false,"is_daily":false,"chose_seed":false,"campfire_upgraded":6,"win_rate":0,"timestamp":1565638240,"path_taken":["M","M","?","?","M","E","R","$","T","E","M","?","R","$","R","BOSS","M","?","?","M","M","R","M","M","T","?","E","M","R","M","R","BOSS","M","M","M","M"],"build_version":"2019-07-17","purchased_purges":2,"victory":false,"max_hp_per_floor":[75,75,75,75,75,85,85,85,85,85,85,85,85,85,85,85,85,85,85,85,85,85,85,85,85,85,85,85,85,85,85,85,85,85,85,85,85,85],"card_choices":[{"not_picked":["Dual Wield","Carnage"],"picked":"Pommel Strike","floor":1},{"not_picked":["Dual Wield","Bloodletting"],"picked":"Clothesline","floor":2},{"not_picked":["Cleave","Corruption"],"picked":"Anger","floor":5},{"not_picked":["Perfected Strike","Clash"],"picked":"Heavy Blade","floor":6},{"not_picked":["Body Slam","Armaments"],"picked":"Juggernaut","floor":10},{"not_picked":["Flex","Battle Trance"],"picked":"Metallicize","floor":11},{"not_picked":["Bludgeon","Dark Embrace"],"picked":"Barricade","floor":16},{"not_picked":["Cleave"],"picked":"SKIP","floor":18},{"not_picked":[],"picked":"Twin Strike+1","floor":20},{"not_picked":["Wild Strike"],"picked":"SKIP","floor":21},{"not_picked":["Searing Blow"],"picked":"SKIP","floor":22},{"not_picked":[],"picked":"Iron Wave","floor":24},{"not_picked":[],"picked":"Heavy Blade","floor":25},{"not_picked":["Rupture+1"],"picked":"SKIP","floor":28},{"not_picked":["Armaments"],"picked":"SKIP","floor":29},{"not_picked":[],"picked":"Body Slam","floor":31},{"not_picked":[],"picked":"Bludgeon","floor":33},{"not_picked":[],"picked":"Power Through+1","floor":35},{"not_picked":[],"picked":"Flex","floor":36},{"not_picked":[],"picked":"Anger","floor":37}],"player_experience":1846230,"relics_obtained":[{"floor":6,"key":"Pear"},{"floor":9,"key":"Gremlin Horn"},{"floor":10,"key":"Thread and Needle"},{"floor":12,"key":"Boot"},{"floor":26,"key":"Meat on the Bone"},{"floor":28,"key":"Smiling Mask"}],"event_choices":[{"damage_healed":0,"gold_gain":0,"player_choice":"Take Wound","damage_taken":0,"relics_obtained":["Golden Idol"],"max_hp_gain":0,"max_hp_loss":0,"event_name":"Golden Idol","floor":3,"gold_loss":0,"cards_obtained":["Injury"]},{"cards_removed":["Injury"],"damage_healed":0,"gold_gain":0,"player_choice":"Card Removal","damage_taken":7,"max_hp_gain":0,"max_hp_loss":0,"event_name":"Golden Wing","floor":4,"gold_loss":0},{"damage_healed":0,"gold_gain":0,"player_choice":"1 cards matched","damage_taken":0,"max_hp_gain":0,"max_hp_loss":0,"event_name":"Match and Keep!","floor":19,"gold_loss":0,"cards_obtained":["Flex"]}],"is_beta":false,"boss_relics":[{"not_picked":["Velvet Choker","White Beast Statue"],"picked":"Busted Crown"},{"not_picked":["Eternal Feather","Calling Bell"],"picked":"Snecko Eye"}],"items_purged_floors":[8,27],"is_endless":false,"potions_floor_spawned":[1,2,20,21,24,29,31,36],"killed_by":"Sphere and 2 Shapes","ascension_level":18}