{"gold_per_floor":[109,125,125,125,1,1,1,1,49,49,66,66,99,109,109,185,185,200,200,219,219,9,38,38,48,75,87,111,222,35,48,48,122,122,136,0,0,53,63,63,73,87,138,138,138,2,18,18,18,18],"floor_reached":51,"playtime":6341,"items_purged":["Defend_B","Strike_B"],"score":1078,"play_id":"53a8256c-250b-4f58-a96b-9d28e35148fb","local_time":"20190325002218","is_ascension_mode":true,"campfire_choices":[{"data":"Zap","floor":6,"key":"SMITH"},{"floor":10,"key":"REST"},{"data":"Conserve Battery","floor":12,"key":"SMITH"},{"floor":15,"key":"REST"},{"floor":24,"key":"REST"},{"floor":27,"key":"REST"},{"data":"Fission","floor":32,"key":"SMITH"},{"floor":40,"key":"REST"},{"floor":44,"key":"REST"},{"floor":49,"key":"REST"}],"neow_cost":"NONE","seed_source_timestamp":1022575998074100,"circlet_count":0,"master_deck":["AscendersBane","Strike_B+1","Defend_B","Defend_B","Zap+1","Dualcast","Conserve Battery+1","Ball Lightning+1","Cold Snap","Leap","Capacitor","Electrodynamics","Fission+1","Compile Driver+1","Conserve Battery","Echo Form+1","Barrage","Defragment+1","FTL","Rainbow","Loop+1","Sweeping Beam","Compile Driver","Machine Learning+1","Coolheaded","Secret Technique","Mayhem+1","Skim","Redo"],"relics":["Empty Cage","Bird Faced Urn","Orichalcum","Anchor","Nuclear Battery","Frozen Egg 2","Nunchaku","MawBank","Lee\u0027s Waffle","Lizard Tail","Red Mask","Emotion Chip","Bag of Preparation","DataDisk"],"potions_floor_usage":[20,23,33,35,42,47,50],"damage_taken":[{"damage":16,"enemies":"Small Slimes","floor":1,"turns":4},{"damage":11,"enemies":"Jaw Worm","floor":2,"turns":5},{"damage":0,"enemies":"2 Louse","floor":11,"turns":3},{"damage":24,"enemies":"Gremlin Nob","floor":13,"turns":5},{"damage":0,"enemies":"2 Fungi Beasts","floor":14,"turns":4},{"damage":40,"enemies":"The Guardian","floor":16,"turns":10},{"damage":14,"enemies":"2 Thieves","floor":18,"turns":4},{"damage":5,"enemies":"Chosen","floor":20,"turns":4},{"damage":52,"enemies":"Book of Stabbing","floor":23,"turns":6},{"damage":30,"enemies":"Snecko","floor":25,"turns":5},{"damage":22,"enemies":"Shelled Parasite and Fungi","floor":28,"turns":5},{"damage":13,"enemies":"Centurion and Healer","floor":31,"turns":6},{"damage":57,"enemies":"Collector","floor":33,"turns":9},{"damage":12,"enemies":"3 Shapes","floor":35,"turns":4},{"damage":61,"enemies":"2 Orb Walkers","floor":38,"turns":6},{"damage":6,"enemies":"3 Darklings","floor":39,"turns":4},{"damage":43,"enemies":"Transient","floor":41,"turns":5},{"damage":10,"enemies":"Maw","floor":42,"turns":6},{"damage":19,"enemies":"3 Darklings","floor":47,"turns":4},{"damage":75,"enemies":"Time Eater","floor":50,"turns":9}],"seed_played":"2311270175721207916","potions_obtained":[{"floor":11,"key":"Weak Potion"},{"floor":14,"key":"SteroidPotion"},{"floor":18,"key":"Energy Potion"},{"floor":19,"key":"PowerPotion"},{"floor":19,"key":"Dexterity Potion"},{"floor":25,"key":"SteroidPotion"},{"floor":33,"key":"Explosive Potion"},{"floor":35,"key":"Strength Potion"},{"floor":41,"key":"SpeedPotion"},{"floor":42,"key":"Weak Potion"},{"floor":47,"key":"FearPotion"}],"is_trial":false,"path_per_floor":["M","M","?","?","$","R","?","?","T","R","M","R","E","M","R","B",null,"M","?","M","T","$","E","R","M","T","R","M","?","$","M","R","B",null,"M","?","?","?","M","R","M","M","T","R","?","$","M","T","R","B",null],"character_chosen":"DEFECT","items_purchased":["Cold Snap","Echo Form+1","Barrage","Lee\u0027s Waffle","Skim"],"campfire_rested":7,"item_purchase_floors":[5,22,22,30,46],"current_hp_per_floor":[52,41,34,39,39,39,36,20,20,44,44,44,20,22,46,10,63,53,53,60,60,60,16,40,20,20,44,32,32,87,79,79,32,73,75,75,75,26,28,54,23,25,25,51,46,46,39,39,65,4],"gold":18,"neow_bonus":"BOSS_RELIC","is_prod":false,"is_daily":false,"chose_seed":false,"campfire_upgraded":3,"win_rate":0,"timestamp":1553469738,"path_taken":["M","M","?","?","$","R","?","?","T","R","?","R","E","M","R","BOSS","M","?","?","?","$","E","R","M","T","R","M","?","$","M","R","BOSS","M","?","?","?","?","R","M","M","T","R","?","$","M","?","R","BOSS"],"build_version":"2019-01-23","purchased_purges":2,"victory":true,"max_hp_per_floor":[75,75,75,80,80,80,80,80,80,80,80,80,80,80,80,80,80,80,80,80,80,80,80,80,80,80,80,80,80,87,87,87,87,87,87,87,87,87,87,87,87,87,87,87,87,87,87,87,87,87],"card_choices":[{"not_picked":["Go for the Eyes","Hologram"],"picked":"Conserve Battery","floor":1},{"not_picked":["Steam","Static Discharge"],"picked":"Ball Lightning","floor":2},{"not_picked":["Turbo","Go for the Eyes"],"picked":"Leap","floor":11},{"not_picked":["Steam","Sweeping Beam"],"picked":"Capacitor","floor":13},{"not_picked":["Leap","Rip and Tear"],"picked":"Electrodynamics","floor":14},{"not_picked":["Amplify","Buffer"],"picked":"Fission","floor":16},{"not_picked":["Reinforced Body+1","Conserve Battery"],"picked":"Compile Driver+1","floor":18},{"not_picked":["Streamline","Redo"],"picked":"Conserve Battery","floor":20},{"not_picked":["Go for the Eyes","Streamline"],"picked":"Defragment+1","floor":23},{"not_picked":["Gash","Recycle+1","Blizzard"],"picked":"SKIP","floor":25},{"not_picked":["Compile Driver","Rebound"],"picked":"FTL","floor":28},{"not_picked":["Hologram","Beam Cell"],"picked":"Capacitor+1","floor":31},{"not_picked":["Reboot","Fission"],"picked":"Rainbow","floor":33},{"not_picked":["Compile Driver","Turbo"],"picked":"Loop+1","floor":35},{"not_picked":["Beam Cell","Steam"],"picked":"Sweeping Beam","floor":38},{"not_picked":["Streamline","Gash+1"],"picked":"Compile Driver","floor":39},{"not_picked":["Chaos","Turbo"],"picked":"Machine Learning+1","floor":41},{"not_picked":["Blizzard+1","Genetic Algorithm"],"picked":"Coolheaded","floor":42},{"not_picked":["Violence","Purity"],"picked":"Secret Technique","floor":45},{"not_picked":["Violence","Master of Strategy"],"picked":"Mayhem+1","floor":45},{"not_picked":["Hologram","Ball Lightning"],"picked":"Redo","floor":47}],"player_experience":990978,"relics_obtained":[{"floor":9,"key":"Orichalcum"},{"floor":13,"key":"Anchor"},{"floor":21,"key":"Frozen Egg 2"},{"floor":23,"key":"Nunchaku"},{"floor":26,"key":"MawBank"},{"floor":38,"key":"Emotion Chip"},{"floor":43,"key":"Bag of Preparation"},{"floor":48,"key":"DataDisk"}],"event_choices":[{"cards_removed":["Strike_B"],"damage_healed":0,"gold_gain":0,"player_choice":"Card Removal","damage_taken":7,"max_hp_gain":0,"max_hp_loss":0,"event_name":"Golden Wing","floor":3,"gold_loss":0},{"damage_healed":0,"gold_gain":0,"player_choice":"Donut","damage_taken":0,"max_hp_gain":5,"max_hp_loss":0,"event_name":"Big Fish","floor":4,"gold_loss":0},{"damage_healed":0,"gold_gain":0,"player_choice":"Success","damage_taken":3,"relics_obtained":["Bird Faced Urn"],"max_hp_gain":0,"max_hp_loss":0,"event_name":"Scrap Ooze","floor":7,"gold_loss":0},{"damage_healed":0,"gold_gain":0,"player_choice":"Entered Light","damage_taken":16,"max_hp_gain":0,"max_hp_loss":0,"event_name":"Shining Light","floor":8,"gold_loss":0,"cards_upgraded":["Ball Lightning","Strike_B"]},{"damage_healed":0,"gold_gain":0,"player_choice":"Got Potions","damage_taken":0,"max_hp_gain":0,"max_hp_loss":0,"event_name":"Lab","floor":19,"gold_loss":0},{"damage_healed":0,"gold_gain":99,"player_choice":"Stole From Cult","damage_taken":0,"max_hp_gain":0,"max_hp_loss":0,"event_name":"Nest","floor":29,"gold_loss":0},{"damage_healed":0,"gold_gain":0,"player_choice":"Paid","damage_taken":0,"relics_obtained":["Red Mask"],"max_hp_gain":0,"max_hp_loss":0,"event_name":"Tomb of Lord Red Mask","floor":36,"gold_loss":136},{"cards_removed":["Capacitor"],"damage_healed":0,"gold_gain":0,"player_choice":"Removed Power","damage_taken":0,"max_hp_gain":0,"max_hp_loss":0,"event_name":"Falling","floor":37,"gold_loss":0},{"damage_healed":0,"gold_gain":0,"player_choice":"Fight","damage_taken":0,"max_hp_gain":0,"max_hp_loss":0,"event_name":"Mysterious Sphere","floor":38,"gold_loss":0},{"damage_healed":0,"gold_gain":0,"player_choice":"Memory 2","damage_taken":5,"max_hp_gain":0,"max_hp_loss":0,"event_name":"SensoryStone","floor":45,"gold_loss":0}],"is_beta":false,"boss_relics":[{"not_picked":["Busted Crown","Philosopher\u0027s Stone"],"picked":"Nuclear Battery"},{"not_picked":["Calling Bell","Fusion Hammer"],"picked":"Lizard Tail"}],"items_purged_floors":[5,46],"is_endless":false,"potions_floor_spawned":[11,14,18,25,33,35,41,42,47],"ascension_level":13}