{"gold_per_floor":[114,114,189,4,4,40,40,81,127,165,185,199,199,217,217,336,336,352,119,133,149,149,149,193,193,193,193,193,193,208,208,208,329,329,348,367,367,390,390,390],"floor_reached":40,"playtime":2562,"items_purged":["Doubt"],"score":696,"play_id":"e33c30b6-37ce-4216-9775-37e9cbe22222","local_time":"20180907171106","is_ascension_mode":true,"campfire_choices":[{"floor":7,"key":"REST"},{"floor":13,"key":"REST"},{"floor":15,"key":"REST"},{"floor":23,"key":"REST"},{"floor":25,"key":"REST"},{"data":"Malaise","floor":29,"key":"SMITH"},{"floor":32,"key":"REST"}],"neow_cost":"NONE","seed_source_timestamp":1748788572296959,"circlet_count":0,"master_deck":["Defend_G+1","Defend_G+1","Defend_G+1","Defend_G+1","Defend_G+1","Strike_G+1","Strike_G+1","Strike_G+1","Strike_G+1","Survivor","Neutralize","AscendersBane","Corpse Explosion","Infinite Blades","Poisoned Stab","Flying Knee","Poisoned Stab","Blade Dance","Sucker Punch","After Image","Infinite Blades","Footwork","Malaise+1","Writhe","Clumsy","Crippling Poison+1","Leg Sweep","Caltrops","PiercingWail","Concentrate+1","Dash+1","Footwork","Dash","Bouncing Flask","Burst","Catalyst","Writhe"],"relics":["Ring of the Snake","Golden Idol","Snake Skull","Happy Flower","Dream Catcher","Juzu Bracelet","Du-Vu Doll","Calling Bell","Art of War","Singing Bowl","Turnip","Bag of Preparation","Pantograph","Meat on the Bone","WristBlade"],"potions_floor_usage":[10,14,16,24,33],"damage_taken":[{"damage":5,"enemies":"2 Louse","floor":1,"turns":2},{"damage":24,"enemies":"Lagavulin","floor":6,"turns":9},{"damage":28,"enemies":"Gremlin Nob","floor":8,"turns":4},{"damage":10,"enemies":"3 Sentries","floor":10,"turns":2},{"damage":1,"enemies":"Small Slimes","floor":11,"turns":3},{"damage":0,"enemies":"Cultist","floor":12,"turns":3},{"damage":4,"enemies":"Exordium Wildlife","floor":14,"turns":4},{"damage":5,"enemies":"Slime Boss","floor":16,"turns":9},{"damage":1,"enemies":"Spheric Guardian","floor":18,"turns":3},{"damage":4,"enemies":"3 Byrds","floor":20,"turns":5},{"damage":46,"enemies":"Sentry and Sphere","floor":21,"turns":8},{"damage":13,"enemies":"Gremlin Leader","floor":24,"turns":7},{"damage":3,"enemies":"Snake Plant","floor":30,"turns":4},{"damage":22,"enemies":"Automaton","floor":33,"turns":12},{"damage":17,"enemies":"Orb Walker","floor":35,"turns":4},{"damage":0,"enemies":"3 Shapes","floor":36,"turns":5},{"damage":8,"enemies":"Transient","floor":38,"turns":5},{"damage":99,"enemies":"Giant Head","floor":40,"turns":10}],"seed_played":"1919386594763080241","potions_obtained":[{"floor":1,"key":"SteroidPotion"},{"floor":11,"key":"Energy Potion"},{"floor":12,"key":"Ancient Potion"},{"floor":14,"key":"PowerPotion"},{"floor":21,"key":"Energy Potion"},{"floor":24,"key":"AttackPotion"},{"floor":36,"key":"EssenceOfSteel"}],"is_trial":false,"path_per_floor":["M","?","?","$","?","E","R","E","T","E","M","M","R","M","R","B",null,"M","$","M","M","?","R","E","R","T","?","?","R","M","?","R","B",null,"M","M","?","M","?"],"character_chosen":"THE_SILENT","items_purchased":["Snake Skull","Infinite Blades","Strength Potion","Leg Sweep","Caltrops"],"campfire_rested":6,"item_purchase_floors":[4,4,19,19,19],"current_hp_per_floor":[58,58,47,47,47,23,42,14,14,4,3,3,22,18,37,32,57,56,56,54,10,10,30,17,37,37,37,37,37,46,46,66,47,64,49,49,71,65,73,0],"gold":390,"neow_bonus":"TRANSFORM_CARD","is_prod":false,"is_daily":false,"chose_seed":false,"campfire_upgraded":1,"win_rate":0,"timestamp":1536336666,"path_taken":["M","?","?","$","?","E","R","E","T","E","M","M","R","M","R","BOSS","M","$","M","M","?","R","E","R","T","?","?","R","M","?","R","BOSS","M","M","?","M","?","E"],"build_version":"2018-09-06","purchased_purges":1,"victory":false,"max_hp_per_floor":[70,65,65,65,65,65,65,65,65,65,65,65,65,65,65,65,65,65,65,67,69,69,69,69,69,69,69,69,69,69,69,69,69,69,71,71,71,73,73,73],"card_choices":[{"not_picked":["Crippling Poison","Tactician"],"picked":"Flechettes","floor":1},{"not_picked":["Quick Slash","Underhanded Strike"],"picked":"Poisoned Stab","floor":6},{"not_picked":["Prepared","Heel Hook"],"picked":"Flying Knee","floor":8},{"not_picked":["Underhanded Strike","Concentrate"],"picked":"Poisoned Stab","floor":10},{"not_picked":["Expertise","Heel Hook"],"picked":"Blade Dance","floor":11},{"not_picked":["Acrobatics","Concentrate"],"picked":"Sucker Punch","floor":12},{"not_picked":["Sucker Punch","Underhanded Strike"],"picked":"After Image","floor":13},{"not_picked":["Slice","Underhanded Strike"],"picked":"Infinite Blades","floor":14},{"not_picked":["Dagger Throw","Acrobatics"],"picked":"Footwork","floor":15},{"not_picked":["Burst","Doppelganger"],"picked":"Malaise","floor":16},{"not_picked":["Deflect","Caltrops"],"picked":"Crippling Poison+1","floor":18},{"not_picked":["Underhanded Strike+1","Dodge and Roll+1","Bane+1"],"picked":"Singing Bowl","floor":20},{"not_picked":["All Out Attack","Deadly Poison","Slice+1"],"picked":"Singing Bowl","floor":21},{"not_picked":["Riddle With Holes","Cloak And Dagger"],"picked":"PiercingWail","floor":23},{"not_picked":["Dagger Spray","Acrobatics"],"picked":"Concentrate+1","floor":24},{"not_picked":["PiercingWail","Bane"],"picked":"Dash+1","floor":25},{"not_picked":["Acrobatics","PiercingWail"],"picked":"Dash","floor":30},{"not_picked":["Masterful Stab+1","Infinite Blades"],"picked":"Bouncing Flask","floor":32},{"not_picked":["Adrenaline","Bullet Time"],"picked":"Burst","floor":33},{"not_picked":["Prepared","Eviscerate+1","Dagger Spray"],"picked":"Singing Bowl","floor":35},{"not_picked":["Concentrate+1","Poisoned Stab+1"],"picked":"Catalyst","floor":36},{"not_picked":["Backflip","Dodge and Roll","Slice+1"],"picked":"Singing Bowl","floor":38}],"player_experience":660902,"relics_obtained":[{"floor":6,"key":"Happy Flower"},{"floor":8,"key":"Dream Catcher"},{"floor":9,"key":"Juzu Bracelet"},{"floor":10,"key":"Du-Vu Doll"},{"floor":17,"key":"Art of War"},{"floor":17,"key":"Singing Bowl"},{"floor":17,"key":"Turnip"},{"floor":24,"key":"Bag of Preparation"},{"floor":26,"key":"Pantograph"}],"event_choices":[{"event_name":"Golden Idol","player_choice":"Lose Max HP","floor":2,"damage_taken":0},{"event_name":"World of Goop","player_choice":"Gather Gold","floor":3,"damage_taken":0},{"event_name":"The Cleric","player_choice":"Leave","floor":5,"damage_taken":0},{"event_name":"Cursed Tome","player_choice":"Ignored","floor":22,"damage_taken":0},{"event_name":"The Mausoleum","player_choice":"Yes","floor":27,"damage_taken":0},{"event_name":"Duplicator","player_choice":"One dupe","floor":28,"damage_taken":0},{"event_name":"Back to Basics","player_choice":"Simplicity","floor":31,"damage_taken":0},{"event_name":"Bonfire Elementals","player_choice":"UNCOMMON","floor":37,"damage_taken":0},{"event_name":"Winding Halls","player_choice":"Writhe","floor":39,"damage_taken":0}],"is_beta":false,"boss_relics":[{"not_picked":["Pandora\u0027s Box","Eternal Feather"],"picked":"Calling Bell"},{"not_picked":["Ring of the Serpent","Black Star"],"picked":"WristBlade"}],"items_purged_floors":[19],"is_endless":false,"potions_floor_spawned":[1,11,12,14,21,24,36,38],"killed_by":"Giant Head","ascension_level":10}