{"gold_per_floor":[117,135,135,146,69,69,99,99,99,116,143,143,13,32,32,109,109,124,124,65,65,75,75],"floor_reached":23,"playtime":848,"items_purged":["Regret"],"score":398,"play_id":"3652a0d5-0dcd-454b-b789-338167dc2cb9","local_time":"20190531111555","is_ascension_mode":true,"campfire_choices":[{"data":"Sunder","floor":8.0,"key":"SMITH"},{"floor":12.0,"key":"REST"},{"floor":15.0,"key":"REST"}],"neow_cost":"NONE","seed_source_timestamp":0,"circlet_count":0,"master_deck":["AscendersBane","Strike_B+1","Strike_B+1","Strike_B+1","Defend_B+1","Defend_B+1","Defend_B+1","Defend_B+1","Zap","Dualcast","Panacea","Compile Driver","Self Repair","Sunder+1","Cold Snap","Barrage","Reinforced Body","Cold Snap","Compile Driver","Conserve Battery","Fission","Ball Lightning","Conserve Battery","Cold Snap"],"special_seed":0,"relics":["Cracked Core","Blue Candle","Regal Pillow","Singing Bowl","Potion Belt","Cursed Key"],"potions_floor_usage":[22],"damage_taken":[{"damage":2.0,"enemies":"Jaw Worm","floor":1.0,"turns":3.0},{"damage":1.0,"enemies":"Cultist","floor":2.0,"turns":3.0},{"damage":0.0,"enemies":"2 Louse","floor":4.0,"turns":2.0},{"damage":27.0,"enemies":"3 Sentries","floor":7.0,"turns":7.0},{"damage":9.0,"enemies":"Large Slime","floor":10.0,"turns":4.0},{"damage":33.0,"enemies":"Lagavulin","floor":11.0,"turns":5.0},{"damage":16.0,"enemies":"Exordium Wildlife","floor":14.0,"turns":4.0},{"damage":58.0,"enemies":"The Guardian","floor":16.0,"turns":13.0},{"damage":9,"enemies":"2 Thieves","floor":18,"turns":4},{"damage":13,"enemies":"Shell Parasite","floor":22,"turns":4},{"damage":47,"enemies":"Book of Stabbing","floor":23,"turns":3}],"seed_played":"8616655654805628964","potions_obtained":[{"floor":1.0,"key":"EntropicBrew"},{"floor":10.0,"key":"Strength Potion"},{"floor":11.0,"key":"Ancient Potion"},{"floor":16.0,"key":"PowerPotion"}],"is_trial":false,"path_per_floor":["M","M","?","M","$","?","E","R","T","M","E","R","$","M","R","B",null,"M","?","$","?","M","E"],"character_chosen":"DEFECT","items_purchased":["Cold Snap","Barrage","Compile Driver","Ball Lightning"],"campfire_rested":2,"item_purchase_floors":[5,5,13,20],"current_hp_per_floor":[62,61,61,68,68,68,48,48,48,46,15,51,51,35,71,20,60,53,53,53,53,47,0],"gold":75,"neow_bonus":"RANDOM_COLORLESS","is_prod":false,"is_daily":false,"chose_seed":false,"campfire_upgraded":1,"win_rate":0,"timestamp":1559294155,"path_taken":["M","M","?","?","$","?","E","R","T","M","E","R","$","M","R","BOSS","M","?","$","?","M","E"],"build_version":"2019-01-23","purchased_purges":1,"victory":false,"max_hp_per_floor":[71,71,71,71,71,71,71,71,71,71,73,73,73,73,73,73,73,75,75,75,75,75,75],"card_choices":[{"not_picked":["Rebound","Go for the Eyes"],"picked":"Compile Driver","floor":1.0},{"not_picked":["Beam Cell","Go for the Eyes"],"picked":"Self Repair","floor":2.0},{"not_picked":["White Noise","Reboot"],"picked":"Sunder","floor":4.0},{"not_picked":["Hyperbeam","Redo"],"picked":"Reinforced Body","floor":7.0},{"not_picked":["Fusion","Rebound"],"picked":"Cold Snap","floor":10.0},{"not_picked":["Turbo","Darkness","Redo"],"picked":"Singing Bowl","floor":11.0},{"not_picked":["Blizzard","Steam"],"picked":"Conserve Battery","floor":14.0},{"not_picked":["Creative AI","Meteor Strike"],"picked":"Fission","floor":16.0},{"not_picked":["Lockon","Sweeping Beam","Chaos"],"picked":"Singing Bowl","floor":18},{"not_picked":["Self Repair","Barrage"],"picked":"Cold Snap","floor":22}],"player_experience":813859,"relics_obtained":[{"floor":7.0,"key":"Regal Pillow"},{"floor":9.0,"key":"Singing Bowl"},{"floor":11.0,"key":"Potion Belt"}],"event_choices":[{"cards_removed":["Strike_B"],"damage_healed":0.0,"max_hp_gain":0.0,"max_hp_loss":0.0,"gold_gain":0.0,"event_name":"Bonfire Elementals","player_choice":"Offered Basic","floor":3.0,"gold_loss":0.0,"damage_taken":0.0},{"damage_healed":0.0,"max_hp_gain":0.0,"max_hp_loss":0.0,"gold_gain":0.0,"event_name":"Big Fish","player_choice":"Box","floor":6.0,"gold_loss":0.0,"damage_taken":0.0,"relics_obtained":["Blue Candle"],"cards_obtained":["Regret"]},{"damage_healed":0,"gold_gain":0,"player_choice":"Simplicity","damage_taken":0,"max_hp_gain":0,"max_hp_loss":0,"event_name":"Back to Basics","floor":19,"gold_loss":0,"cards_upgraded":["Strike_B","Strike_B","Strike_B","Defend_B","Defend_B","Defend_B","Defend_B"]},{"damage_healed":0,"gold_gain":0,"player_choice":"Copied","damage_taken":0,"max_hp_gain":0,"max_hp_loss":0,"event_name":"Duplicator","floor":21,"gold_loss":0,"cards_obtained":["Conserve Battery"]}],"is_beta":false,"boss_relics":[{"not_picked":["Eternal Feather","Orrery"],"picked":"Cursed Key"}],"items_purged_floors":[13],"is_endless":false,"potions_floor_spawned":[1,10,11,16],"killed_by":"Book of Stabbing","ascension_level":20}