{"gold_per_floor":[117,130,148,158,173,173,192,219,242,262,282,313,313,238,238,238],"floor_reached":16,"playtime":555,"items_purged":[],"score":228,"play_id":"0e6612e9-f85a-44b7-b1be-bd3fa17b02f3","local_time":"20190502224256","is_ascension_mode":true,"campfire_choices":[{"data":"Zap","floor":6.0,"key":"SMITH"},{"floor":13.0,"key":"REST"},{"data":"Conserve Battery","floor":15.0,"key":"SMITH"}],"neow_cost":"NONE","seed_source_timestamp":0,"circlet_count":0,"master_deck":["AscendersBane","Strike_B","Strike_B","Strike_B","Defend_B","Defend_B","Defend_B","Defend_B","Zap+1","Dualcast","Sweeping Beam","Compile Driver","Compile Driver","Ball Lightning","Electrodynamics","Skim","Conserve Battery+1","Leap"],"special_seed":0,"relics":["Nuclear Battery","DataDisk","Odd Mushroom","Omamori"],"potions_floor_usage":[],"damage_taken":[{"damage":1.0,"enemies":"2 Louse","floor":1.0,"turns":4.0},{"damage":4.0,"enemies":"Jaw Worm","floor":2.0,"turns":5.0},{"damage":1.0,"enemies":"Cultist","floor":3.0,"turns":3.0},{"damage":4.0,"enemies":"Red Slaver","floor":4.0,"turns":3.0},{"damage":4.0,"enemies":"2 Fungi Beasts","floor":5.0,"turns":3.0},{"damage":12.0,"enemies":"3 Louse","floor":7.0,"turns":2.0},{"damage":10.0,"enemies":"3 Sentries","floor":8.0,"turns":2.0},{"damage":0.0,"enemies":"Lots of Slimes","floor":10.0,"turns":1.0},{"damage":13.0,"enemies":"The Mushroom Lair","floor":11.0,"turns":2.0},{"damage":8.0,"enemies":"Lagavulin","floor":12.0,"turns":5.0},{"damage":30,"enemies":"Hexaghost","floor":16,"turns":9}],"seed_played":"-3470107767443412132","potions_obtained":[{"floor":2.0,"key":"AttackPotion"},{"floor":3.0,"key":"PowerPotion"},{"floor":11.0,"key":"SkillPotion"}],"is_trial":false,"path_per_floor":["M","M","M","M","M","R","M","E","T","M","?","E","R","?","R","B"],"character_chosen":"DEFECT","items_purchased":[],"campfire_rested":1,"item_purchase_floors":[],"current_hp_per_floor":[63,59,58,54,50,50,38,28,28,28,15,7,28,28,28,0],"gold":238,"neow_bonus":"BOSS_RELIC","is_prod":false,"is_daily":false,"chose_seed":false,"campfire_upgraded":2,"win_rate":0,"timestamp":1556829776,"path_taken":["M","M","M","M","M","R","M","E","T","M","?","E","R","?","R","BOSS"],"build_version":"2019-01-23","purchased_purges":0,"victory":false,"max_hp_per_floor":[71,71,71,71,71,71,71,71,71,71,71,71,71,71,71,71],"card_choices":[{"not_picked":["Go for the Eyes","Skim"],"picked":"Sweeping Beam","floor":1.0},{"not_picked":["Stack","Coolheaded"],"picked":"Compile Driver","floor":2.0},{"not_picked":["Amplify","Redo","Chill"],"picked":"SKIP","floor":3.0},{"not_picked":["Go for the Eyes","Stack"],"picked":"Compile Driver","floor":4.0},{"not_picked":["Leap","Rebound"],"picked":"Ball Lightning","floor":5.0},{"not_picked":["Loop","Cold Snap"],"picked":"Electrodynamics","floor":7.0},{"not_picked":["Scrape","Gash","Streamline"],"picked":"SKIP","floor":8.0},{"not_picked":["Reprogram","Melter"],"picked":"Skim","floor":10.0},{"not_picked":["Steam Power","Redo"],"picked":"Conserve Battery","floor":11.0},{"not_picked":["Fusion","Consume"],"picked":"Leap","floor":12.0}],"player_experience":779267,"relics_obtained":[{"floor":8.0,"key":"DataDisk"},{"floor":11.0,"key":"Odd Mushroom"},{"floor":12.0,"key":"Omamori"}],"event_choices":[{"damage_healed":0.0,"max_hp_gain":0.0,"max_hp_loss":0.0,"gold_gain":0.0,"event_name":"Mushrooms","player_choice":"Fought Mushrooms","floor":11.0,"gold_loss":0.0,"damage_taken":0.0},{"cards_removed":["Strike_B"],"damage_healed":0.0,"max_hp_gain":0.0,"max_hp_loss":0.0,"gold_gain":0.0,"event_name":"The Cleric","player_choice":"Card Removal","floor":14.0,"gold_loss":75.0,"damage_taken":0.0}],"is_beta":false,"boss_relics":[],"items_purged_floors":[],"is_endless":false,"potions_floor_spawned":[2,3,4,11],"killed_by":"Hexaghost","ascension_level":20}