{"gold_per_floor":[113,63,63,76,76,111,111,122,122,139,155,172,190,207,207,305,305,319,331,348,273,283,283,299,299,323,323,323],"floor_reached":28,"playtime":1677,"items_purged":[],"score":226,"play_id":"aad1b5ef-03f2-4c75-b272-60cc3b139768","local_time":"20190906010155","is_ascension_mode":false,"campfire_choices":[{"data":"Neutralize","floor":7,"key":"SMITH"},{"data":"1","floor":15,"key":"LIFT"},{"floor":23,"key":"REST"}],"neow_cost":"NONE","seed_source_timestamp":543595063261693,"circlet_count":0,"master_deck":["Strike_G+1","Defend_G","Defend_G","Defend_G","Defend_G","Defend_G+1","Survivor","Neutralize+1","Deflect","Blade Dance","Deadly Poison","PiercingWail","Blade Dance","Sucker Punch","Blade Dance","Poisoned Stab","Acrobatics","Dagger Spray"],"relics":["Ring of the Snake","Tingsha","Girya","WristBlade","Pen Nib","Juzu Bracelet"],"potions_floor_usage":[6,16,16,20,22,28],"damage_taken":[{"damage":3,"enemies":"2 Louse","floor":1,"turns":5},{"damage":0,"enemies":"Jaw Worm","floor":4,"turns":4},{"damage":11,"enemies":"3 Sentries","floor":6,"turns":13},{"damage":0,"enemies":"Small Slimes","floor":8,"turns":3},{"damage":2,"enemies":"Exordium Wildlife","floor":10,"turns":5},{"damage":4,"enemies":"Blue Slaver","floor":11,"turns":5},{"damage":6,"enemies":"Exordium Thugs","floor":12,"turns":6},{"damage":3,"enemies":"3 Louse","floor":13,"turns":4},{"damage":2,"enemies":"Lots of Slimes","floor":14,"turns":4},{"damage":16,"enemies":"Hexaghost","floor":16,"turns":10},{"damage":10,"enemies":"3 Byrds","floor":18,"turns":4},{"damage":30,"enemies":"2 Thieves","floor":19,"turns":4},{"damage":24,"enemies":"Snecko","floor":20,"turns":5},{"damage":31,"enemies":"Cultist and Chosen","floor":22,"turns":6},{"damage":23,"enemies":"Snake Plant","floor":24,"turns":6},{"damage":12,"enemies":"Colosseum Slavers","floor":28,"turns":3}],"seed_played":"-2326562366174751495","potions_obtained":[{"floor":1,"key":"FearPotion"},{"floor":8,"key":"Swift Potion"},{"floor":11,"key":"FairyPotion"},{"floor":12,"key":"Weak Potion"},{"floor":14,"key":"Energy Potion"},{"floor":16,"key":"PowerPotion"},{"floor":20,"key":"Regen Potion"},{"floor":24,"key":"FearPotion"}],"is_trial":false,"path_per_floor":["M","?","?","M","?","E","R","M","T","M","M","M","M","M","R","B",null,"M","M","M","?","M","R","M","T","T","?","?"],"character_chosen":"THE_SILENT","items_purchased":[],"campfire_rested":1,"item_purchase_floors":[],"current_hp_per_floor":[74,74,59,59,59,48,48,48,48,46,42,36,33,31,31,15,77,67,37,13,13,7,30,7,7,7,7,0],"gold":323,"neow_bonus":"TEN_PERCENT_HP_BONUS","is_prod":false,"is_daily":false,"chose_seed":false,"campfire_upgraded":1,"win_rate":0,"timestamp":1567746115,"path_taken":["M","?","?","M","?","E","R","M","T","M","?","M","M","M","R","BOSS","M","M","M","?","M","R","M","?","T","?","?"],"build_version":"2019-07-17","purchased_purges":0,"victory":false,"max_hp_per_floor":[77,77,77,77,77,77,77,77,77,77,77,77,77,77,77,77,77,77,77,77,77,77,77,77,77,77,77,77],"card_choices":[{"not_picked":["Finisher","Dagger Throw"],"picked":"Deflect","floor":1},{"not_picked":["Noxious Fumes","Quick Slash"],"picked":"Blade Dance","floor":4},{"not_picked":["Phantasmal Killer","Expertise"],"picked":"Deadly Poison","floor":6},{"not_picked":["Flechettes","Calculated Gamble"],"picked":"PiercingWail","floor":8},{"not_picked":["Underhanded Strike","Masterful Stab"],"picked":"Blade Dance","floor":10},{"not_picked":["Expertise","Choke"],"picked":"Sucker Punch","floor":11},{"not_picked":["Well Laid Plans","Quick Slash"],"picked":"Blade Dance","floor":12},{"not_picked":["Catalyst","Bane"],"picked":"Poisoned Stab","floor":13},{"not_picked":["Bane","Tools of the Trade","Catalyst"],"picked":"SKIP","floor":14},{"not_picked":["Bane","Tools of the Trade","Catalyst"],"picked":"SKIP","floor":14},{"not_picked":["Dagger Throw","Expertise"],"picked":"Acrobatics","floor":18},{"not_picked":["Finisher","Escape Plan+1"],"picked":"Dagger Spray","floor":19},{"not_picked":["Crippling Poison","Noxious Fumes","Footwork"],"picked":"SKIP","floor":20},{"not_picked":["Tactician","Outmaneuver","Setup"],"picked":"SKIP","floor":22},{"not_picked":["Infinite Blades+1","Heel Hook+1","Acrobatics"],"picked":"SKIP","floor":24}],"player_experience":350338,"relics_obtained":[{"floor":6,"key":"Tingsha"},{"floor":9,"key":"Girya"},{"floor":25,"key":"Pen Nib"},{"floor":26,"key":"Juzu Bracelet"}],"event_choices":[{"cards_removed":["Strike_G"],"damage_healed":0,"gold_gain":0,"player_choice":"Card Removal","damage_taken":0,"max_hp_gain":0,"max_hp_loss":0,"event_name":"The Cleric","floor":2,"gold_loss":50},{"damage_healed":0,"gold_gain":0,"player_choice":"Entered Light","damage_taken":15,"max_hp_gain":0,"max_hp_loss":0,"event_name":"Shining Light","floor":3,"gold_loss":0,"cards_upgraded":["Strike_G","Defend_G"]},{"cards_removed":["Strike_G"],"damage_healed":0,"gold_gain":0,"player_choice":"Forget","damage_taken":0,"max_hp_gain":0,"max_hp_loss":0,"event_name":"Living Wall","floor":5,"gold_loss":0},{"cards_removed":["Strike_G"],"damage_healed":0,"gold_gain":0,"player_choice":"Gave Gold","damage_taken":0,"max_hp_gain":0,"max_hp_loss":0,"event_name":"Beggar","floor":21,"gold_loss":75},{"cards_removed":["Strike_G"],"damage_healed":0,"gold_gain":0,"player_choice":"Offered Basic","damage_taken":0,"max_hp_gain":0,"max_hp_loss":0,"event_name":"Bonfire Elementals","floor":27,"gold_loss":0},{"damage_healed":0,"gold_gain":0,"player_choice":"Fight","damage_taken":0,"max_hp_gain":0,"max_hp_loss":0,"event_name":"Colosseum","floor":28,"gold_loss":0}],"is_beta":false,"boss_relics":[{"not_picked":["Fusion Hammer","HoveringKite"],"picked":"WristBlade"}],"items_purged_floors":[],"is_endless":false,"potions_floor_spawned":[1,8,11,12,14,16,20,24],"killed_by":"Colosseum Slavers","ascension_level":0}