{"gold_per_floor":[111,36,111,36,47,73,73,101,126,126],"floor_reached":10,"playtime":165,"items_purged":["Strike_B"],"score":173,"play_id":"2b9048af-9b82-4ec2-a2b9-0cd8b30e251d","local_time":"20190519232905","is_ascension_mode":true,"campfire_choices":[{"data":"Sunder","floor":7,"key":"SMITH"}],"neow_cost":"NONE","seed_source_timestamp":519796738704700,"circlet_count":0,"master_deck":["AscendersBane","Strike_B","Strike_B","Defend_B","Defend_B","Defend_B","Defend_B","Zap","Dualcast","Sunder+1","Static Discharge","Gash","Coolheaded"],"relics":["Cracked Core","NeowsBlessing","Anchor","Boot","Happy Flower"],"potions_floor_usage":[8],"damage_taken":[{"damage":0,"enemies":"Cultist","floor":1,"turns":1},{"damage":0,"enemies":"Jaw Worm","floor":5,"turns":1},{"damage":0,"enemies":"3 Sentries","floor":6,"turns":2},{"damage":16,"enemies":"Gremlin Nob","floor":8,"turns":3},{"damage":38,"enemies":"Lagavulin","floor":10,"turns":5}],"seed_played":"-657810803092370964","potions_obtained":[{"floor":5,"key":"FocusPotion"},{"floor":6,"key":"Explosive Potion"}],"is_trial":false,"path_per_floor":["M","$","?","?","M","E","R","E","T","E"],"character_chosen":"DEFECT","items_purchased":[],"campfire_rested":0,"item_purchase_floors":[],"current_hp_per_floor":[64,64,53,53,53,53,53,37,37,0],"gold":126,"neow_bonus":"THREE_ENEMY_KILL","is_prod":false,"is_daily":false,"chose_seed":false,"campfire_upgraded":1,"win_rate":0,"timestamp":1558301345,"path_taken":["M","?","?","?","M","E","R","E","T","E"],"build_version":"2019-01-23","purchased_purges":1,"victory":false,"max_hp_per_floor":[71,71,71,71,71,71,71,71,71,71],"card_choices":[{"not_picked":["Rebound","FTL"],"picked":"Sunder","floor":1},{"not_picked":["Turbo","Chaos"],"picked":"Static Discharge","floor":5},{"not_picked":["Blizzard","Thunder Strike"],"picked":"Gash","floor":6},{"not_picked":["Go for the Eyes","Rebound"],"picked":"Coolheaded","floor":8}],"player_experience":1155702,"relics_obtained":[{"floor":6,"key":"Anchor"},{"floor":8,"key":"Boot"},{"floor":9,"key":"Happy Flower"}],"event_choices":[{"damage_healed":0,"gold_gain":75,"player_choice":"Gather Gold","damage_taken":11,"max_hp_gain":0,"max_hp_loss":0,"event_name":"World of Goop","floor":3,"gold_loss":0},{"cards_removed":["Strike_B"],"damage_healed":0,"gold_gain":0,"player_choice":"Card Removal","damage_taken":0,"max_hp_gain":0,"max_hp_loss":0,"event_name":"The Cleric","floor":4,"gold_loss":75}],"is_beta":false,"boss_relics":[],"items_purged_floors":[2],"is_endless":false,"potions_floor_spawned":[5,6],"killed_by":"Lagavulin","ascension_level":15}