{"gold_per_floor":[112,125,125,125,138,138,150,150,150,150],"floor_reached":10,"playtime":345,"items_purged":[],"score":104,"play_id":"664eb255-fe42-4845-8408-f776bc379eb9","local_time":"20190622061901","is_ascension_mode":true,"campfire_choices":[{"data":"Neutralize","floor":6,"key":"SMITH"}],"neow_cost":"TEN_PERCENT_HP_LOSS","seed_source_timestamp":367895925980100,"circlet_count":0,"master_deck":["AscendersBane","Defend_G","Defend_G","Defend_G","Defend_G","Defend_G","Strike_G","Strike_G","Strike_G","Strike_G","Survivor","Neutralize+1","Escape Plan","Catalyst","Backflip","Poisoned Stab","Injury"],"relics":["Ring of the Snake","Calipers","Golden Idol","Bottled Flame"],"potions_floor_usage":[7,7],"damage_taken":[{"damage":0,"enemies":"Cultist","floor":1,"turns":4},{"damage":0,"enemies":"Small Slimes","floor":2,"turns":4},{"damage":2,"enemies":"Jaw Worm","floor":5,"turns":7},{"damage":10,"enemies":"Large Slime","floor":7,"turns":11},{"damage":59,"enemies":"Gremlin Nob","floor":10,"turns":4}],"seed_played":"8709042687119318208","potions_obtained":[{"floor":1,"key":"Weak Potion"},{"floor":2,"key":"EssenceOfSteel"}],"is_trial":false,"path_per_floor":["M","M","$","?","M","R","M","?","T","E"],"character_chosen":"THE_SILENT","items_purchased":[],"campfire_rested":0,"item_purchase_floors":[],"current_hp_per_floor":[59,59,59,59,57,57,47,47,47,0],"gold":150,"neow_bonus":"ONE_RARE_RELIC","is_prod":false,"is_daily":false,"chose_seed":false,"campfire_upgraded":1,"win_rate":0,"timestamp":1561177141,"path_taken":["M","M","?","?","?","R","M","?","T","E"],"build_version":"2019-01-23","purchased_purges":0,"victory":false,"max_hp_per_floor":[60,60,60,60,60,60,60,60,60,60],"card_choices":[{"not_picked":["Concentrate","Finisher"],"picked":"Escape Plan","floor":1},{"not_picked":["Acrobatics","Outmaneuver"],"picked":"Catalyst","floor":2},{"not_picked":["Terror","Distraction"],"picked":"Backflip","floor":5},{"not_picked":["Terror","Bane"],"picked":"Poisoned Stab","floor":7}],"player_experience":1427062,"relics_obtained":[{"floor":9,"key":"Bottled Flame"}],"event_choices":[{"cards_removed":["Strike_G"],"damage_healed":0,"gold_gain":0,"player_choice":"Offered Basic","damage_taken":0,"max_hp_gain":0,"max_hp_loss":0,"event_name":"Bonfire Elementals","floor":4,"gold_loss":0},{"damage_healed":0,"gold_gain":0,"player_choice":"Take Wound","damage_taken":0,"relics_obtained":["Golden Idol"],"max_hp_gain":0,"max_hp_loss":0,"event_name":"Golden Idol","floor":8,"gold_loss":0,"cards_obtained":["Injury"]}],"is_beta":false,"boss_relics":[],"items_purged_floors":[],"is_endless":false,"potions_floor_spawned":[1,2],"killed_by":"Gremlin Nob","ascension_level":16}