{"path_per_floor":["M","$","?","?","M","R","M","R","T","E","T","M","R","$","R","B",null,"M","M","?","?","M","R","M","R","T","$","?","M","E","M","R","B",null,"M","M","$","?","?","R","E","M","T","R","E","?","R","?","R","B"],"character_chosen":"THE_SILENT","items_purchased":["Noxious Fumes","Expertise","Bullet Time","Well Laid Plans","Blood Vial"],"gold_per_floor":[111,6,6,81,91,91,103,103,103,136,136,155,155,8,8,113,113,129,149,149,176,191,191,207,207,207,30,30,48,74,89,89,192,192,202,221,69,69,69,69,96,115,115,115,148,148,148,148,148,148],"floor_reached":51,"campfire_rested":3,"playtime":4027,"item_purchase_floors":[],"current_hp_per_floor":[70,70,67,56,56,56,56,56,56,36,36,25,25,25,46,24,70,51,51,51,38,29,50,46,46,46,46,46,46,33,31,52,23,70,59,59,59,59,59,70,52,54,54,68,55,46,60,60,70,32],"items_purged":["Strike_G","Strike_G"],"gold":148,"score":860,"play_id":"80448906-775c-4901-814a-a0981b04d77e","local_time":"20180530121719","is_prod":false,"is_daily":false,"chose_seed":false,"is_ascension_mode":true,"campfire_upgraded":8,"win_rate":0,"timestamp":1527679039,"campfire_choices":[{"data":"Neutralize","floor":6.0,"key":"SMITH"},{"data":"Infinite Blades","floor":8.0,"key":"SMITH"},{"data":"Noxious Fumes","floor":13.0,"key":"SMITH"},{"floor":15.0,"key":"REST"},{"floor":23.0,"key":"REST"},{"data":"Noxious Fumes","floor":25.0,"key":"SMITH"},{"floor":32.0,"key":"REST"},{"data":"Mind Blast","floor":40,"key":"SMITH"},{"data":"Wraith Form v2","floor":44,"key":"SMITH"},{"data":"Calculated Gamble","floor":47,"key":"SMITH"},{"data":"Well Laid Plans","floor":49,"key":"SMITH"}],"path_taken":["M","$","?","?","M","R","M","R","T","E","?","M","R","$","R","BOSS","M","M","?","?","M","R","M","R","T","$","?","M","E","M","R","BOSS","M","M","$","?","?","R","E","M","T","R","E","?","R","?","R","BOSS"],"build_version":"2018-05-24","seed_source_timestamp":0,"purchased_purges":3,"victory":true,"master_deck":["Defend_G","Defend_G","Defend_G","Defend_G","Defend_G","Strike_G","Strike_G","Strike_G","Survivor","Neutralize+1","Deadly Poison","Noxious Fumes+1","Expertise","Infinite Blades+1","Caltrops","Noxious Fumes+1","Bullet Time","Envenom","PiercingWail+1","Catalyst+1","Calculated Gamble+1","Backflip+1","Bane","Well Laid Plans+1","Wraith Form v2+1","Deadly Poison+1","Deflect+1","Storm of Steel+1","Acrobatics+1","Catalyst+1","Mind Blast+1","Adrenaline+1","Prepared+1","Normality","Dagger Throw+1","Madness+1","Madness+1"],"max_hp_per_floor":[70,70,70,70,70,70,70,70,70,70,70,70,70,70,70,70,70,70,70,70,70,70,70,70,70,70,70,70,70,70,70,70,70,70,70,70,70,70,70,70,70,70,70,70,70,70,70,70,70,70],"relics":["Ring of the Snake","Bag of Marbles","Snake Skull","Tough Bandages","Boot","Juzu Bracelet","Cursed Key","Red Mask","Toxic Egg 2","Eternal Feather","Blood Vial","Molten Egg 2","Pantograph","Tingsha"],"card_choices":[{"not_picked":["Dagger Spray","Dagger Throw"],"picked":"Deadly Poison","floor":1.0},{"not_picked":["Sucker Punch","Deadly Poison"],"picked":"Infinite Blades","floor":5.0},{"not_picked":["Setup","Cloak And Dagger"],"picked":"Caltrops","floor":7.0},{"not_picked":["Heel Hook","Deadly Poison"],"picked":"Noxious Fumes","floor":10.0},{"not_picked":["Malaise","Quick Slash"],"picked":"Backflip","floor":12.0},{"not_picked":["Grand Finale","Adrenaline"],"picked":"Envenom","floor":16.0},{"not_picked":["Dagger Throw","Prepared"],"picked":"PiercingWail+1","floor":18.0},{"not_picked":["Heel Hook","Accuracy"],"picked":"Catalyst+1","floor":19.0},{"not_picked":["Poisoned Stab","Deflect"],"picked":"Calculated Gamble","floor":21.0},{"not_picked":["Underhanded Strike","Backstab"],"picked":"Backflip+1","floor":22.0},{"not_picked":["Underhanded Strike","Dagger Spray"],"picked":"Bane","floor":24.0},{"not_picked":["Poisoned Stab","Quick Slash+1"],"picked":"Wraith Form v2","floor":29.0},{"not_picked":["Sucker Punch","Bane+1"],"picked":"Deadly Poison","floor":30.0},{"not_picked":["Cloak And Dagger+1","Dagger Throw"],"picked":"Deflect+1","floor":31.0},{"not_picked":["Unload","Envenom"],"picked":"Storm of Steel+1","floor":33.0},{"not_picked":["Prepared+1","Underhanded Strike+1"],"picked":"Acrobatics+1","floor":35},{"not_picked":["Acrobatics+1","Backstab"],"picked":"Catalyst+1","floor":36},{"not_picked":["Finesse","Deep Breath"],"picked":"Mind Blast","floor":39},{"not_picked":["PiercingWail+1","Heel Hook+1"],"picked":"Adrenaline+1","floor":41},{"not_picked":["Backflip+1","Slice+1"],"picked":"Prepared+1","floor":42},{"not_picked":["Poisoned Stab+1","Night Terror+1"],"picked":"Dagger Throw+1","floor":45}],"player_experience":387238,"potions_floor_usage":[],"damage_taken":[{"damage":0.0,"enemies":"Small Slimes","floor":1.0,"turns":2.0},{"damage":0.0,"enemies":"Jaw Worm","floor":5.0,"turns":4.0},{"damage":0.0,"enemies":"Cultist","floor":7.0,"turns":3.0},{"damage":20.0,"enemies":"Lagavulin","floor":10.0,"turns":7.0},{"damage":11.0,"enemies":"3 Louse","floor":12.0,"turns":4.0},{"damage":22.0,"enemies":"The Guardian","floor":16.0,"turns":9.0},{"damage":19.0,"enemies":"Chosen","floor":18.0,"turns":5.0},{"damage":0.0,"enemies":"3 Byrds","floor":19.0,"turns":3.0},{"damage":13.0,"enemies":"Masked Bandits","floor":21.0,"turns":4.0},{"damage":9.0,"enemies":"Centurion and Healer","floor":22.0,"turns":5.0},{"damage":4.0,"enemies":"Snecko","floor":24.0,"turns":4.0},{"damage":0.0,"enemies":"Snake Plant","floor":29.0,"turns":4.0},{"damage":13.0,"enemies":"Slavers","floor":30.0,"turns":5.0},{"damage":2.0,"enemies":"Centurion and Healer","floor":31.0,"turns":4.0},{"damage":29.0,"enemies":"Automaton","floor":33.0,"turns":7.0},{"damage":11,"enemies":"3 Shapes","floor":35,"turns":6},{"damage":0,"enemies":"Orb Walker","floor":36,"turns":4},{"damage":18,"enemies":"2 Orb Walkers","floor":41,"turns":5},{"damage":0,"enemies":"4 Shapes","floor":42,"turns":3},{"damage":15,"enemies":"Nemesis","floor":45,"turns":5},{"damage":38,"enemies":"Time Eater","floor":50,"turns":6}],"relics_obtained":[{"floor":9.0,"key":"Tough Bandages"},{"floor":10.0,"key":"Boot"},{"floor":11.0,"key":"Juzu Bracelet"},{"floor":21.0,"key":"Red Mask"},{"floor":30.0,"key":"Toxic Egg 2"},{"floor":41,"key":"Molten Egg 2"},{"floor":43,"key":"Pantograph"},{"floor":45,"key":"Tingsha"}],"event_choices":[{"event_name":"Scrap Ooze","player_choice":"success","floor":3.0,"damage_taken":3.0},{"event_name":"World of Goop","player_choice":"Gather Gold","floor":4.0,"damage_taken":0.0},{"event_name":"Vampires","player_choice":"Ignored","floor":20.0,"damage_taken":0.0},{"event_name":"Masked Bandits","player_choice":"Fought over 149 gold","floor":21.0,"damage_taken":0.0},{"event_name":"Cursed Tome","player_choice":"Ignored","floor":28.0,"damage_taken":0.0},{"event_name":"Tomb of Lord Red Mask","player_choice":"Ignored","floor":38,"damage_taken":0},{"event_name":"SensoryStone","player_choice":"Memory 1","floor":39,"damage_taken":0},{"event_name":"Winding Halls","player_choice":"Embrace Madness","floor":46,"damage_taken":0}],"boss_relics":[],"items_purged_floors":[],"potions_floor_spawned":[12,16,18,19,22,31,36,41,45],"seed_played":"-2185299585279773903","ascension_level":4,"potions_obtained":[{"floor":12.0,"key":"LiquidBronze"},{"floor":16.0,"key":"AttackPotion"},{"floor":18.0,"key":"GhostInAJar"},{"floor":19.0,"key":"Fire Potion"},{"floor":22.0,"key":"Weak Potion"},{"floor":31.0,"key":"SpeedPotion"},{"floor":36,"key":"PowerPotion"},{"floor":41,"key":"Fire Potion"}],"is_trial":false}