{"gold_per_floor":[14,14,25,25,37,37,51,51,51,126,176,176,187,187],"floor_reached":14,"playtime":227,"items_purged":[],"score":148,"play_id":"8b678f61-f70c-4389-aa43-c442ae230bf0","local_time":"20190722170946","is_ascension_mode":true,"campfire_choices":[{"data":"Zap","floor":6,"key":"SMITH"},{"data":"Cold Snap","floor":8,"key":"SMITH"},{"data":"Multi-Cast","floor":12,"key":"SMITH"}],"neow_cost":"NO_GOLD","seed_source_timestamp":113100683076200,"circlet_count":0,"master_deck":["AscendersBane","Strike_B","Strike_B","Strike_B","Defend_B","Defend_B","Defend_B","Defend_B","Zap+1","Dualcast","Multi-Cast+1","Beam Cell","Lockon","Tempest","Cold Snap+1","Go for the Eyes","Auto Shields"],"relics":["Cracked Core","Darkstone Periapt"],"potions_floor_usage":[7,13],"damage_taken":[{"damage":4,"enemies":"Small Slimes","floor":1,"turns":3},{"damage":0,"enemies":"Cultist","floor":3,"turns":2},{"damage":9,"enemies":"2 Louse","floor":5,"turns":2},{"damage":13,"enemies":"Looter","floor":7,"turns":3},{"damage":15,"enemies":"Exordium Thugs","floor":13,"turns":4},{"damage":5,"enemies":"Red Slaver","floor":14,"turns":1}],"seed_played":"7191499013130960361","potions_obtained":[{"floor":3,"key":"Poison Potion"},{"floor":5,"key":"SpeedPotion"}],"is_trial":false,"path_per_floor":["M","?","M","$","M","R","M","R","T","?","?","R","M","M"],"character_chosen":"DEFECT","items_purchased":[],"campfire_rested":0,"item_purchase_floors":[],"current_hp_per_floor":[60,60,60,60,51,51,38,38,38,27,20,20,5,0],"gold":187,"neow_bonus":"THREE_RARE_CARDS","is_prod":false,"is_daily":false,"chose_seed":false,"campfire_upgraded":3,"win_rate":0,"timestamp":1563808186,"path_taken":["M","?","M","?","M","R","M","R","T","?","?","R","?","M"],"build_version":"2019-07-17","purchased_purges":0,"victory":false,"max_hp_per_floor":[71,71,71,71,71,71,71,71,71,71,71,71,71,71],"card_choices":[{"not_picked":["Machine Learning","Meteor Strike"],"picked":"Multi-Cast","floor":0},{"not_picked":["Stack","Barrage"],"picked":"Beam Cell","floor":1},{"not_picked":["Double Energy","Barrage"],"picked":"Tempest","floor":3},{"not_picked":["Sweeping Beam","Stack"],"picked":"Cold Snap","floor":5},{"not_picked":["Barrage","Turbo"],"picked":"Go for the Eyes","floor":7},{"not_picked":["Melter","Stack"],"picked":"Auto Shields","floor":13}],"player_experience":1737235,"relics_obtained":[{"floor":9,"key":"Darkstone Periapt"}],"event_choices":[{"damage_healed":0,"gold_gain":0,"cards_transformed":["Strike_B"],"player_choice":"Transformed","damage_taken":0,"max_hp_gain":0,"max_hp_loss":0,"event_name":"Transmorgrifier","floor":2,"gold_loss":0,"cards_obtained":["Lockon"]},{"damage_healed":0,"gold_gain":75,"player_choice":"Gather Gold","damage_taken":11,"max_hp_gain":0,"max_hp_loss":0,"event_name":"World of Goop","floor":10,"gold_loss":0},{"damage_healed":0,"gold_gain":50,"player_choice":"Touch","damage_taken":7,"max_hp_gain":0,"max_hp_loss":0,"event_name":"FaceTrader","floor":11,"gold_loss":0}],"is_beta":false,"boss_relics":[],"items_purged_floors":[],"is_endless":false,"potions_floor_spawned":[3,5],"killed_by":"Red Slaver","ascension_level":17}