{"gold_per_floor":[119,269,269,194,217,217,258,258,309,322,322,346,346,369,369,468,468,493,533,552,169,169],"floor_reached":22,"playtime":738,"items_purged":["Defend_R"],"score":359,"play_id":"8a18cad5-a2bf-4255-b8a2-40fa9532c267","local_time":"20190823110325","is_ascension_mode":true,"campfire_choices":[{"data":"Bash","floor":6,"key":"SMITH"},{"floor":11,"key":"REST"},{"data":"Flex","floor":13,"key":"SMITH"},{"data":"Shockwave","floor":15,"key":"SMITH"}],"neow_cost":"NONE","seed_source_timestamp":799084310365900,"circlet_count":0,"master_deck":["AscendersBane","Strike_R+1","Strike_R+1","Defend_R","Defend_R","Defend_R","Bash+1","Rage","Twin Strike+1","Flex+1","Shrug It Off","Flame Barrier","Shockwave+1","Juggernaut","Battle Trance+1","Whirlwind+1","Shockwave+1","Anger","Rage","Dropkick+1","Second Wind","Dual Wield"],"relics":["Burning Blood","Golden Idol","Darkstone Periapt","Smiling Mask","Astrolabe","Red Mask","Whetstone"],"potions_floor_usage":[7,7,10,16,19],"damage_taken":[{"damage":7,"enemies":"Jaw Worm","floor":1,"turns":3},{"damage":3,"enemies":"2 Louse","floor":5,"turns":3},{"damage":29,"enemies":"Lagavulin","floor":7,"turns":5},{"damage":7,"enemies":"Small Slimes","floor":10,"turns":2},{"damage":6,"enemies":"2 Fungi Beasts","floor":12,"turns":3},{"damage":0,"enemies":"Looter","floor":14,"turns":3},{"damage":48,"enemies":"The Guardian","floor":16,"turns":15},{"damage":5,"enemies":"3 Byrds","floor":18,"turns":4},{"damage":47,"enemies":"Masked Bandits","floor":19,"turns":4},{"damage":19,"enemies":"Spheric Guardian","floor":20,"turns":4},{"damage":11,"enemies":"Centurion and Healer","floor":22,"turns":2}],"seed_played":"-2925180678240833286","potions_obtained":[{"floor":0,"key":"Strength Potion"},{"floor":0,"key":"Swift Potion"},{"floor":5,"key":"BloodPotion"},{"floor":7,"key":"Fire Potion"},{"floor":14,"key":"BloodPotion"},{"floor":18,"key":"SpeedPotion"}],"is_trial":false,"path_per_floor":["M","?","?","?","M","R","E","?","T","M","R","M","R","M","R","B",null,"M","?","M","$","M"],"character_chosen":"IRONCLAD","items_purchased":["Whetstone","Second Wind","Dual Wield"],"campfire_rested":1,"item_purchase_floors":[21,21,21],"current_hp_per_floor":[67,67,41,41,44,44,39,16,16,15,37,37,37,43,43,19,61,62,21,8,8,0],"gold":169,"neow_bonus":"THREE_SMALL_POTIONS","is_prod":false,"is_daily":false,"chose_seed":false,"campfire_upgraded":3,"win_rate":0,"timestamp":1566551005,"path_taken":["M","?","?","?","M","R","E","?","T","M","R","M","R","M","R","BOSS","M","?","M","$","M"],"build_version":"2019-07-17","purchased_purges":1,"victory":false,"max_hp_per_floor":[75,75,75,75,75,75,75,75,75,75,75,75,75,75,75,75,75,75,75,75,75,75],"card_choices":[{"not_picked":["Disarm","Twin Strike"],"picked":"Rage","floor":1},{"not_picked":["Cleave","Dual Wield"],"picked":"Twin Strike","floor":5},{"not_picked":["Reaper","Second Wind"],"picked":"Flex","floor":7},{"not_picked":["Thunderclap","True Grit"],"picked":"Shrug It Off","floor":10},{"not_picked":["Sentinel","Iron Wave"],"picked":"Flame Barrier","floor":12},{"not_picked":["Feel No Pain","Perfected Strike"],"picked":"Shockwave","floor":14},{"not_picked":["Offering","Double Tap"],"picked":"Juggernaut","floor":16},{"not_picked":["Sword Boomerang","Heavy Blade"],"picked":"Anger","floor":18},{"not_picked":["Wild Strike","Reckless Charge"],"picked":"Rage","floor":19},{"not_picked":["Carnage","Rupture"],"picked":"Dropkick","floor":20}],"player_experience":1956524,"relics_obtained":[{"floor":7,"key":"Darkstone Periapt"},{"floor":9,"key":"Smiling Mask"},{"floor":19,"key":"Red Mask"}],"event_choices":[{"damage_healed":0,"gold_gain":150,"player_choice":"AGREE","damage_taken":0,"max_hp_gain":0,"max_hp_loss":0,"event_name":"Liars Game","floor":2,"gold_loss":0,"cards_obtained":["Doubt"]},{"damage_healed":0,"gold_gain":0,"player_choice":"Take Damage","damage_taken":26,"relics_obtained":["Golden Idol"],"max_hp_gain":0,"max_hp_loss":0,"event_name":"Golden Idol","floor":3,"gold_loss":0},{"cards_removed":["Doubt"],"damage_healed":0,"gold_gain":0,"player_choice":"Card Removal","damage_taken":0,"max_hp_gain":0,"max_hp_loss":0,"event_name":"The Cleric","floor":4,"gold_loss":75},{"damage_healed":0,"gold_gain":0,"player_choice":"Entered Light","damage_taken":23,"max_hp_gain":0,"max_hp_loss":0,"event_name":"Shining Light","floor":8,"gold_loss":0,"cards_upgraded":["Strike_R","Strike_R"]},{"damage_healed":0,"gold_gain":0,"player_choice":"Fought Bandits","damage_taken":0,"max_hp_gain":0,"max_hp_loss":0,"event_name":"Masked Bandits","floor":19,"gold_loss":0}],"is_beta":false,"boss_relics":[{"not_picked":["Snecko Eye","Pandora\u0027s Box"],"picked":"Astrolabe"}],"items_purged_floors":[21],"is_endless":false,"potions_floor_spawned":[5,7,14,18],"killed_by":"Centurion and Healer","ascension_level":19}