{"gold_per_floor":[109,124,14,14,27,27,43,78,130,148,23,123,23,23,23,96,146,162,162,162,162,162,162,37,37,90,105,105,105,125,136,136,215,215,234,247,247,77,77,77,97,97,97,97,117,128,128,128],"floor_reached":48,"playtime":2823,"items_purged":["Strike_R","Strike_R","Decay"],"score":728,"play_id":"541a7e56-a9c6-40a7-b876-685b1e5bc634","local_time":"20180905185823","is_ascension_mode":true,"campfire_choices":[{"data":"Bash","floor":6,"key":"SMITH"},{"data":"Clothesline","floor":15,"key":"SMITH"},{"data":"Limit Break","floor":23,"key":"SMITH"},{"floor":25,"key":"REST"},{"data":"Whirlwind","floor":28,"key":"SMITH"},{"floor":32,"key":"REST"},{"floor":40,"key":"REST"},{"floor":42,"key":"REST"}],"neow_cost":"NONE","seed_source_timestamp":1582158272515398,"circlet_count":0,"master_deck":["Strike_R","Strike_R","Defend_R","Defend_R","Defend_R","Defend_R","Bash+1","AscendersBane","Sword Boomerang","Clothesline+1","Whirlwind+1","Battle Trance","Shrug It Off+1","Seeing Red","Pommel Strike","Inflame+1","Limit Break+1","True Grit","Sword Boomerang","Shrug It Off","Body Slam+1","Feed","Evolve","Inflame+1","Regret","Demon Form"],"relics":["Burning Blood","Bottled Lightning","Boot","Tiny House","Nilry\u0027s Codex","Bag of Preparation","Cursed Key","Ginger","Matryoshka"],"potions_floor_usage":[8,16,30,33,36,41,46,46],"damage_taken":[{"damage":4,"enemies":"2 Louse","floor":1,"turns":3},{"damage":12,"enemies":"Jaw Worm","floor":2,"turns":2},{"damage":7,"enemies":"Small Slimes","floor":5,"turns":3},{"damage":1,"enemies":"Exordium Wildlife","floor":7,"turns":2},{"damage":26,"enemies":"Lagavulin","floor":8,"turns":9},{"damage":0,"enemies":"Lots of Slimes","floor":10,"turns":1},{"damage":40,"enemies":"Hexaghost","floor":16,"turns":11},{"damage":46,"enemies":"2 Thieves","floor":18,"turns":5},{"damage":1,"enemies":"3 Byrds","floor":27,"turns":3},{"damage":21,"enemies":"Sentry and Sphere","floor":30,"turns":4},{"damage":43,"enemies":"Shelled Parasite and Fungi","floor":31,"turns":14},{"damage":27,"enemies":"Collector","floor":33,"turns":8},{"damage":0,"enemies":"Orb Walker","floor":35,"turns":3},{"damage":32,"enemies":"3 Darklings","floor":36,"turns":5},{"damage":12,"enemies":"Mind Bloom Boss Battle","floor":39,"turns":7},{"damage":63,"enemies":"4 Shapes","floor":41,"turns":4},{"damage":36,"enemies":"Sphere and 2 Shapes","floor":45,"turns":4},{"damage":7,"enemies":"Maw","floor":46,"turns":6},{"damage":16,"enemies":"3 Darklings","floor":48,"turns":2}],"seed_played":"5401620871031890272","potions_obtained":[{"floor":2,"key":"Dexterity Potion"},{"floor":5,"key":"Block Potion"},{"floor":16,"key":"Strength Potion"},{"floor":18,"key":"Regen Potion"},{"floor":35,"key":"AttackPotion"},{"floor":45,"key":"GamblersBrew"}],"is_trial":false,"path_per_floor":["M","M","$","?","M","R","M","E","T","M","$","?","$","?","R","B",null,"M","?","?","?","?","R","$","R","T","M","R","?","M","M","R","B",null,"M","M","?","$","?","R","M","R","T","$","M","M","T"],"character_chosen":"IRONCLAD","items_purchased":["Battle Trance","Inflame","SteroidPotion","Energy Potion","Block Potion","Evolve"],"campfire_rested":4,"item_purchase_floors":[3,11,11,38,38,38],"current_hp_per_floor":[70,64,64,64,63,63,68,48,48,54,54,54,54,54,54,20,66,26,10,10,10,36,36,36,60,60,65,65,65,59,40,64,46,74,80,54,54,54,48,72,18,43,43,43,13,12,12,0],"gold":128,"neow_bonus":"TRANSFORM_CARD","is_prod":false,"is_daily":false,"chose_seed":false,"campfire_upgraded":4,"win_rate":0,"timestamp":1536170303,"path_taken":["M","M","$","?","M","R","M","E","T","M","$","?","?","?","R","BOSS","M","?","?","?","?","R","$","R","T","M","R","?","M","M","R","BOSS","M","?","?","$","?","R","M","R","T","$","M","M","?","M"],"build_version":"2018-08-30","purchased_purges":3,"victory":false,"max_hp_per_floor":[75,75,75,75,75,75,75,75,75,75,75,75,75,75,75,75,80,80,80,80,80,80,80,80,80,80,80,80,80,80,80,80,83,83,83,83,83,83,83,83,86,86,86,86,86,86,86,86],"card_choices":[{"not_picked":["Perfected Strike","Havoc"],"picked":"Clothesline","floor":1},{"not_picked":["Warcry","Combust"],"picked":"Whirlwind","floor":2},{"not_picked":["Rage","Flex","Body Slam"],"picked":"SKIP","floor":5},{"not_picked":["Burning Pact","Shockwave"],"picked":"Shrug It Off","floor":7},{"not_picked":["Dropkick","Hemokinesis"],"picked":"Seeing Red","floor":8},{"not_picked":["Rampage","Heavy Blade"],"picked":"Pommel Strike","floor":10},{"not_picked":["Barricade","Impervious"],"picked":"Limit Break","floor":16},{"not_picked":["Havoc","Clothesline"],"picked":"True Grit","floor":17},{"not_picked":["Inflame","Seeing Red"],"picked":"Sword Boomerang","floor":18},{"not_picked":["Rampage","Sentinel","Sword Boomerang"],"picked":"SKIP","floor":27},{"not_picked":["Flame Barrier","True Grit"],"picked":"Shrug It Off","floor":30},{"not_picked":["Havoc","Clothesline+1"],"picked":"Body Slam+1","floor":31},{"not_picked":["Offering","Brutality"],"picked":"Feed","floor":33},{"not_picked":["Corruption","Twin Strike","Anger"],"picked":"SKIP","floor":35},{"not_picked":["Twin Strike","Hemokinesis","True Grit"],"picked":"SKIP","floor":36},{"not_picked":["Corruption+1","Sever Soul+1"],"picked":"Inflame+1","floor":41},{"not_picked":["Blood for Blood","Sword Boomerang+1","Warcry"],"picked":"SKIP","floor":45},{"not_picked":["Clothesline","Ghostly Armor"],"picked":"Demon Form","floor":46}],"player_experience":632429,"relics_obtained":[{"floor":8,"key":"Bottled Lightning"},{"floor":9,"key":"Boot"},{"floor":19,"key":"Nilry\u0027s Codex"},{"floor":26,"key":"Bag of Preparation"},{"floor":39,"key":"Ginger"},{"floor":43,"key":"Matryoshka"}],"event_choices":[{"event_name":"The Cleric","player_choice":"Leave","floor":4,"damage_taken":0},{"event_name":"Golden Shrine","player_choice":"Pray","floor":12,"damage_taken":0},{"event_name":"Match and Keep!","player_choice":"0 cards matched","floor":14,"damage_taken":0},{"event_name":"Cursed Tome","player_choice":"Obtained Book","floor":19,"damage_taken":0},{"event_name":"Forgotten Altar","player_choice":"Smashed Altar","floor":20,"damage_taken":0},{"event_name":"Vampires","player_choice":"Ignored","floor":21,"damage_taken":0},{"event_name":"The Library","player_choice":"Heal","floor":22,"damage_taken":0},{"event_name":"Upgrade Shrine","player_choice":"Upgraded","floor":29,"damage_taken":0},{"event_name":"Tomb of Lord Red Mask","player_choice":"Ignored","floor":37,"damage_taken":0},{"event_name":"MindBloom","player_choice":"Fight","floor":39,"damage_taken":0}],"is_beta":false,"boss_relics":[{"not_picked":["Calling Bell","Runic Cube"],"picked":"Tiny House"},{"not_picked":["Lizard Tail","Orrery"],"picked":"Cursed Key"}],"items_purged_floors":[3,13,24],"is_endless":false,"potions_floor_spawned":[2,5,16,18,35,45],"killed_by":"3 Darklings","ascension_level":14}