{"gold_per_floor":[213,229,229,85,98,98,128,128,197,54,54,54,68,99,99,202,202,220,233,233,251,151,151,171,171,171,171,202,202,220,220,220,315,315,335,346,1345,1363,1363,1363,1378,1378],"floor_reached":42,"playtime":928,"items_purged":["Defend_R","Strike_R"],"score":451,"play_id":"6602a36d-0909-4c5f-92d7-4fa705863496","local_time":"20191014044806","is_ascension_mode":false,"campfire_choices":[{"data":"Armaments","floor":6.0,"key":"SMITH"},{"data":"Uppercut","floor":8.0,"key":"SMITH"},{"data":"Uppercut","floor":11.0,"key":"SMITH"},{"data":"Shockwave","floor":15.0,"key":"SMITH"},{"data":"Whirlwind","floor":23.0,"key":"SMITH"},{"data":"Seeing Red","floor":25.0,"key":"SMITH"},{"data":"Immolate","floor":27.0,"key":"SMITH"},{"data":"Intimidate","floor":29.0,"key":"SMITH"},{"data":"Defend_R","floor":32.0,"key":"SMITH"},{"floor":40.0,"key":"REST"}],"neow_cost":"NONE","seed_source_timestamp":34556959197810,"circlet_count":0,"master_deck":["Strike_R","Strike_R","Strike_R","Defend_R","Defend_R","Defend_R+1","Bash+1","Uppercut+1","Intimidate+1","Uppercut+1","Armaments+1","Seeing Red+1","Shockwave+1","Immolate+1","CurseOfTheBell","Whirlwind+1","Intimidate+1","Seeing Red+1","Demon Form","Normality","Normality"],"special_seed":0,"relics":["Burning Blood","Blood Vial","Pantograph","Chemical X","Akabeko","Calling Bell","Vajra","Paper Frog","Charon\u0027s Ashes","StrikeDummy","Dodecahedron","Black Star"],"potions_floor_usage":[42,42],"damage_taken":[{"damage":1.0,"enemies":"Jaw Worm","floor":1.0,"turns":4.0},{"damage":0.0,"enemies":"Cultist","floor":2.0,"turns":4.0},{"damage":0.0,"enemies":"Small Slimes","floor":5.0,"turns":3.0},{"damage":43.0,"enemies":"3 Sentries","floor":7.0,"turns":14.0},{"damage":17.0,"enemies":"Gremlin Gang","floor":13.0,"turns":6.0},{"damage":4.0,"enemies":"Gremlin Nob","floor":14.0,"turns":3.0},{"damage":50.0,"enemies":"Hexaghost","floor":16.0,"turns":12.0},{"damage":20.0,"enemies":"2 Thieves","floor":18.0,"turns":4.0},{"damage":0.0,"enemies":"Chosen","floor":19.0,"turns":4.0},{"damage":0.0,"enemies":"3 Cultists","floor":21.0,"turns":1.0},{"damage":8.0,"enemies":"Cultist and Chosen","floor":24.0,"turns":4.0},{"damage":8.0,"enemies":"Book of Stabbing","floor":28.0,"turns":2.0},{"damage":0.0,"enemies":"Chosen and Byrds","floor":30.0,"turns":1.0},{"damage":78.0,"enemies":"Champ","floor":33.0,"turns":8.0},{"damage":24.0,"enemies":"3 Darklings","floor":35.0,"turns":2.0},{"damage":12.0,"enemies":"3 Shapes","floor":36.0,"turns":1.0},{"damage":37.0,"enemies":"Maw","floor":38.0,"turns":7.0},{"damage":17,"enemies":"Spire Growth","floor":41,"turns":4},{"damage":46,"enemies":"Nemesis","floor":42,"turns":2}],"seed_played":"-1578966178711462552","potions_obtained":[{"floor":1.0,"key":"GamblersBrew"},{"floor":13.0,"key":"AttackPotion"},{"floor":21.0,"key":"PowerPotion"},{"floor":33.0,"key":"Swift Potion"},{"floor":41,"key":"Energy Potion"}],"is_trial":false,"path_per_floor":["M","M","?","$","M","R","E","R","T","$","R","?","M","E","R","B",null,"M","M","?","M","$","R","M","R","T","R","E","R","M","?","R","B",null,"M","M","?","M","?","R","M","E"],"character_chosen":"IRONCLAD","items_purchased":["Uppercut","Chemical X"],"campfire_rested":1,"item_purchase_floors":[4,10],"current_hp_per_floor":[80,80,80,80,80,80,43,43,43,43,43,43,34,38,38,21,80,66,74,74,80,80,80,78,78,78,78,78,78,80,80,80,8,80,62,58,58,29,29,53,44,0],"gold":1378,"neow_bonus":"HUNDRED_GOLD","is_prod":false,"is_daily":false,"chose_seed":false,"campfire_upgraded":9,"win_rate":0,"timestamp":1571050086,"path_taken":["M","M","?","$","?","R","E","R","T","$","R","?","?","E","R","BOSS","M","M","?","?","?","R","M","R","T","R","E","R","M","?","R","BOSS","M","M","?","M","?","R","M","E"],"build_version":"2019-10-11","purchased_purges":2,"victory":false,"max_hp_per_floor":[80,80,80,80,80,80,80,80,80,80,80,80,80,80,80,80,80,80,80,80,80,80,80,80,80,80,80,80,80,80,80,80,80,80,80,80,80,80,80,80,80,80],"card_choices":[{"not_picked":["Sever Soul","Shrug It Off"],"picked":"Uppercut","floor":1.0},{"not_picked":["Rupture","Thunderclap"],"picked":"Intimidate","floor":2.0},{"not_picked":["Seeing Red","Sentinel"],"picked":"Armaments","floor":5.0},{"not_picked":["Feel No Pain","Sever Soul"],"picked":"Seeing Red","floor":7.0},{"not_picked":["Body Slam","Heavy Blade","Burning Pact"],"picked":"SKIP","floor":13.0},{"not_picked":["Flex","Hemokinesis"],"picked":"Shockwave","floor":14.0},{"not_picked":["Fiend Fire","Reaper"],"picked":"Immolate","floor":16.0},{"not_picked":["Pommel Strike","Inflame"],"picked":"Whirlwind","floor":18.0},{"not_picked":["Combust","Sword Boomerang+1"],"picked":"Intimidate+1","floor":19.0},{"not_picked":["Entrench","Rampage","Dual Wield"],"picked":"SKIP","floor":21.0},{"not_picked":["Clash+1","Wild Strike+1"],"picked":"Seeing Red+1","floor":24.0},{"not_picked":["Perfected Strike","True Grit","Searing Blow"],"picked":"SKIP","floor":28.0},{"not_picked":["Anger","Wild Strike","Clash"],"picked":"SKIP","floor":30.0},{"not_picked":["Brutality","Offering"],"picked":"Demon Form","floor":33.0},{"not_picked":["Body Slam+1","Clothesline","Thunderclap"],"picked":"SKIP","floor":35.0},{"not_picked":["Warcry","True Grit","Perfected Strike+1"],"picked":"SKIP","floor":36.0},{"not_picked":["Sword Boomerang","Flex","Uppercut"],"picked":"SKIP","floor":38.0},{"not_picked":["Twin Strike","Cleave+1","Sever Soul"],"picked":"SKIP","floor":41}],"player_experience":1611242,"relics_obtained":[{"floor":7.0,"key":"Blood Vial"},{"floor":9.0,"key":"Pantograph"},{"floor":14.0,"key":"Akabeko"},{"floor":17.0,"key":"Vajra"},{"floor":17.0,"key":"Paper Frog"},{"floor":17.0,"key":"Charon\u0027s Ashes"},{"floor":26.0,"key":"StrikeDummy"},{"floor":28.0,"key":"Dodecahedron"}],"event_choices":[{"cards_removed":["Strike_R"],"damage_healed":0.0,"max_hp_gain":0.0,"max_hp_loss":0.0,"gold_gain":0.0,"event_name":"Purifier","player_choice":"Purged","floor":3.0,"gold_loss":0.0,"damage_taken":0.0},{"damage_healed":0.0,"max_hp_gain":0.0,"max_hp_loss":0.0,"gold_gain":0.0,"event_name":"Upgrade Shrine","player_choice":"Upgraded","floor":12.0,"gold_loss":0.0,"damage_taken":0.0,"cards_upgraded":["Bash"]},{"damage_healed":0.0,"max_hp_gain":0.0,"max_hp_loss":0.0,"gold_gain":0.0,"event_name":"NoteForYourself","player_choice":"Ignored","floor":20.0,"gold_loss":0.0,"damage_taken":0.0},{"damage_healed":0.0,"max_hp_gain":0.0,"max_hp_loss":0.0,"gold_gain":0.0,"event_name":"N\u0027loth","player_choice":"Ignored","floor":31.0,"gold_loss":0.0,"damage_taken":0.0},{"damage_healed":0.0,"max_hp_gain":0.0,"max_hp_loss":0.0,"gold_gain":999.0,"event_name":"MindBloom","player_choice":"Gold","floor":37.0,"gold_loss":0.0,"damage_taken":0.0,"cards_obtained":["Normality","Normality"]},{"damage_healed":0.0,"max_hp_gain":0.0,"max_hp_loss":0.0,"gold_gain":0.0,"event_name":"Tomb of Lord Red Mask","player_choice":"Ignored","floor":39.0,"gold_loss":0.0,"damage_taken":0.0}],"is_beta":true,"boss_relics":[{"not_picked":["Tiny House","Empty Cage"],"picked":"Calling Bell"},{"not_picked":["Astrolabe","Runic Cube"],"picked":"Black Star"}],"items_purged_floors":[4,22],"is_endless":false,"potions_floor_spawned":[1,13,21,33,41],"killed_by":"Nemesis","ascension_level":0}