{"gold_per_floor":[110,35,0,19,39,39,72,72,72,72,42,42,75,75,75,152,152,170,183,183,201,116,116,116],"floor_reached":24,"playtime":972,"items_purged":["Strike_G"],"score":364,"play_id":"9913f1f4-0ee6-494e-96f7-9e08743fe1ac","local_time":"20190611030132","is_ascension_mode":true,"campfire_choices":[{"data":"Neutralize","floor":6,"key":"SMITH"},{"floor":8,"key":"REST"},{"floor":12,"key":"REST"},{"floor":15,"key":"REST"},{"floor":23,"key":"REST"}],"neow_cost":"PERCENT_DAMAGE","seed_source_timestamp":12242584417400,"circlet_count":0,"master_deck":["AscendersBane","Defend_G","Defend_G","Defend_G","Defend_G","Defend_G","Strike_G","Strike_G","Strike_G","Strike_G","Survivor","Neutralize+1","Poisoned Stab","Caltrops+1","Backflip","Deadly Poison","Glass Knife","Well Laid Plans","Corpse Explosion","Blade Dance+1","Deflect","Blur"],"relics":["Ring of the Snake","Bird Faced Urn","Question Card","Singing Bowl","Juzu Bracelet","Busted Crown","Pen Nib"],"potions_floor_usage":[5,16,24],"damage_taken":[{"damage":6,"enemies":"Cultist","floor":1,"turns":6},{"damage":1,"enemies":"Jaw Worm","floor":4,"turns":4},{"damage":0,"enemies":"Small Slimes","floor":5,"turns":5},{"damage":35,"enemies":"Lagavulin","floor":7,"turns":9},{"damage":0,"enemies":"Looter","floor":11,"turns":4},{"damage":28,"enemies":"Gremlin Nob","floor":13,"turns":5},{"damage":55,"enemies":"Slime Boss","floor":16,"turns":11},{"damage":9,"enemies":"Chosen","floor":18,"turns":5},{"damage":12,"enemies":"Shell Parasite","floor":19,"turns":5},{"damage":28,"enemies":"Snecko","floor":21,"turns":7},{"damage":47,"enemies":"Gremlin Leader","floor":24,"turns":6}],"seed_played":"2432992814431712993","potions_obtained":[{"floor":1,"key":"Weak Potion"},{"floor":5,"key":"FairyPotion"},{"floor":13,"key":"Poison Potion"},{"floor":21,"key":"Swift Potion"}],"is_trial":false,"path_per_floor":["M","$","?","M","M","R","E","R","T","?","M","R","E","?","R","B",null,"M","M","?","M","?","R","E"],"character_chosen":"THE_SILENT","items_purchased":[],"campfire_rested":4,"item_purchase_floors":[],"current_hp_per_floor":[38,38,38,37,39,39,6,25,25,25,27,46,20,20,39,6,51,46,38,38,16,16,36,0],"gold":116,"neow_bonus":"ONE_RARE_RELIC","is_prod":false,"is_daily":false,"chose_seed":false,"campfire_upgraded":1,"win_rate":0,"timestamp":1560214892,"path_taken":["M","$","?","M","M","R","E","R","T","?","M","R","E","?","R","BOSS","M","M","?","M","?","R","E"],"build_version":"2019-01-23","purchased_purges":1,"victory":false,"max_hp_per_floor":[66,66,66,66,66,66,66,66,66,66,66,66,66,66,66,66,66,66,66,66,68,68,68,68],"card_choices":[{"not_picked":["All Out Attack","Sucker Punch"],"picked":"Poisoned Stab","floor":1},{"not_picked":["Backflip","Riddle With Holes"],"picked":"Caltrops","floor":4},{"not_picked":["Dagger Spray","Slice"],"picked":"Backflip","floor":5},{"not_picked":["Acrobatics","Deflect"],"picked":"Deadly Poison","floor":7},{"not_picked":["PiercingWail","Choke","Dagger Spray"],"picked":"Glass Knife","floor":11},{"not_picked":["Heel Hook","Infinite Blades","Deflect"],"picked":"Well Laid Plans","floor":13},{"not_picked":["A Thousand Cuts","Tools of the Trade","After Image"],"picked":"Corpse Explosion","floor":16},{"not_picked":["Acrobatics"],"picked":"Blade Dance+1","floor":18},{"not_picked":["Riddle With Holes"],"picked":"Deflect","floor":19},{"not_picked":["Outmaneuver","Backflip"],"picked":"Singing Bowl","floor":21}],"player_experience":1295503,"relics_obtained":[{"floor":7,"key":"Question Card"},{"floor":9,"key":"Singing Bowl"},{"floor":13,"key":"Juzu Bracelet"}],"event_choices":[{"damage_healed":0,"gold_gain":0,"player_choice":"Left Gold","damage_taken":0,"max_hp_gain":0,"max_hp_loss":0,"event_name":"World of Goop","floor":3,"gold_loss":35},{"damage_healed":0,"gold_gain":0,"player_choice":"Forge","damage_taken":0,"max_hp_gain":0,"max_hp_loss":0,"event_name":"Accursed Blacksmith","floor":10,"gold_loss":0,"cards_upgraded":["Caltrops"]},{"damage_healed":0,"gold_gain":0,"player_choice":"Ignored","damage_taken":0,"max_hp_gain":0,"max_hp_loss":0,"event_name":"Liars Game","floor":14,"gold_loss":0},{"damage_healed":0,"gold_gain":0,"player_choice":"Read","damage_taken":0,"max_hp_gain":0,"max_hp_loss":0,"event_name":"The Library","floor":20,"gold_loss":0,"cards_obtained":["Blur"]},{"damage_healed":0,"gold_gain":0,"player_choice":"Obtained Relic","damage_taken":0,"relics_obtained":["Pen Nib"],"max_hp_gain":0,"max_hp_loss":0,"event_name":"Addict","floor":22,"gold_loss":85}],"is_beta":false,"boss_relics":[{"not_picked":["HoveringKite","White Beast Statue"],"picked":"Busted Crown"}],"items_purged_floors":[2],"is_endless":false,"potions_floor_spawned":[1,5,13,21],"killed_by":"Gremlin Leader","ascension_level":16}