{"gold_per_floor":[115,4,4,14,14,14,30,62,85,95,112,112,112,8,8,108,108,120,20,20,20,35,35,35],"floor_reached":24,"playtime":841,"items_purged":["Strike_B","Strike_B"],"score":326,"play_id":"caed4788-8203-4a07-a2ee-a8d1c2cae2b7","local_time":"20190215042033","is_ascension_mode":true,"campfire_choices":[{"data":"Defragment","floor":6.0,"key":"SMITH"},{"floor":13.0,"key":"REST"},{"floor":15.0,"key":"REST"},{"floor":23,"key":"REST"}],"neow_cost":"NONE","seed_source_timestamp":0,"circlet_count":0,"master_deck":["AscendersBane","Strike_B","Defend_B","Defend_B","Defend_B","Zap+1","Dualcast","Ball Lightning","Defragment+1","Reinforced Body","Consume","Scrape","Leap","Go for the Eyes","Redo","Capacitor","Conserve Battery","Creative AI","Steam+1","Ghostly","Ghostly","Ghostly","Ghostly","Ghostly","Stack"],"special_seed":0,"relics":["Cracked Core","NeowsBlessing","Happy Flower","PreservedInsect","White Beast Statue"],"potions_floor_usage":[18],"damage_taken":[{"damage":0.0,"enemies":"Cultist","floor":1.0,"turns":1.0},{"damage":0.0,"enemies":"Small Slimes","floor":4.0,"turns":1.0},{"damage":0.0,"enemies":"Jaw Worm","floor":7.0,"turns":1.0},{"damage":23.0,"enemies":"Lagavulin","floor":8.0,"turns":5.0},{"damage":26.0,"enemies":"Exordium Thugs","floor":10.0,"turns":3.0},{"damage":17.0,"enemies":"Lots of Slimes","floor":11.0,"turns":3.0},{"damage":44.0,"enemies":"The Guardian","floor":16.0,"turns":8.0},{"damage":37,"enemies":"3 Byrds","floor":18,"turns":4},{"damage":7,"enemies":"Chosen","floor":22,"turns":6},{"damage":43,"enemies":"Snecko","floor":24,"turns":6}],"seed_played":"-6854916873741703649","potions_obtained":[{"floor":4.0,"key":"Swift Potion"},{"floor":8.0,"key":"Energy Potion"},{"floor":11.0,"key":"SpeedPotion"},{"floor":16.0,"key":"Weak Potion"},{"floor":18,"key":"SpeedPotion"},{"floor":22,"key":"LiquidBronze"}],"is_trial":false,"path_per_floor":["M","$","?","M","?","R","M","E","T","M","M","?","R","$","R","B",null,"M","$","?","?","M","R","M"],"character_chosen":"DEFECT","items_purchased":["Defragment","Capacitor","Conserve Battery"],"campfire_rested":3,"item_purchase_floors":[2,14,14],"current_hp_per_floor":[68,68,68,68,68,68,68,45,45,19,2,2,24,24,46,2,57,20,20,20,20,13,24,0],"gold":35,"neow_bonus":"THREE_ENEMY_KILL","is_prod":false,"is_daily":false,"chose_seed":false,"campfire_upgraded":1,"win_rate":0,"timestamp":1550200833,"path_taken":["M","$","?","?","?","R","?","E","T","M","M","?","R","?","R","BOSS","M","?","?","?","M","R","M"],"build_version":"2019-01-23","purchased_purges":2,"victory":false,"max_hp_per_floor":[75,75,75,75,75,75,75,75,75,75,75,75,75,75,75,75,75,75,75,37,37,37,37,37],"card_choices":[{"not_picked":["Static Discharge","Scrape"],"picked":"Ball Lightning","floor":1.0},{"not_picked":["Recycle","Storm"],"picked":"Reinforced Body","floor":4.0},{"not_picked":["Reprogram","Reinforced Body"],"picked":"Scrape","floor":7.0},{"not_picked":["Turbo","Undo"],"picked":"Leap","floor":8.0},{"not_picked":["Static Discharge","Stack"],"picked":"Go for the Eyes","floor":10.0},{"not_picked":["Rebound","Barrage"],"picked":"Redo","floor":11.0},{"not_picked":["Multi-Cast","Fission"],"picked":"Creative AI","floor":16.0},{"not_picked":["Barrage","Reinforced Body"],"picked":"Steam+1","floor":18},{"not_picked":["Blizzard+1","Steam"],"picked":"Stack","floor":22}],"player_experience":760366,"relics_obtained":[{"floor":8.0,"key":"Happy Flower"},{"floor":9.0,"key":"PreservedInsect"}],"event_choices":[{"damage_healed":0.0,"max_hp_gain":0.0,"max_hp_loss":0.0,"gold_gain":0.0,"event_name":"Accursed Blacksmith","player_choice":"Forge","floor":3.0,"gold_loss":0.0,"damage_taken":0.0,"cards_upgraded":["Zap"]},{"damage_healed":0.0,"max_hp_gain":0.0,"max_hp_loss":0.0,"gold_gain":0.0,"cards_transformed":["Strike_B"],"event_name":"Transmorgrifier","player_choice":"Transformed","floor":5.0,"gold_loss":0.0,"damage_taken":0.0,"cards_obtained":["Consume"]},{"cards_removed":["Defend_B"],"damage_healed":0.0,"max_hp_gain":0.0,"max_hp_loss":0.0,"gold_gain":0.0,"event_name":"Wheel of Change","player_choice":"Card Removal","floor":12.0,"gold_loss":0.0,"damage_taken":0.0},{"damage_healed":0,"gold_gain":0,"player_choice":"Became a Ghost","damage_taken":0,"max_hp_gain":0,"max_hp_loss":38,"event_name":"Ghosts","floor":20,"gold_loss":0,"cards_obtained":["Ghostly","Ghostly","Ghostly","Ghostly","Ghostly"]}],"is_beta":false,"boss_relics":[{"not_picked":["Runic Dome","Calling Bell"],"picked":"White Beast Statue"}],"items_purged_floors":[2,19],"is_endless":false,"potions_floor_spawned":[4,8,11,16,18,22],"killed_by":"Snecko","ascension_level":11}