{"gold_per_floor":[117,117,137,137,137,171,182,207,207,207,234,245,225,241,241,314,314,254,35,35,35,35,35,35,35,35,35,35,35,35,35,35,35,35,35,35,35,35,35,35,35,35,35,35,0,0,0,0,0,0],"floor_reached":50,"playtime":2625,"items_purged":["Strike_G"],"score":1013,"play_id":"7a230a6e-9346-4ce9-822d-7fb743f250cc","local_time":"20190617121215","is_ascension_mode":true,"campfire_choices":[{"data":"Envenom","floor":10,"key":"SMITH"},{"data":"Footwork","floor":15,"key":"SMITH"},{"floor":23,"key":"REST"},{"data":"After Image","floor":27,"key":"SMITH"},{"data":"PiercingWail","floor":32,"key":"SMITH"},{"data":"Malaise","floor":40,"key":"SMITH"},{"data":"After Image","floor":42,"key":"SMITH"},{"data":"Blade Dance","floor":49,"key":"SMITH"}],"neow_cost":"NONE","seed_source_timestamp":31655405646900,"circlet_count":0,"master_deck":["AscendersBane","Defend_G","Defend_G","Defend_G","Defend_G","Survivor","Neutralize+1","Riddle With Holes","All Out Attack","Envenom+1","PiercingWail+1","Footwork+1","Predator","Catalyst+1","Caltrops","After Image+1","Flying Knee","Well Laid Plans","Backflip+1","Blur+1","Poisoned Stab","Bite","Bite","Bite","Bite","Bite","Deadly Poison","Blade Dance+1","Deflect","Setup","Malaise+1","Calculated Gamble+1","Acrobatics+1","Dagger Spray","PiercingWail","After Image+1","Well Laid Plans","PiercingWail","Escape Plan"],"relics":["Ring of the Snake","NeowsBlessing","Darkstone Periapt","Paper Crane","Meat on the Bone","Question Card","Ectoplasm","Du-Vu Doll","War Paint","Mummified Hand","Busted Crown","Orichalcum","Bag of Preparation","Red Mask"],"potions_floor_usage":[8,11,14,14,21,33,33,50],"damage_taken":[{"damage":0,"enemies":"Cultist","floor":1,"turns":1},{"damage":0,"enemies":"Small Slimes","floor":3,"turns":1},{"damage":0,"enemies":"Gremlin Nob","floor":6,"turns":1},{"damage":0,"enemies":"2 Louse","floor":7,"turns":2},{"damage":27,"enemies":"3 Sentries","floor":8,"turns":7},{"damage":28,"enemies":"Lagavulin","floor":11,"turns":5},{"damage":12,"enemies":"Exordium Thugs","floor":12,"turns":5},{"damage":0,"enemies":"3 Louse","floor":14,"turns":2},{"damage":25,"enemies":"Hexaghost","floor":16,"turns":11},{"damage":18,"enemies":"2 Thieves","floor":18,"turns":4},{"damage":36,"enemies":"Spheric Guardian","floor":20,"turns":8},{"damage":9,"enemies":"Cultist and Chosen","floor":21,"turns":8},{"damage":6,"enemies":"Shelled Parasite and Fungi","floor":28,"turns":6},{"damage":0,"enemies":"Snake Plant","floor":30,"turns":4},{"damage":0,"enemies":"3 Cultists","floor":31,"turns":5},{"damage":67,"enemies":"Automaton","floor":33,"turns":11},{"damage":1,"enemies":"3 Shapes","floor":35,"turns":7},{"damage":34,"enemies":"3 Darklings","floor":37,"turns":6},{"damage":31,"enemies":"4 Shapes","floor":38,"turns":7},{"damage":21,"enemies":"Maw","floor":39,"turns":7},{"damage":28,"enemies":"Reptomancer","floor":41,"turns":10},{"damage":11,"enemies":"Jaw Worm Horde","floor":44,"turns":4},{"damage":0,"enemies":"3 Darklings","floor":46,"turns":6},{"damage":5,"enemies":"4 Shapes","floor":48,"turns":8},{"damage":49,"enemies":"Donu and Deca","floor":50,"turns":5}],"seed_played":"-9180630688264512758","potions_obtained":[{"floor":1,"key":"SneckoOil"},{"floor":3,"key":"Explosive Potion"},{"floor":7,"key":"Dexterity Potion"},{"floor":12,"key":"EssenceOfSteel"},{"floor":13,"key":"AttackPotion"},{"floor":20,"key":"AttackPotion"},{"floor":28,"key":"Regen Potion"},{"floor":30,"key":"Strength Potion"},{"floor":41,"key":"Strength Potion"},{"floor":44,"key":"SpeedPotion"}],"is_trial":false,"path_per_floor":["M","$","M","?","?","E","M","E","T","R","E","M","?","M","R","B",null,"M","$","M","M","T","R","?","?","T","R","M","T","M","M","R","B",null,"M","?","M","M","M","R","E","R","T","M","?","M","$","M","R","B"],"character_chosen":"THE_SILENT","items_purchased":["Well Laid Plans","Backflip"],"campfire_rested":1,"item_purchase_floors":[19,19],"current_hp_per_floor":[59,59,59,64,64,64,64,37,37,37,21,21,21,33,33,20,58,40,40,16,19,19,40,40,40,40,40,44,44,49,49,49,25,43,49,49,33,20,25,25,27,27,27,32,32,42,42,43,43,0],"gold":0,"neow_bonus":"THREE_ENEMY_KILL","is_prod":false,"is_daily":false,"chose_seed":false,"campfire_upgraded":7,"win_rate":0,"timestamp":1560766335,"path_taken":["M","$","?","?","?","E","?","E","T","R","E","M","?","M","R","BOSS","M","$","?","M","?","R","?","?","T","R","M","?","?","M","R","BOSS","M","?","?","M","?","R","E","R","T","M","?","M","?","M","R","BOSS"],"build_version":"2019-01-23","purchased_purges":1,"victory":false,"max_hp_per_floor":[66,66,66,71,71,71,71,71,71,71,71,71,71,71,71,71,71,71,71,71,71,71,71,49,49,49,49,49,49,49,49,49,49,49,49,49,49,49,49,49,49,49,49,49,49,49,49,49,49,49],"card_choices":[{"not_picked":["Cloak And Dagger","Prepared"],"picked":"Riddle With Holes","floor":1},{"not_picked":["Poisoned Stab","Concentrate"],"picked":"All Out Attack","floor":3},{"not_picked":["Predator","Slice"],"picked":"Envenom","floor":6},{"not_picked":["Sucker Punch","Prepared"],"picked":"PiercingWail","floor":7},{"not_picked":["Leg Sweep","Dagger Throw"],"picked":"Footwork","floor":8},{"not_picked":["Concentrate","Prepared"],"picked":"Predator","floor":11},{"not_picked":["Dash","Underhanded Strike","Envenom"],"picked":"Catalyst","floor":12},{"not_picked":["PiercingWail","Slice","Catalyst"],"picked":"Caltrops","floor":14},{"not_picked":["Glass Knife","Unload","Venomology"],"picked":"After Image","floor":16},{"not_picked":["Calculated Gamble","PiercingWail","Backflip"],"picked":"Flying Knee","floor":18},{"not_picked":["Distraction","Poisoned Stab","Dodge and Roll+1"],"picked":"Blur+1","floor":20},{"not_picked":["Outmaneuver","Sucker Punch","Expertise"],"picked":"Poisoned Stab","floor":21},{"not_picked":["Poisoned Stab","Eviscerate","Envenom"],"picked":"Blade Dance","floor":28},{"not_picked":["Escape Plan","Backflip","Quick Slash"],"picked":"Deflect","floor":30},{"not_picked":["Eviscerate","Slice","Prepared"],"picked":"Setup","floor":31},{"not_picked":["Grand Finale","After Image","Unload"],"picked":"Malaise","floor":33},{"not_picked":["Underhanded Strike"],"picked":"Calculated Gamble+1","floor":35},{"not_picked":["All Out Attack"],"picked":"Acrobatics+1","floor":37},{"not_picked":["Escape Plan"],"picked":"Dagger Spray","floor":38},{"not_picked":["Underhanded Strike"],"picked":"PiercingWail","floor":39},{"not_picked":["Dagger Spray"],"picked":"After Image","floor":41},{"not_picked":["Concentrate"],"picked":"Well Laid Plans","floor":44},{"not_picked":["Slice"],"picked":"PiercingWail","floor":46},{"not_picked":["Quick Slash"],"picked":"Escape Plan","floor":48}],"player_experience":1393660,"relics_obtained":[{"floor":6,"key":"Darkstone Periapt"},{"floor":8,"key":"Paper Crane"},{"floor":9,"key":"Meat on the Bone"},{"floor":11,"key":"Question Card"},{"floor":22,"key":"Du-Vu Doll"},{"floor":26,"key":"War Paint"},{"floor":29,"key":"Mummified Hand"},{"floor":41,"key":"Orichalcum"},{"floor":43,"key":"Bag of Preparation"}],"event_choices":[{"damage_healed":0,"gold_gain":0,"player_choice":"Donut","damage_taken":0,"max_hp_gain":5,"max_hp_loss":0,"event_name":"Big Fish","floor":4,"gold_loss":0},{"damage_healed":0,"gold_gain":0,"player_choice":"Upgraded","damage_taken":0,"max_hp_gain":0,"max_hp_loss":0,"event_name":"Upgrade Shrine","floor":5,"gold_loss":0,"cards_upgraded":["Neutralize"]},{"damage_healed":0,"gold_gain":0,"player_choice":"Bought 1 Potion","damage_taken":0,"max_hp_gain":0,"max_hp_loss":0,"event_name":"The Woman in Blue","floor":13,"gold_loss":0},{"damage_healed":0,"gold_gain":0,"player_choice":"Became a vampire","damage_taken":0,"max_hp_gain":0,"max_hp_loss":22,"event_name":"Vampires","floor":24,"gold_loss":0,"cards_obtained":["Bite","Bite","Bite","Bite","Bite"]},{"damage_healed":0,"gold_gain":0,"player_choice":"Read","damage_taken":0,"max_hp_gain":0,"max_hp_loss":0,"event_name":"The Library","floor":25,"gold_loss":0,"cards_obtained":["Deadly Poison"]},{"cards_removed":["Defend_G"],"damage_healed":0,"gold_gain":0,"player_choice":"Purged","damage_taken":0,"max_hp_gain":0,"max_hp_loss":0,"event_name":"Purifier","floor":36,"gold_loss":0},{"damage_healed":0,"gold_gain":0,"player_choice":"Paid","damage_taken":0,"relics_obtained":["Red Mask"],"max_hp_gain":0,"max_hp_loss":0,"event_name":"Tomb of Lord Red Mask","floor":45,"gold_loss":35}],"is_beta":false,"boss_relics":[{"not_picked":["White Beast Statue","Philosopher\u0027s Stone"],"picked":"Ectoplasm"},{"not_picked":["Velvet Choker","Runic Dome"],"picked":"Busted Crown"}],"items_purged_floors":[19],"is_endless":false,"potions_floor_spawned":[1,3,7,12,20,28,30,41,44],"killed_by":"Donu and Deca","ascension_level":16}