{"gold_per_floor":[12,12,25,25,42,42,56,73,73,73,73,84,84,99,99,198,198,214,233,244,46,46,56,56,70,70,80,80],"floor_reached":28,"playtime":1649,"items_purged":["Strike_G"],"score":371,"play_id":"08eb21f4-0313-4054-830e-99ddc7752126","local_time":"20190220204845","is_ascension_mode":true,"campfire_choices":[{"data":"Cloak And Dagger","floor":6,"key":"SMITH"},{"data":"All Out Attack","floor":10,"key":"SMITH"},{"data":"Backflip","floor":13,"key":"SMITH"},{"data":"Underhanded Strike","floor":15,"key":"SMITH"}],"neow_cost":"NO_GOLD","seed_source_timestamp":60539143395100,"circlet_count":0,"master_deck":["AscendersBane","Defend_G","Defend_G","Defend_G","Defend_G","Defend_G","Survivor","Neutralize+1","Masterful Stab","All Out Attack+1","Backflip+1","Cloak And Dagger+1","Underhanded Strike+1","Blade Dance+1","Deflect","Masterful Stab","Escape Plan+1","Malaise+1","Quick Slash+1","Flying Knee","PiercingWail+1","Well Laid Plans","Bandage Up+1","RitualDagger","Dodge and Roll+1","Bite","Bite","Bite","Bite","Bite","Phantasmal Killer+1","Expertise+1"],"relics":["Ring of the Serpent","Toxic Egg 2","Singing Bowl"],"potions_floor_usage":[16,16,18,18,20,27],"damage_taken":[{"damage":0,"enemies":"2 Louse","floor":1,"turns":2},{"damage":0,"enemies":"Small Slimes","floor":3,"turns":3},{"damage":0,"enemies":"Cultist","floor":5,"turns":3},{"damage":0,"enemies":"Gremlin Gang","floor":7,"turns":3},{"damage":10,"enemies":"Large Slime","floor":8,"turns":6},{"damage":11,"enemies":"Exordium Thugs","floor":12,"turns":5},{"damage":0,"enemies":"2 Fungi Beasts","floor":14,"turns":3},{"damage":32,"enemies":"Slime Boss","floor":16,"turns":8},{"damage":2,"enemies":"Spheric Guardian","floor":18,"turns":4},{"damage":0,"enemies":"3 Byrds","floor":19,"turns":5},{"damage":6,"enemies":"Centurion and Healer","floor":20,"turns":7},{"damage":3,"enemies":"Snake Plant","floor":23,"turns":6},{"damage":10,"enemies":"3 Cultists","floor":25,"turns":7},{"damage":56,"enemies":"Sentry and Sphere","floor":27,"turns":9},{"damage":29,"enemies":"Chosen and Byrds","floor":28,"turns":5}],"seed_played":"-3315270084527769601","potions_obtained":[{"floor":1,"key":"Dexterity Potion"},{"floor":5,"key":"LiquidBronze"},{"floor":16,"key":"EntropicBrew"},{"floor":19,"key":"SpeedPotion"},{"floor":27,"key":"Energy Potion"}],"is_trial":false,"path_per_floor":["M","?","M","?","M","R","M","M","T","R","?","M","R","M","R","B",null,"M","M","M","$","?","M","?","M","T","M","M"],"character_chosen":"THE_SILENT","items_purchased":["Well Laid Plans","Bandage Up+1"],"campfire_rested":0,"item_purchase_floors":[21,21],"current_hp_per_floor":[63,56,56,56,56,56,56,46,46,46,46,35,35,35,35,3,53,51,51,45,45,39,42,42,44,44,6,0],"gold":80,"neow_bonus":"TRANSFORM_TWO_CARDS","is_prod":false,"is_daily":false,"chose_seed":false,"campfire_upgraded":4,"win_rate":0,"timestamp":1550692125,"path_taken":["M","?","M","?","?","R","M","?","T","R","?","M","R","M","R","BOSS","M","M","M","$","?","M","?","M","T","?","M"],"build_version":"2019-01-23","purchased_purges":1,"victory":false,"max_hp_per_floor":[70,70,70,70,70,70,70,70,70,70,70,70,70,70,70,70,70,70,70,70,70,70,70,49,49,49,49,49],"card_choices":[{"not_picked":["Dagger Spray","Masterful Stab"],"picked":"Backflip","floor":1},{"not_picked":["Deadly Poison","PiercingWail"],"picked":"Cloak And Dagger","floor":3},{"not_picked":["Tactician","Heel Hook"],"picked":"Underhanded Strike","floor":5},{"not_picked":["PiercingWail","Heel Hook"],"picked":"Blade Dance","floor":7},{"not_picked":["Concentrate","Prepared"],"picked":"Deflect","floor":8},{"not_picked":["Deadly Poison+1","Slice"],"picked":"Masterful Stab","floor":12},{"not_picked":["Quick Slash","Eviscerate"],"picked":"Escape Plan+1","floor":14},{"not_picked":["Unload","Die Die Die"],"picked":"Malaise+1","floor":16},{"not_picked":["Dagger Spray","Sucker Punch"],"picked":"Quick Slash+1","floor":18},{"not_picked":["Deflect+1","Dagger Spray"],"picked":"Flying Knee","floor":19},{"not_picked":["Underhanded Strike","Bouncing Flask+1"],"picked":"PiercingWail+1","floor":20},{"not_picked":["Endless Agony","Caltrops"],"picked":"Dodge and Roll+1","floor":23},{"not_picked":["Outmaneuver+1","Noxious Fumes"],"picked":"Phantasmal Killer+1","floor":25},{"not_picked":["Slice","Crippling Poison+1"],"picked":"Expertise+1","floor":27}],"player_experience":816791,"relics_obtained":[{"floor":9,"key":"Toxic Egg 2"},{"floor":26,"key":"Singing Bowl"}],"event_choices":[{"cards_removed":["Strike_G"],"damage_healed":0,"gold_gain":0,"player_choice":"Card Removal","damage_taken":7,"max_hp_gain":0,"max_hp_loss":0,"event_name":"Golden Wing","floor":2,"gold_loss":0},{"damage_healed":0,"gold_gain":0,"player_choice":"Upgraded","damage_taken":0,"max_hp_gain":0,"max_hp_loss":0,"event_name":"Upgrade Shrine","floor":4,"gold_loss":0,"cards_upgraded":["Neutralize"]},{"damage_healed":0,"gold_gain":0,"player_choice":"Forge","damage_taken":0,"max_hp_gain":0,"max_hp_loss":0,"event_name":"Accursed Blacksmith","floor":11,"gold_loss":0,"cards_upgraded":["Blade Dance"]},{"damage_healed":0,"gold_gain":0,"player_choice":"Joined the Cult","damage_taken":6,"max_hp_gain":0,"max_hp_loss":0,"event_name":"Nest","floor":22,"gold_loss":0,"cards_obtained":["RitualDagger"]},{"damage_healed":0,"gold_gain":0,"player_choice":"Became a vampire","damage_taken":0,"max_hp_gain":0,"max_hp_loss":21,"event_name":"Vampires","floor":24,"gold_loss":0,"cards_obtained":["Bite","Bite","Bite","Bite","Bite"]}],"is_beta":false,"boss_relics":[{"not_picked":["Ectoplasm","Tiny House"],"picked":"Ring of the Serpent"}],"items_purged_floors":[21],"is_endless":false,"potions_floor_spawned":[1,5,16,19,27],"killed_by":"Chosen and Byrds","ascension_level":12}