{"gold_per_floor":[118,43,43,43,43,43,78,78,104,135,147,192,229,266,278,389,401,401,401,401,401,42,42,42,42,42,42,42,42,42,42,42,42,42,42,42,42,42,14,14,14,14,14,14,14,14],"floor_reached":46,"playtime":1819,"items_purged":["Injury"],"score":914,"play_id":"a859090b-7692-4324-92c5-72e0367940bf","local_time":"20190622112809","is_ascension_mode":true,"campfire_choices":[{"data":"Dash","floor":6,"key":"SMITH"},{"data":"Noxious Fumes","floor":8,"key":"SMITH"},{"data":"Blade Dance","floor":15,"key":"SMITH"},{"data":"RitualDagger","floor":23,"key":"SMITH"},{"data":"Adrenaline","floor":25,"key":"SMITH"},{"data":"Choke","floor":27,"key":"SMITH"},{"data":"Noxious Fumes","floor":30,"key":"SMITH"},{"floor":32,"key":"REST"},{"data":"Bullet Time","floor":41,"key":"SMITH"},{"data":"Footwork","floor":45,"key":"SMITH"}],"neow_cost":"NONE","seed_source_timestamp":384963024194800,"circlet_count":0,"master_deck":["AscendersBane","Defend_G","Defend_G","Defend_G","Defend_G","Defend_G","Survivor","Neutralize+1","Dash+1","Noxious Fumes+1","Well Laid Plans","Blade Dance+1","Dagger Spray+1","Choke+1","Adrenaline+1","Distraction","RitualDagger+1","Cloak And Dagger","Noxious Fumes+1","Cloak And Dagger","Bite","Bite","Bite","Bite+1","Bite","Flying Knee","Footwork+1","Bullet Time+1","Blade Dance+1","Madness","Madness","Deflect","Acrobatics","Forethought","Enlightenment","Backflip"],"relics":["Ring of the Snake","NeowsBlessing","Golden Idol","Calipers","Potion Belt","MawBank","Vajra","Ectoplasm","Enchiridion","Snake Skull","Whetstone","Coffee Dripper","Blue Candle"],"potions_floor_usage":[28,44,46],"damage_taken":[{"damage":0,"enemies":"Small Slimes","floor":1,"turns":1},{"damage":0,"enemies":"Gremlin Nob","floor":7,"turns":1},{"damage":0,"enemies":"Lagavulin","floor":10,"turns":1},{"damage":7,"enemies":"3 Sentries","floor":12,"turns":8},{"damage":3,"enemies":"2 Louse","floor":13,"turns":2},{"damage":0,"enemies":"Cultist","floor":14,"turns":4},{"damage":8,"enemies":"The Guardian","floor":16,"turns":12},{"damage":0,"enemies":"3 Byrds","floor":18,"turns":5},{"damage":0,"enemies":"Chosen","floor":21,"turns":4},{"damage":2,"enemies":"Snake Plant","floor":28,"turns":4},{"damage":34,"enemies":"Sentry and Sphere","floor":31,"turns":4},{"damage":21,"enemies":"Automaton","floor":33,"turns":10},{"damage":11,"enemies":"3 Darklings","floor":35,"turns":5},{"damage":0,"enemies":"3 Shapes","floor":38,"turns":3},{"damage":28,"enemies":"Jaw Worm Horde","floor":44,"turns":4},{"damage":45,"enemies":"Giant Head","floor":46,"turns":7}],"seed_played":"-8454728196584208876","potions_obtained":[{"floor":1,"key":"FairyPotion"},{"floor":10,"key":"FearPotion"},{"floor":21,"key":"SkillPotion"},{"floor":31,"key":"SpeedPotion"},{"floor":33,"key":"SteroidPotion"}],"is_trial":false,"path_per_floor":["M","?","?","?","$","R","E","R","T","E","$","E","M","M","R","B",null,"M","?","?","M","$","R","?","R","T","R","M","?","R","M","R","B",null,"M","$","?","M","$","?","R","?","T","M","R","E"],"character_chosen":"THE_SILENT","items_purchased":["Snake Skull","Noxious Fumes","Cloak And Dagger","Acrobatics"],"campfire_rested":1,"item_purchase_floors":[22,22,22,39],"current_hp_per_floor":[59,59,59,59,59,59,59,59,59,59,59,52,49,49,49,41,60,60,54,33,33,33,33,33,33,33,33,42,46,46,16,29,23,40,40,40,32,37,37,32,32,46,46,25,25,0],"gold":14,"neow_bonus":"THREE_ENEMY_KILL","is_prod":false,"is_daily":false,"chose_seed":false,"campfire_upgraded":9,"win_rate":0,"timestamp":1561195689,"path_taken":["M","?","?","?","$","R","E","R","T","E","$","E","?","M","R","BOSS","M","?","?","M","$","R","?","R","T","R","M","?","R","?","R","BOSS","M","$","?","M","$","?","R","?","T","M","R","E"],"build_version":"2019-01-23","purchased_purges":1,"victory":false,"max_hp_per_floor":[66,66,66,66,66,66,66,66,66,66,66,66,66,66,66,66,66,66,66,66,66,66,66,46,46,46,46,46,46,46,46,46,46,46,46,46,46,46,46,46,46,46,46,46,46,46],"card_choices":[{"not_picked":["Finisher","Distraction"],"picked":"Dash","floor":1},{"not_picked":["Heel Hook","Slice"],"picked":"Noxious Fumes","floor":7},{"not_picked":["Deflect","Flying Knee"],"picked":"Well Laid Plans","floor":10},{"not_picked":["Bane","Quick Slash"],"picked":"Blade Dance","floor":12},{"not_picked":["Accuracy","Flechettes"],"picked":"Dagger Spray","floor":13},{"not_picked":["Tools of the Trade","Bane"],"picked":"Choke","floor":14},{"not_picked":["Night Terror","Phantasmal Killer"],"picked":"Adrenaline","floor":16},{"not_picked":["Dagger Spray","Bane"],"picked":"Distraction","floor":18},{"not_picked":["Tactician","Dagger Spray"],"picked":"Cloak And Dagger","floor":21},{"not_picked":["Acrobatics","Deadly Poison"],"picked":"Flying Knee","floor":28},{"not_picked":["Riddle With Holes","Acrobatics"],"picked":"Footwork","floor":31},{"not_picked":["Corpse Explosion","Wraith Form v2"],"picked":"Bullet Time","floor":33},{"not_picked":["Prepared","Poisoned Stab"],"picked":"Blade Dance+1","floor":35},{"not_picked":["Quick Slash","Blade Dance"],"picked":"Deflect","floor":38},{"not_picked":["Impatience","Blind"],"picked":"Forethought","floor":40},{"not_picked":["Jack Of All Trades","Deep Breath"],"picked":"Enlightenment","floor":40},{"not_picked":["Cloak And Dagger","Backstab"],"picked":"Backflip","floor":44}],"player_experience":1430659,"relics_obtained":[{"floor":7,"key":"Calipers"},{"floor":9,"key":"Potion Belt"},{"floor":10,"key":"MawBank"},{"floor":12,"key":"Vajra"},{"floor":20,"key":"Enchiridion"},{"floor":26,"key":"Whetstone"},{"floor":43,"key":"Blue Candle"}],"event_choices":[{"cards_removed":["Strike_G"],"damage_healed":0,"gold_gain":0,"player_choice":"Card Removal","damage_taken":0,"max_hp_gain":0,"max_hp_loss":0,"event_name":"The Cleric","floor":2,"gold_loss":75},{"damage_healed":0,"gold_gain":0,"player_choice":"Take Wound","damage_taken":0,"relics_obtained":["Golden Idol"],"max_hp_gain":0,"max_hp_loss":0,"event_name":"Golden Idol","floor":3,"gold_loss":0,"cards_obtained":["Injury"]},{"damage_healed":0,"gold_gain":0,"player_choice":"Upgraded","damage_taken":0,"max_hp_gain":0,"max_hp_loss":0,"event_name":"Upgrade Shrine","floor":4,"gold_loss":0,"cards_upgraded":["Neutralize"]},{"damage_healed":0,"gold_gain":0,"player_choice":"Joined the Cult","damage_taken":6,"max_hp_gain":0,"max_hp_loss":0,"event_name":"Nest","floor":19,"gold_loss":0,"cards_obtained":["RitualDagger"]},{"damage_healed":0,"gold_gain":0,"player_choice":"Obtained Book","damage_taken":21,"max_hp_gain":0,"max_hp_loss":0,"event_name":"Cursed Tome","floor":20,"gold_loss":0},{"damage_healed":0,"gold_gain":0,"player_choice":"Became a vampire","damage_taken":0,"max_hp_gain":0,"max_hp_loss":20,"event_name":"Vampires","floor":24,"gold_loss":0,"cards_obtained":["Bite","Bite","Bite","Bite","Bite"]},{"damage_healed":4,"gold_gain":0,"player_choice":"Full Heal","damage_taken":0,"max_hp_gain":0,"max_hp_loss":0,"event_name":"Wheel of Change","floor":29,"gold_loss":0},{"damage_healed":0,"gold_gain":0,"player_choice":"Embrace Madness","damage_taken":8,"max_hp_gain":0,"max_hp_loss":0,"event_name":"Winding Halls","floor":37,"gold_loss":0,"cards_obtained":["Madness","Madness"]},{"damage_healed":0,"gold_gain":0,"player_choice":"Memory 2","damage_taken":5,"max_hp_gain":0,"max_hp_loss":0,"event_name":"SensoryStone","floor":40,"gold_loss":0},{"damage_healed":14,"gold_gain":0,"player_choice":"Full Heal","damage_taken":0,"max_hp_gain":0,"max_hp_loss":0,"event_name":"Wheel of Change","floor":42,"gold_loss":0}],"is_beta":false,"boss_relics":[{"not_picked":["Fusion Hammer","Sozu"],"picked":"Ectoplasm"},{"not_picked":["Runic Dome","Orrery"],"picked":"Coffee Dripper"}],"items_purged_floors":[22],"is_endless":false,"potions_floor_spawned":[1,10,21,31,33],"killed_by":"Giant Head","ascension_level":16}