{"gold_per_floor":[109,188,168,182,182,182,199,231,254,270,270,270,305,322,322,396,396,416,46,62,77,77,77,77,77,103,135,35,35,55,72,72,143,143,160,179,54,64,78,78,90,101,101,112,132,1,1,11,11,11],"floor_reached":50,"playtime":2913,"items_purged":["Pain","Writhe","Writhe"],"score":981,"play_id":"dbb3cbb2-556d-471b-90c7-fc0b30121619","local_time":"20190320005441","is_ascension_mode":true,"campfire_choices":[{"data":"Neutralize","floor":6.0,"key":"SMITH"},{"floor":11.0,"key":"REST"},{"data":"Poisoned Stab","floor":15.0,"key":"SMITH"},{"floor":23.0,"key":"REST"},{"data":"After Image","floor":25.0,"key":"SMITH"},{"floor":29.0,"key":"REST"},{"data":"Noxious Fumes","floor":32.0,"key":"SMITH"},{"data":"After Image","floor":40.0,"key":"SMITH"},{"floor":47,"key":"REST"},{"floor":49,"key":"RECALL"}],"neow_cost":"NONE","seed_source_timestamp":222537021810997,"circlet_count":0,"master_deck":["AscendersBane","Defend_G","Defend_G","Defend_G","Defend_G","Defend_G","Strike_G","Strike_G","Strike_G","Strike_G","Survivor","Neutralize+1","Predator+1","Quick Slash","Backflip","PiercingWail","Poisoned Stab+1","Backflip","Dash","After Image+1","PiercingWail+1","Noxious Fumes+1","Cloak And Dagger","Sucker Punch","After Image+1","Dagger Throw","Parasite","Normality","Quick Slash+1","Bane+1","Leg Sweep","Quick Slash"],"special_seed":0,"relics":["Ring of the Snake","Regal Pillow","WarpedTongs","Bag of Marbles","Cursed Key","OrangePellets","Gambling Chip","Lantern","Singing Bowl","Busted Crown","Pear"],"potions_floor_usage":[41,44,50,50],"damage_taken":[{"damage":8.0,"enemies":"2 Louse","floor":1.0,"turns":3.0},{"damage":4.0,"enemies":"Cultist","floor":4.0,"turns":3.0},{"damage":4.0,"enemies":"Small Slimes","floor":7.0,"turns":3.0},{"damage":6.0,"enemies":"Gremlin Nob","floor":8.0,"turns":3.0},{"damage":12.0,"enemies":"Gremlin Gang","floor":10.0,"turns":5.0},{"damage":18.0,"enemies":"3 Sentries","floor":13.0,"turns":8.0},{"damage":2.0,"enemies":"2 Fungi Beasts","floor":14.0,"turns":2.0},{"damage":37.0,"enemies":"Hexaghost","floor":16.0,"turns":12.0},{"damage":15.0,"enemies":"Spheric Guardian","floor":18.0,"turns":4.0},{"damage":2.0,"enemies":"Shell Parasite","floor":20.0,"turns":6.0},{"damage":16.0,"enemies":"Centurion and Healer","floor":21.0,"turns":8.0},{"damage":21.0,"enemies":"Book of Stabbing","floor":27.0,"turns":7.0},{"damage":2.0,"enemies":"Shelled Parasite and Fungi","floor":30.0,"turns":6.0},{"damage":1.0,"enemies":"Snecko","floor":31.0,"turns":5.0},{"damage":67.0,"enemies":"Champ","floor":33.0,"turns":13.0},{"damage":0.0,"enemies":"Orb Walker","floor":35.0,"turns":3.0},{"damage":8.0,"enemies":"3 Shapes","floor":36.0,"turns":3.0},{"damage":0.0,"enemies":"Writhing Mass","floor":38.0,"turns":8.0},{"damage":4.0,"enemies":"Jaw Worm Horde","floor":39.0,"turns":6.0},{"damage":5,"enemies":"3 Darklings","floor":41,"turns":5},{"damage":1,"enemies":"Writhing Mass","floor":42,"turns":9},{"damage":0,"enemies":"Sphere and 2 Shapes","floor":44,"turns":6},{"damage":19,"enemies":"3 Darklings","floor":45,"turns":7},{"damage":14,"enemies":"Transient","floor":48,"turns":6},{"damage":83,"enemies":"Donu and Deca","floor":50,"turns":7}],"seed_played":"-3147975711890006287","potions_obtained":[{"floor":3.0,"key":"Regen Potion"},{"floor":7.0,"key":"FearPotion"},{"floor":8.0,"key":"GamblersBrew"},{"floor":13.0,"key":"Swift Potion"},{"floor":14.0,"key":"Energy Potion"},{"floor":20.0,"key":"Explosive Potion"},{"floor":21.0,"key":"Block Potion"},{"floor":38.0,"key":"SkillPotion"},{"floor":44,"key":"EntropicBrew"}],"is_trial":false,"path_per_floor":["M","?","?","M","?","R","M","E","T","M","R","?","E","M","R","B",null,"M","$","M","M","?","R","?","R","T","E","$","R","M","M","R","B",null,"M","M","$","M","M","R","M","M","T","M","M","$","R","M","R","B"],"character_chosen":"THE_SILENT","items_purchased":["Noxious Fumes","OrangePellets","Leg Sweep","Quick Slash"],"campfire_rested":4,"item_purchase_floors":[19,19,46,46],"current_hp_per_floor":[51,51,51,47,47,47,43,37,37,37,66,66,48,46,46,9,52,37,37,35,19,19,53,53,53,53,34,34,68,68,69,69,2,55,55,49,49,51,49,49,46,47,57,57,38,38,80,68,68,0],"gold":11,"neow_bonus":"THREE_CARDS","is_prod":false,"is_daily":false,"chose_seed":false,"campfire_upgraded":5,"win_rate":0,"timestamp":1553039681,"path_taken":["M","?","?","?","?","R","?","E","T","M","R","?","E","?","R","BOSS","M","$","M","M","?","R","?","R","T","E","$","R","M","?","R","BOSS","M","M","$","M","?","R","M","?","T","M","M","$","R","M","R","BOSS"],"build_version":"2019-01-23","purchased_purges":3,"victory":false,"max_hp_per_floor":[66,66,66,66,66,66,66,66,66,66,66,66,66,66,66,66,66,66,66,66,66,66,66,66,66,66,68,68,68,70,72,72,72,72,72,74,74,76,78,78,80,82,92,92,92,92,92,94,94,94],"card_choices":[{"not_picked":["Acrobatics","Poisoned Stab"],"picked":"Predator","floor":0.0},{"not_picked":["Slice","Bane","Blade Dance"],"picked":"SKIP","floor":1.0},{"not_picked":["Acrobatics","Infinite Blades"],"picked":"Quick Slash","floor":4.0},{"not_picked":["Underhanded Strike","Skewer"],"picked":"Backflip","floor":7.0},{"not_picked":["Cloak And Dagger","Deflect"],"picked":"PiercingWail","floor":8.0},{"not_picked":["Distraction","Sucker Punch"],"picked":"Poisoned Stab","floor":10.0},{"not_picked":["Flying Knee","Concentrate"],"picked":"Backflip","floor":13.0},{"not_picked":["Blur","Flying Knee"],"picked":"Dash","floor":14.0},{"not_picked":["Storm of Steel","Malaise"],"picked":"After Image","floor":16.0},{"not_picked":["Dash","Underhanded Strike"],"picked":"PiercingWail+1","floor":18.0},{"not_picked":["Flying Knee","Blade Dance"],"picked":"Cloak And Dagger","floor":20.0},{"not_picked":["Tactician","Accuracy","Outmaneuver"],"picked":"SKIP","floor":21.0},{"not_picked":["Sucker Punch","Deflect+1","Deadly Poison"],"picked":"Singing Bowl","floor":27.0},{"not_picked":["Dagger Throw","Terror","Deflect"],"picked":"Singing Bowl","floor":30.0},{"not_picked":["Blade Dance","Acrobatics","Slice"],"picked":"Singing Bowl","floor":31.0},{"not_picked":["Glass Knife","Corpse Explosion"],"picked":"After Image","floor":33.0},{"not_picked":[],"picked":"Dagger Throw","floor":35.0},{"not_picked":["Endless Agony"],"picked":"Singing Bowl","floor":36.0},{"not_picked":["Dodge and Roll"],"picked":"Singing Bowl","floor":38.0},{"not_picked":["Endless Agony"],"picked":"Singing Bowl","floor":39.0},{"not_picked":["Concentrate"],"picked":"Singing Bowl","floor":41},{"not_picked":["Deflect"],"picked":"Singing Bowl","floor":42},{"not_picked":[],"picked":"Quick Slash+1","floor":44},{"not_picked":[],"picked":"Bane+1","floor":45},{"not_picked":["Prepared"],"picked":"Singing Bowl","floor":48}],"player_experience":720624,"relics_obtained":[{"floor":8.0,"key":"Regal Pillow"},{"floor":13.0,"key":"Bag of Marbles"},{"floor":26.0,"key":"Lantern"},{"floor":27.0,"key":"Singing Bowl"},{"floor":43,"key":"Pear"}],"event_choices":[{"damage_healed":0.0,"max_hp_gain":0.0,"max_hp_loss":0.0,"gold_gain":79.0,"event_name":"Golden Wing","player_choice":"Gained Gold","floor":2.0,"gold_loss":0.0,"damage_taken":0.0},{"damage_healed":0.0,"max_hp_gain":0.0,"max_hp_loss":0.0,"gold_gain":0.0,"event_name":"The Woman in Blue","player_choice":"Bought 1 Potion","floor":3.0,"gold_loss":0.0,"damage_taken":0.0},{"damage_healed":0.0,"max_hp_gain":0.0,"max_hp_loss":0.0,"gold_gain":0.0,"event_name":"Upgrade Shrine","player_choice":"Upgraded","floor":5.0,"gold_loss":0.0,"damage_taken":0.0,"cards_upgraded":["Predator"]},{"damage_healed":0.0,"max_hp_gain":0.0,"max_hp_loss":0.0,"gold_gain":0.0,"event_name":"Accursed Blacksmith","player_choice":"Rummage","floor":12.0,"gold_loss":0.0,"damage_taken":0.0,"relics_obtained":["WarpedTongs"],"cards_obtained":["Pain"]},{"damage_healed":0.0,"max_hp_gain":0.0,"max_hp_loss":0.0,"gold_gain":0.0,"event_name":"The Mausoleum","player_choice":"Opened","floor":22.0,"gold_loss":0.0,"damage_taken":0.0,"relics_obtained":["Gambling Chip"],"cards_obtained":["Writhe"]},{"damage_healed":0.0,"max_hp_gain":0.0,"max_hp_loss":0.0,"gold_gain":0.0,"cards_transformed":["Strike_G"],"event_name":"Transmorgrifier","player_choice":"Transformed","floor":24.0,"gold_loss":0.0,"damage_taken":0.0,"cards_obtained":["Sucker Punch"]}],"is_beta":false,"boss_relics":[{"not_picked":["Ring of the Serpent","White Beast Statue"],"picked":"Cursed Key"},{"not_picked":["Pandora\u0027s Box","WristBlade"],"picked":"Busted Crown"}],"items_purged_floors":[19,28,37],"is_endless":false,"potions_floor_spawned":[7,8,13,14,20,21,30,31,38,39,44],"killed_by":"Donu and Deca","ascension_level":20}