{"gold_per_floor":[119,132,132,147,165,165,179,206,233,25,37,72,72,142,142,142],"floor_reached":16,"playtime":803,"items_purged":["Strike_B"],"score":213,"play_id":"77cc35ad-2f66-491b-af54-aa5445ee9ab8","local_time":"20190822173308","is_ascension_mode":true,"campfire_choices":[{"data":"White Noise","floor":6,"key":"SMITH"},{"data":"Zap","floor":13,"key":"SMITH"},{"data":"Gash","floor":15,"key":"SMITH"}],"neow_cost":"NONE","seed_source_timestamp":736003362620100,"circlet_count":0,"master_deck":["AscendersBane","Strike_B","Strike_B","Defend_B","Defend_B","Defend_B","Defend_B","Zap+1","Dualcast","Leap","Self Repair","White Noise+1","Coolheaded","Hologram","Reinforced Body","Gash+1","Conserve Battery","Static Discharge","Seek"],"relics":["Cracked Core","Anchor","PreservedInsect","Blood Vial","Question Card"],"potions_floor_usage":[5,12,12,16],"damage_taken":[{"damage":1,"enemies":"Cultist","floor":1,"turns":4},{"damage":14,"enemies":"Jaw Worm","floor":2,"turns":5},{"damage":7,"enemies":"2 Louse","floor":4,"turns":4},{"damage":14,"enemies":"Exordium Thugs","floor":5,"turns":4},{"damage":3,"enemies":"2 Fungi Beasts","floor":7,"turns":4},{"damage":27,"enemies":"Lagavulin","floor":8,"turns":7},{"damage":8,"enemies":"Exordium Wildlife","floor":11,"turns":5},{"damage":18,"enemies":"3 Sentries","floor":12,"turns":10},{"damage":26,"enemies":"Hexaghost","floor":16,"turns":15}],"seed_played":"-358056929178341601","potions_obtained":[{"floor":4,"key":"SteroidPotion"},{"floor":8,"key":"PowerPotion"},{"floor":12,"key":"Block Potion"}],"is_trial":false,"path_per_floor":["M","M","?","M","M","R","M","E","T","$","M","E","R","T","R","B"],"character_chosen":"DEFECT","items_purchased":["Gash","Conserve Battery","Dexterity Potion"],"campfire_rested":0,"item_purchase_floors":[10,10,10],"current_hp_per_floor":[70,56,56,56,49,49,53,33,33,33,25,21,21,21,21,0],"gold":142,"neow_bonus":"TEN_PERCENT_HP_BONUS","is_prod":false,"is_daily":false,"chose_seed":false,"campfire_upgraded":3,"win_rate":0,"timestamp":1566487988,"path_taken":["M","M","?","M","M","R","M","E","T","?","M","E","R","?","R","BOSS"],"build_version":"2019-07-17","purchased_purges":1,"victory":false,"max_hp_per_floor":[78,78,78,78,78,78,78,78,78,78,78,78,78,78,78,78],"card_choices":[{"not_picked":["Steam Power","Hologram"],"picked":"Leap","floor":1},{"not_picked":["Storm","Barrage"],"picked":"Self Repair","floor":2},{"not_picked":["Coolheaded","Compile Driver"],"picked":"White Noise","floor":4},{"not_picked":["Blizzard","Chill"],"picked":"Coolheaded","floor":5},{"not_picked":["Leap","Rebound"],"picked":"Hologram","floor":7},{"not_picked":["Coolheaded","Streamline"],"picked":"Reinforced Body","floor":8},{"not_picked":["Sweeping Beam","Conserve Battery"],"picked":"Static Discharge","floor":11},{"not_picked":["Scrape","Coolheaded"],"picked":"Seek","floor":12}],"player_experience":1948863,"relics_obtained":[{"floor":8,"key":"Anchor"},{"floor":9,"key":"PreservedInsect"},{"floor":12,"key":"Blood Vial"},{"floor":14,"key":"Question Card"}],"event_choices":[{"cards_removed":["Strike_B"],"damage_healed":0,"gold_gain":0,"player_choice":"Card Removal","damage_taken":0,"max_hp_gain":0,"max_hp_loss":0,"event_name":"Wheel of Change","floor":3,"gold_loss":0}],"is_beta":false,"boss_relics":[],"items_purged_floors":[10],"is_endless":false,"potions_floor_spawned":[4,8,12],"killed_by":"Hexaghost","ascension_level":18}