{"gold_per_floor":[109,34,34,46,76,88,67,79,91,118,6,21,21,35,35,140,140,80,80,80,80,80,80],"floor_reached":23,"playtime":923,"items_purged":["Strike_G"],"score":181,"play_id":"943f43a5-fd4b-4215-be10-e8b5990cef15","local_time":"20190608232501","is_ascension_mode":false,"campfire_choices":[{"data":"Backflip","floor":6,"key":"SMITH"},{"data":"Backflip","floor":13,"key":"SMITH"},{"floor":15,"key":"REST"}],"neow_cost":"NONE","seed_source_timestamp":1317962998737333,"circlet_count":0,"master_deck":["Defend_G","Defend_G","Defend_G","Defend_G","Defend_G","Strike_G","Strike_G","Strike_G","Strike_G","Survivor","Neutralize","Backflip+1","Poisoned Stab","Bane","Noxious Fumes+1","Backflip+1","Adrenaline+1","Crippling Poison","Well Laid Plans+1"],"relics":["Ring of the Snake","NeowsBlessing","MawBank","Frozen Egg 2","Ectoplasm"],"potions_floor_usage":[16,16,23,23],"damage_taken":[{"damage":0,"enemies":"Cultist","floor":1,"turns":1},{"damage":0,"enemies":"Small Slimes","floor":5,"turns":1},{"damage":0,"enemies":"Jaw Worm","floor":10,"turns":1},{"damage":2,"enemies":"Looter","floor":12,"turns":4},{"damage":5,"enemies":"Gremlin Gang","floor":14,"turns":5},{"damage":29,"enemies":"Hexaghost","floor":16,"turns":10},{"damage":8,"enemies":"2 Thieves","floor":18,"turns":4},{"damage":0,"enemies":"3 Byrds","floor":19,"turns":4},{"damage":2,"enemies":"Snake Plant","floor":21,"turns":4},{"damage":81,"enemies":"Slavers","floor":23,"turns":4}],"seed_played":"-234115564528182398","potions_obtained":[{"floor":1,"key":"FearPotion"},{"floor":5,"key":"EssenceOfSteel"},{"floor":10,"key":"Ancient Potion"},{"floor":16,"key":"Strength Potion"},{"floor":21,"key":"SteroidPotion"}],"is_trial":false,"path_per_floor":["M","$","?","?","M","R","?","$","T","M","$","M","R","M","R","B",null,"M","M","$","M","?","E"],"character_chosen":"THE_SILENT","items_purchased":["Noxious Fumes+1","Backflip"],"campfire_rested":1,"item_purchase_floors":[11,11],"current_hp_per_floor":[70,70,63,68,68,68,68,68,68,68,68,66,66,61,75,46,75,67,67,67,65,65,0],"gold":80,"neow_bonus":"THREE_ENEMY_KILL","is_prod":false,"is_daily":false,"chose_seed":false,"campfire_upgraded":2,"win_rate":0,"timestamp":1560050701,"path_taken":["M","$","?","?","M","R","?","?","T","M","?","M","R","M","R","BOSS","M","?","$","M","?","E"],"build_version":"2019-01-23","purchased_purges":1,"victory":false,"max_hp_per_floor":[70,70,70,75,75,75,75,75,75,75,75,75,75,75,75,75,75,75,75,75,75,75,75],"card_choices":[{"not_picked":["Infinite Blades","Outmaneuver"],"picked":"Backflip","floor":1},{"not_picked":["Deadly Poison","Caltrops"],"picked":"Poisoned Stab","floor":5},{"not_picked":["Caltrops+1","Prepared"],"picked":"Bane","floor":10},{"not_picked":["Caltrops+1","Accuracy+1","Dagger Throw"],"picked":"SKIP","floor":12},{"not_picked":["Accuracy+1","Dodge and Roll","Glass Knife"],"picked":"SKIP","floor":14},{"not_picked":["Unload","Night Terror"],"picked":"Adrenaline","floor":16},{"not_picked":["Deadly Poison","Poisoned Stab"],"picked":"Crippling Poison","floor":18},{"not_picked":["Riddle With Holes","Eviscerate+1","Dodge and Roll"],"picked":"SKIP","floor":19},{"not_picked":["Underhanded Strike","Skewer"],"picked":"Well Laid Plans+1","floor":21}],"player_experience":174307,"relics_obtained":[{"floor":9,"key":"Frozen Egg 2"}],"event_choices":[{"damage_healed":0,"gold_gain":0,"player_choice":"Success","damage_taken":7,"relics_obtained":["MawBank"],"max_hp_gain":0,"max_hp_loss":0,"event_name":"Scrap Ooze","floor":3,"gold_loss":0},{"damage_healed":0,"gold_gain":0,"player_choice":"Donut","damage_taken":0,"max_hp_gain":5,"max_hp_loss":0,"event_name":"Big Fish","floor":4,"gold_loss":0},{"damage_healed":0,"gold_gain":0,"player_choice":"Left Gold","damage_taken":0,"max_hp_gain":0,"max_hp_loss":0,"event_name":"World of Goop","floor":7,"gold_loss":33},{"damage_healed":0,"gold_gain":0,"player_choice":"Forge","damage_taken":0,"max_hp_gain":0,"max_hp_loss":0,"event_name":"Accursed Blacksmith","floor":22,"gold_loss":0,"cards_upgraded":["Adrenaline"]}],"is_beta":false,"boss_relics":[{"not_picked":["Black Star","Pandora\u0027s Box"],"picked":"Ectoplasm"}],"items_purged_floors":[2],"is_endless":false,"potions_floor_spawned":[1,5,10,16,21],"killed_by":"Slavers","ascension_level":0}