{"gold_per_floor":[119,119,135,7,22,22,22,22,22,51,51,51,51,66,66,162,162,178,197,197,18,218,218,237,237,237,237,258,278,26,26],"floor_reached":31,"playtime":915,"items_purged":["Strike_G","Injury"],"score":419,"play_id":"b8669191-4504-43f0-897b-5e47ac46189e","local_time":"20190620185821","is_ascension_mode":true,"campfire_choices":[{"data":"Cloak And Dagger","floor":6,"key":"SMITH"},{"data":"A Thousand Cuts","floor":8,"key":"SMITH"},{"data":"Envenom","floor":11,"key":"SMITH"},{"data":"Survivor","floor":13,"key":"SMITH"},{"data":"Endless Agony","floor":15,"key":"SMITH"},{"data":"Adrenaline","floor":23,"key":"SMITH"},{"data":"Magnetism","floor":25,"key":"SMITH"},{"data":"Burst","floor":27,"key":"SMITH"}],"neow_cost":"NONE","seed_source_timestamp":240080327992100,"circlet_count":0,"master_deck":["AscendersBane","Survivor+1","Neutralize+1","Poisoned Stab+1","Cloak And Dagger+1","A Thousand Cuts+1","Envenom+1","Endless Agony+1","Burst+1","Cloak And Dagger","PiercingWail","Distraction","Deadly Poison","Tools of the Trade","Corpse Explosion","Deadly Poison","Adrenaline+1","Catalyst","Magnetism+1","Flechettes","Flying Knee","Distraction+1","Dash"],"relics":["Ring of the Snake","Singing Bowl","Strawberry","Golden Idol","Pandora\u0027s Box","Dodecahedron"],"potions_floor_usage":[14,16,18,19,24,29],"damage_taken":[{"damage":1,"enemies":"Small Slimes","floor":1,"turns":4},{"damage":4,"enemies":"Cultist","floor":3,"turns":3},{"damage":0,"enemies":"2 Louse","floor":5,"turns":2},{"damage":16,"enemies":"Lagavulin","floor":10,"turns":7},{"damage":0,"enemies":"Looter","floor":14,"turns":3},{"damage":19,"enemies":"The Guardian","floor":16,"turns":10},{"damage":22,"enemies":"2 Thieves","floor":18,"turns":2},{"damage":25,"enemies":"Shell Parasite","floor":19,"turns":5},{"damage":6,"enemies":"Chosen and Byrds","floor":24,"turns":4},{"damage":4,"enemies":"3 Cultists","floor":28,"turns":3},{"damage":14,"enemies":"Snake Plant","floor":29,"turns":3},{"damage":13,"enemies":"Snecko","floor":31,"turns":2}],"seed_played":"761106071346962146","potions_obtained":[{"floor":14,"key":"Fruit Juice"},{"floor":16,"key":"GamblersBrew"},{"floor":18,"key":"Weak Potion"},{"floor":19,"key":"Swift Potion"},{"floor":24,"key":"EssenceOfSteel"},{"floor":29,"key":"SteroidPotion"}],"is_trial":false,"path_per_floor":["M","?","M","$","M","R","?","R","T","E","R","?","R","M","R","B",null,"M","M","?","$","?","R","M","R","T","R","M","M","$","M"],"character_chosen":"THE_SILENT","items_purchased":["PowerPotion","Magnetism","Dash","EntropicBrew"],"campfire_rested":0,"item_purchase_floors":[4,21,30,30],"current_hp_per_floor":[58,58,54,54,54,54,54,54,54,45,45,45,45,50,50,31,66,46,21,37,37,37,37,31,31,31,31,27,13,13,0],"gold":26,"neow_bonus":"UPGRADE_CARD","is_prod":false,"is_daily":false,"chose_seed":false,"campfire_upgraded":8,"win_rate":0,"timestamp":1561049901,"path_taken":["M","?","?","$","M","R","?","R","T","E","R","?","R","M","R","BOSS","M","M","?","$","?","R","M","R","T","R","?","M","$","M"],"build_version":"2019-01-23","purchased_purges":2,"victory":false,"max_hp_per_floor":[66,66,66,66,66,66,66,66,66,73,73,73,73,78,78,78,78,80,80,80,80,80,80,80,80,80,80,80,80,80,80],"card_choices":[{"not_picked":["Quick Slash","Deflect"],"picked":"Poisoned Stab","floor":1},{"not_picked":["Underhanded Strike","Quick Slash"],"picked":"Cloak And Dagger","floor":3},{"not_picked":["Outmaneuver","Prepared","Reflex"],"picked":"SKIP","floor":5},{"not_picked":["Crippling Poison","PiercingWail"],"picked":"Envenom","floor":10},{"not_picked":["Bouncing Flask","Escape Plan"],"picked":"Endless Agony","floor":14},{"not_picked":["Die Die Die","Phantasmal Killer"],"picked":"Burst","floor":16},{"not_picked":["PiercingWail","Prepared","Deadly Poison"],"picked":"Singing Bowl","floor":18},{"not_picked":["Flechettes","Choke"],"picked":"Catalyst","floor":19},{"not_picked":["Prepared","Underhanded Strike"],"picked":"Flechettes","floor":24},{"not_picked":["Acrobatics","Deadly Poison+1"],"picked":"Flying Knee","floor":28},{"not_picked":["Poisoned Stab","Cloak And Dagger"],"picked":"Distraction+1","floor":29}],"player_experience":1420268,"relics_obtained":[{"floor":9,"key":"Singing Bowl"},{"floor":10,"key":"Strawberry"},{"floor":26,"key":"Dodecahedron"}],"event_choices":[{"damage_healed":0,"gold_gain":0,"player_choice":"Upgraded","damage_taken":0,"max_hp_gain":0,"max_hp_loss":0,"event_name":"Upgrade Shrine","floor":2,"gold_loss":0,"cards_upgraded":["Poisoned Stab"]},{"damage_healed":0,"gold_gain":0,"cards_transformed":["Strike_G"],"player_choice":"Change","damage_taken":0,"max_hp_gain":0,"max_hp_loss":0,"event_name":"Living Wall","floor":7,"gold_loss":0,"cards_obtained":["A Thousand Cuts"]},{"damage_healed":0,"gold_gain":0,"player_choice":"Take Wound","damage_taken":0,"relics_obtained":["Golden Idol"],"max_hp_gain":0,"max_hp_loss":0,"event_name":"Golden Idol","floor":12,"gold_loss":0,"cards_obtained":["Injury"]},{"damage_healed":16,"gold_gain":0,"player_choice":"Heal","damage_taken":0,"max_hp_gain":0,"max_hp_loss":0,"event_name":"The Library","floor":20,"gold_loss":0},{"damage_healed":0,"gold_gain":200,"player_choice":"Gold","damage_taken":0,"max_hp_gain":0,"max_hp_loss":0,"event_name":"Wheel of Change","floor":22,"gold_loss":0}],"is_beta":false,"boss_relics":[{"not_picked":["Ring of the Serpent","Coffee Dripper"],"picked":"Pandora\u0027s Box"}],"items_purged_floors":[4,30],"is_endless":false,"potions_floor_spawned":[14,16,18,19,24,29],"killed_by":"Snecko","ascension_level":16}