{"gold_per_floor":[18,18,38,38,54,54,204,204,204,171,171,184,184,21,21,95,95,110,110,123,136,186,186,67,67,120,120,137,137,137,149,149,226,226,239,239,254,254,354,354],"floor_reached":40,"playtime":1937,"items_purged":["Doubt","Strike_G"],"score":655,"play_id":"d66cdb33-f0d7-4f8f-849c-5d86c9ba7f3e","local_time":"20190423153814","is_ascension_mode":true,"campfire_choices":[{"data":"Neutralize","floor":6,"key":"SMITH"},{"data":"Bullet Time","floor":8,"key":"SMITH"},{"floor":13,"key":"REST"},{"floor":15,"key":"REST"},{"data":"A Thousand Cuts","floor":23,"key":"SMITH"},{"data":"Storm of Steel","floor":25,"key":"SMITH"},{"floor":30,"key":"REST"},{"data":"Blade Dance","floor":32,"key":"SMITH"}],"neow_cost":"NO_GOLD","seed_source_timestamp":61122503987700,"circlet_count":0,"master_deck":["AscendersBane","Survivor","Neutralize+1","Bullet Time+1","Blade Dance+1","Escape Plan","Choke","Well Laid Plans","A Thousand Cuts+1","Footwork","Backstab","Storm of Steel+1","Deflect+1","Dash","Masterful Stab","Accuracy","Backstab","Writhe","Adrenaline","Storm of Steel","Bane","Masterful Stab","Riddle With Holes","Leg Sweep","Tools of the Trade","Dagger Spray","Crippling Poison","Acrobatics","PiercingWail","Discovery","Chrysalis","Endless Agony","Backstab"],"relics":["Ring of the Snake","Smiling Mask","Oddly Smooth Stone","Incense Burner","Snecko Eye","Centennial Puzzle","Lantern","Blue Candle","Pandora\u0027s Box","Du-Vu Doll"],"potions_floor_usage":[16,28,33,33,35,39,40],"damage_taken":[{"damage":0,"enemies":"2 Louse","floor":1,"turns":3},{"damage":3,"enemies":"Jaw Worm","floor":3,"turns":4},{"damage":2,"enemies":"Cultist","floor":5,"turns":5},{"damage":15,"enemies":"Exordium Thugs","floor":10,"turns":5},{"damage":0,"enemies":"Large Slime","floor":12,"turns":6},{"damage":31,"enemies":"The Guardian","floor":16,"turns":13},{"damage":19,"enemies":"Spheric Guardian","floor":18,"turns":5},{"damage":3,"enemies":"3 Byrds","floor":20,"turns":5},{"damage":2,"enemies":"Centurion and Healer","floor":21,"turns":6},{"damage":2,"enemies":"3 Cultists","floor":28,"turns":4},{"damage":0,"enemies":"Snecko","floor":31,"turns":4},{"damage":55,"enemies":"Collector","floor":33,"turns":11},{"damage":19,"enemies":"3 Darklings","floor":35,"turns":3},{"damage":12,"enemies":"3 Shapes","floor":37,"turns":2},{"damage":8,"enemies":"Mind Bloom Boss Battle","floor":39,"turns":8},{"damage":12,"enemies":"Maw","floor":40,"turns":4}],"seed_played":"-8131931130779292000","potions_obtained":[{"floor":1,"key":"Ancient Potion"},{"floor":12,"key":"SkillPotion"},{"floor":21,"key":"Regen Potion"},{"floor":28,"key":"Block Potion"},{"floor":33,"key":"Block Potion"},{"floor":37,"key":"Energy Potion"},{"floor":39,"key":"Weak Potion"}],"is_trial":false,"path_per_floor":["M","?","M","?","M","R","?","R","T","M","T","M","R","$","R","B",null,"M","?","M","M","T","R","$","R","T","?","M","?","R","M","R","B",null,"M","?","M","?","?","M"],"character_chosen":"THE_SILENT","items_purchased":["Footwork","Backstab","Accuracy"],"campfire_rested":3,"item_purchase_floors":[14,14,24],"current_hp_per_floor":[59,64,61,26,24,24,24,24,24,9,9,9,30,30,51,20,58,39,35,32,30,30,30,30,30,30,30,40,40,61,61,61,6,55,36,31,19,19,11,0],"gold":354,"neow_bonus":"THREE_RARE_CARDS","is_prod":false,"is_daily":false,"chose_seed":false,"campfire_upgraded":5,"win_rate":0,"timestamp":1556026694,"path_taken":["M","?","M","?","M","R","?","R","T","?","?","M","R","$","R","BOSS","M","?","?","M","?","R","$","R","T","?","?","?","R","M","R","BOSS","M","?","M","?","?","M"],"build_version":"2019-01-23","purchased_purges":2,"victory":false,"max_hp_per_floor":[66,71,71,71,71,71,71,71,71,71,71,71,71,71,71,71,71,71,71,71,71,71,71,71,71,71,71,71,71,71,71,71,71,71,71,71,71,71,71,71],"card_choices":[{"not_picked":["Die Die Die","Tools of the Trade"],"picked":"Bullet Time","floor":0},{"not_picked":["Eviscerate","Outmaneuver"],"picked":"Blade Dance","floor":1},{"not_picked":["Bane","Deflect"],"picked":"Escape Plan","floor":3},{"not_picked":["Underhanded Strike","Expertise"],"picked":"Choke","floor":5},{"not_picked":["PiercingWail","Cloak And Dagger"],"picked":"Well Laid Plans","floor":10},{"not_picked":["Backflip","Sucker Punch"],"picked":"A Thousand Cuts","floor":12},{"not_picked":["Unload","Doppelganger"],"picked":"Storm of Steel","floor":16},{"not_picked":["Flying Knee","Blur"],"picked":"Deflect+1","floor":18},{"not_picked":["Dodge and Roll","Distraction"],"picked":"Dash","floor":20},{"not_picked":["Sucker Punch","Tactician"],"picked":"Masterful Stab","floor":21},{"not_picked":["Dash","Deflect"],"picked":"Backstab","floor":28},{"not_picked":["Poisoned Stab","Dagger Throw"],"picked":"Adrenaline","floor":31},{"not_picked":["Venomology","Adrenaline"],"picked":"Storm of Steel","floor":33},{"not_picked":["Deflect","Sucker Punch"],"picked":"PiercingWail","floor":35},{"not_picked":["Purity","Deep Breath"],"picked":"Discovery","floor":36},{"not_picked":["Secret Technique","Panacea"],"picked":"Chrysalis","floor":36},{"not_picked":["Deadly Poison+1","PiercingWail"],"picked":"Endless Agony","floor":37},{"not_picked":["Sucker Punch","Bane"],"picked":"Backstab","floor":39}],"player_experience":1053684,"relics_obtained":[{"floor":9,"key":"Oddly Smooth Stone"},{"floor":11,"key":"Incense Burner"},{"floor":22,"key":"Centennial Puzzle"},{"floor":26,"key":"Lantern"},{"floor":39,"key":"Du-Vu Doll"}],"event_choices":[{"damage_healed":0,"gold_gain":0,"player_choice":"Donut","damage_taken":0,"max_hp_gain":5,"max_hp_loss":0,"event_name":"Big Fish","floor":2,"gold_loss":0},{"damage_healed":0,"gold_gain":0,"player_choice":"Success","damage_taken":35,"relics_obtained":["Smiling Mask"],"max_hp_gain":0,"max_hp_loss":0,"event_name":"Scrap Ooze","floor":4,"gold_loss":0},{"damage_healed":0,"gold_gain":150,"player_choice":"AGREE","damage_taken":0,"max_hp_gain":0,"max_hp_loss":0,"event_name":"Liars Game","floor":7,"gold_loss":0,"cards_obtained":["Doubt"]},{"damage_healed":0,"gold_gain":0,"player_choice":"Bought 0 Potions","damage_taken":0,"max_hp_gain":0,"max_hp_loss":0,"event_name":"The Woman in Blue","floor":19,"gold_loss":0},{"cards_removed":["Strike_G"],"damage_healed":0,"gold_gain":0,"player_choice":"Offered Basic","damage_taken":0,"max_hp_gain":0,"max_hp_loss":0,"event_name":"Bonfire Elementals","floor":27,"gold_loss":0},{"damage_healed":0,"gold_gain":0,"player_choice":"Opened","damage_taken":0,"relics_obtained":["Blue Candle"],"max_hp_gain":0,"max_hp_loss":0,"event_name":"The Mausoleum","floor":29,"gold_loss":0,"cards_obtained":["Writhe"]},{"damage_healed":0,"gold_gain":0,"player_choice":"Memory 2","damage_taken":5,"max_hp_gain":0,"max_hp_loss":0,"event_name":"SensoryStone","floor":36,"gold_loss":0},{"damage_healed":0,"gold_gain":0,"player_choice":"Ignored","damage_taken":0,"max_hp_gain":0,"max_hp_loss":0,"event_name":"Tomb of Lord Red Mask","floor":38,"gold_loss":0},{"damage_healed":0,"gold_gain":0,"player_choice":"Fight","damage_taken":0,"max_hp_gain":0,"max_hp_loss":0,"event_name":"MindBloom","floor":39,"gold_loss":0}],"is_beta":false,"boss_relics":[{"not_picked":["White Beast Statue","Black Star"],"picked":"Snecko Eye"},{"not_picked":["Astrolabe","Busted Crown"],"picked":"Pandora\u0027s Box"}],"items_purged_floors":[14,24],"is_endless":false,"potions_floor_spawned":[1,12,21,28,33,37,39],"killed_by":"Maw","ascension_level":15}