{"gold_per_floor":[112,187,187,200,200,200,221,245,268,268,58,58,93,73,73,73],"floor_reached":16,"playtime":385,"items_purged":["Injury"],"score":186,"play_id":"6acd80ea-9e7f-4374-9e9a-7d14571867cf","local_time":"20190814175033","is_ascension_mode":true,"campfire_choices":[{"data":"Trip","floor":6,"key":"SMITH"},{"data":"Uppercut","floor":10,"key":"SMITH"},{"data":"True Grit","floor":12,"key":"SMITH"},{"floor":15,"key":"REST"}],"neow_cost":"NONE","seed_source_timestamp":46246442185800,"circlet_count":0,"master_deck":["AscendersBane","Strike_R","Strike_R","Strike_R","Strike_R","Strike_R","Defend_R","Defend_R","Defend_R","Defend_R","Bash+1","Trip+1","Headbutt","Shrug It Off","Uppercut+1","Body Slam","Feel No Pain","True Grit+1","Immolate"],"relics":["Burning Blood","Golden Idol","Bag of Marbles","Bag of Preparation"],"potions_floor_usage":[8,16],"damage_taken":[{"damage":12,"enemies":"Small Slimes","floor":1,"turns":4},{"damage":7,"enemies":"Jaw Worm","floor":4,"turns":3},{"damage":1,"enemies":"Cultist","floor":7,"turns":3},{"damage":16,"enemies":"Large Slime","floor":8,"turns":4},{"damage":25,"enemies":"Lagavulin","floor":13,"turns":8},{"damage":50,"enemies":"The Guardian","floor":16,"turns":9}],"seed_played":"7186598583548574329","potions_obtained":[{"floor":4,"key":"GamblersBrew"},{"floor":14,"key":"LiquidBronze"}],"is_trial":false,"path_per_floor":["M","?","?","M","?","R","M","M","T","R","$","R","E","?","R","B"],"character_chosen":"IRONCLAD","items_purchased":["Feel No Pain","True Grit"],"campfire_rested":1,"item_purchase_floors":[11,11],"current_hp_per_floor":[62,51,51,50,50,50,55,45,45,45,45,45,26,26,48,0],"gold":73,"neow_bonus":"RANDOM_COLORLESS","is_prod":false,"is_daily":false,"chose_seed":false,"campfire_upgraded":3,"win_rate":0,"timestamp":1565797833,"path_taken":["M","?","?","M","?","R","?","M","T","R","?","R","E","?","R","BOSS"],"build_version":"2019-07-17","purchased_purges":1,"victory":false,"max_hp_per_floor":[75,75,75,75,75,75,75,75,75,75,75,75,75,75,75,75],"card_choices":[{"not_picked":["Pommel Strike","Perfected Strike"],"picked":"Headbutt","floor":1},{"not_picked":["Ghostly Armor","Evolve"],"picked":"Shrug It Off","floor":4},{"not_picked":["Perfected Strike","Twin Strike"],"picked":"Uppercut","floor":7},{"not_picked":["Intimidate","Headbutt"],"picked":"Body Slam","floor":8},{"not_picked":["Blood for Blood","Bloodletting"],"picked":"Immolate","floor":13}],"player_experience":1886196,"relics_obtained":[{"floor":9,"key":"Bag of Marbles"},{"floor":13,"key":"Bag of Preparation"}],"event_choices":[{"damage_healed":0,"gold_gain":75,"player_choice":"Gather Gold","damage_taken":11,"max_hp_gain":0,"max_hp_loss":0,"event_name":"World of Goop","floor":2,"gold_loss":0},{"damage_healed":0,"gold_gain":0,"player_choice":"Grow","damage_taken":0,"max_hp_gain":0,"max_hp_loss":0,"event_name":"Living Wall","floor":3,"gold_loss":0,"cards_upgraded":["Bash"]},{"damage_healed":0,"gold_gain":0,"player_choice":"Take Wound","damage_taken":0,"relics_obtained":["Golden Idol"],"max_hp_gain":0,"max_hp_loss":0,"event_name":"Golden Idol","floor":5,"gold_loss":0,"cards_obtained":["Injury"]},{"damage_healed":0,"gold_gain":0,"player_choice":"Bought 1 Potion","damage_taken":0,"max_hp_gain":0,"max_hp_loss":0,"event_name":"The Woman in Blue","floor":14,"gold_loss":0}],"is_beta":false,"boss_relics":[],"items_purged_floors":[11],"is_endless":false,"potions_floor_spawned":[4],"killed_by":"The Guardian","ascension_level":18}