{"gold_per_floor":[117,117,132,146,160,193,193,204,204,218,248,264,45,73,73,174,174,193,212,91,91,111,111,144,164,190,201,101,101,101,101,101,200,200,216,230,241,341,341,341,351,351,351,363,363,375,395,407,407,407,407,407,36,68,68],"floor_reached":55,"playtime":3187,"items_purged":["Strike_R","Strike_R"],"score":730,"play_id":"46e08c8e-ee94-46b5-ac24-0fc67c24fd57","local_time":"20190617234226","is_ascension_mode":false,"campfire_choices":[{"data":"Armaments","floor":7,"key":"SMITH"},{"data":"Entrench","floor":15,"key":"SMITH"},{"data":"Demon Form","floor":23,"key":"SMITH"},{"floor":32,"key":"REST"},{"floor":40,"key":"REST"},{"floor":42,"key":"RECALL"},{"floor":49,"key":"REST"},{"data":"Double Tap","floor":52,"key":"SMITH"}],"neow_cost":"NONE","seed_source_timestamp":457678634406948,"circlet_count":0,"master_deck":["Defend_R","Defend_R","Defend_R","Bash","Armaments+1","Shrug It Off","Headbutt","Pommel Strike","Cleave","Offering","Flame Barrier","Spot Weakness","Juggernaut","Entrench+1","Demon Form+1","Battle Trance+1","Shrug It Off+1","Uppercut","Flame Barrier","Anger","Blood for Blood","Bludgeon","Headbutt+1","Double Tap+1","Shockwave+1","Panacea","Heavy Blade+1","Pummel+1","Good Instincts","Metallicize","Shrug It Off","Heavy Blade+1"],"relics":["Burning Blood","Bag of Marbles","FossilizedHelix","Gremlin Horn","Oddly Smooth Stone","Odd Mushroom","Philosopher\u0027s Stone","Torii","Bag of Preparation","Runic Dome","Incense Burner","Bronze Scales","Centennial Puzzle"],"potions_floor_usage":[6,24,24,24,46,46,47,50,50],"damage_taken":[{"damage":0,"enemies":"Small Slimes","floor":1,"turns":3},{"damage":7,"enemies":"Jaw Worm","floor":3,"turns":5},{"damage":5,"enemies":"2 Louse","floor":4,"turns":4},{"damage":0,"enemies":"Looter","floor":5,"turns":4},{"damage":20,"enemies":"Gremlin Nob","floor":6,"turns":4},{"damage":0,"enemies":"3 Louse","floor":8,"turns":1},{"damage":2,"enemies":"Large Slime","floor":10,"turns":5},{"damage":32,"enemies":"3 Sentries","floor":11,"turns":6},{"damage":0,"enemies":"Lots of Slimes","floor":12,"turns":1},{"damage":3,"enemies":"The Mushroom Lair","floor":14,"turns":3},{"damage":6,"enemies":"Slime Boss","floor":16,"turns":6},{"damage":24,"enemies":"Spheric Guardian","floor":18,"turns":4},{"damage":13,"enemies":"Shell Parasite","floor":19,"turns":5},{"damage":6,"enemies":"Centurion and Healer","floor":22,"turns":6},{"damage":13,"enemies":"Slavers","floor":24,"turns":6},{"damage":13,"enemies":"Snake Plant","floor":25,"turns":4},{"damage":0,"enemies":"Snecko","floor":27,"turns":4},{"damage":42,"enemies":"Champ","floor":33,"turns":8},{"damage":0,"enemies":"3 Shapes","floor":35,"turns":4},{"damage":10,"enemies":"3 Darklings","floor":36,"turns":3},{"damage":28,"enemies":"Spire Growth","floor":37,"turns":6},{"damage":13,"enemies":"Mind Bloom Boss Battle","floor":38,"turns":5},{"damage":2,"enemies":"4 Shapes","floor":41,"turns":3},{"damage":23,"enemies":"Jaw Worm Horde","floor":44,"turns":3},{"damage":12,"enemies":"Writhing Mass","floor":46,"turns":3},{"damage":7,"enemies":"4 Shapes","floor":47,"turns":4},{"damage":1,"enemies":"Jaw Worm Horde","floor":48,"turns":3},{"damage":16,"enemies":"Time Eater","floor":50,"turns":7},{"damage":42,"enemies":"Shield and Spear","floor":54,"turns":7},{"damage":49,"enemies":"The Heart","floor":55,"turns":3}],"seed_played":"-649540897057785462","potions_obtained":[{"floor":1,"key":"Strength Potion"},{"floor":5,"key":"Dexterity Potion"},{"floor":6,"key":"FearPotion"},{"floor":10,"key":"Dexterity Potion"},{"floor":24,"key":"Energy Potion"},{"floor":25,"key":"Dexterity Potion"},{"floor":33,"key":"Block Potion"},{"floor":46,"key":"SkillPotion"},{"floor":47,"key":"GamblersBrew"},{"floor":48,"key":"EssenceOfSteel"}],"is_trial":false,"path_per_floor":["M","?","M","M","M","E","R","M","T","M","E","M","$","?","R","B",null,"M","M","$","?","M","R","E","M","T","M","$","?","?","?","R","B",null,"M","M","M","?","?","R","M","R","T","M","?","M","M","M","R","B",null,"R","$","E","B"],"character_chosen":"IRONCLAD","items_purchased":["Oddly Smooth Stone","Entrench","Shrug It Off","Bronze Scales","Good Instincts","Metallicize","Shrug It Off"],"campfire_rested":3,"item_purchase_floors":[13,13,20,53,53,53,53],"current_hp_per_floor":[80,80,79,80,80,66,66,72,72,76,50,56,56,59,59,59,80,62,55,55,55,55,55,48,41,41,47,47,47,47,47,71,35,80,80,76,54,47,47,71,75,75,75,58,58,52,51,56,80,70,80,80,80,44,0],"gold":68,"neow_bonus":"THREE_CARDS","is_prod":false,"is_daily":false,"chose_seed":false,"campfire_upgraded":4,"win_rate":0,"timestamp":1560829346,"path_taken":["M","?","M","M","M","E","R","M","T","M","E","M","$","?","R","BOSS","M","M","$","?","M","R","E","M","T","M","$","?","?","?","R","BOSS","M","?","M","?","?","R","M","R","T","M","?","M","?","M","R","BOSS","R","$","E","BOSS"],"build_version":"2019-01-23","purchased_purges":2,"victory":false,"max_hp_per_floor":[80,80,80,80,80,80,80,80,80,80,80,80,80,80,80,80,80,80,80,80,80,80,80,80,80,80,80,80,80,80,80,80,80,80,80,80,80,80,80,80,80,80,80,80,80,80,80,80,80,80,80,80,80,80,80],"card_choices":[{"not_picked":["Anger","Thunderclap"],"picked":"Armaments","floor":0},{"not_picked":["Sword Boomerang","Clothesline"],"picked":"Shrug It Off","floor":1},{"not_picked":["Anger","Sword Boomerang"],"picked":"Headbutt","floor":3},{"not_picked":["Searing Blow","Twin Strike"],"picked":"Pommel Strike","floor":4},{"not_picked":["Twin Strike","Havoc"],"picked":"Cleave","floor":5},{"not_picked":["Thunderclap","Body Slam"],"picked":"Offering","floor":6},{"not_picked":["Havoc","Body Slam"],"picked":"Flame Barrier","floor":8},{"not_picked":["Metallicize","Sword Boomerang"],"picked":"Spot Weakness","floor":10},{"not_picked":["Iron Wave","Flex"],"picked":"Juggernaut","floor":11},{"not_picked":["Anger","Twin Strike","Clash"],"picked":"SKIP","floor":12},{"not_picked":["Dark Embrace","Juggernaut"],"picked":"Demon Form","floor":16},{"not_picked":["Perfected Strike","Clothesline"],"picked":"Battle Trance+1","floor":18},{"not_picked":["Clash","Burning Pact","Rupture"],"picked":"SKIP","floor":19},{"not_picked":["Anger","Flex"],"picked":"Uppercut","floor":22},{"not_picked":["Reckless Charge","Twin Strike","Dropkick+1"],"picked":"SKIP","floor":24},{"not_picked":["Burning Pact+1","Iron Wave"],"picked":"Flame Barrier","floor":25},{"not_picked":["Dropkick","Havoc","Warcry"],"picked":"SKIP","floor":27},{"not_picked":["Fiend Fire","Brutality"],"picked":"Bludgeon","floor":33},{"not_picked":["Shrug It Off+1","Sword Boomerang+1"],"picked":"Headbutt+1","floor":35},{"not_picked":["Clothesline+1","Warcry+1"],"picked":"Double Tap","floor":36},{"not_picked":["Warcry","Thunderclap+1","Perfected Strike"],"picked":"SKIP","floor":37},{"not_picked":["Pummel+1","Clothesline+1"],"picked":"Shockwave+1","floor":41},{"not_picked":["Clothesline+1","Twin Strike+1","Warcry+1"],"picked":"SKIP","floor":44},{"not_picked":["Forethought","Bandage Up"],"picked":"Panacea","floor":45},{"not_picked":["Fire Breathing","Clash+1"],"picked":"Heavy Blade+1","floor":46},{"not_picked":["Brutality","Body Slam+1"],"picked":"Pummel+1","floor":47},{"not_picked":["Intimidate","Anger+1","Warcry"],"picked":"SKIP","floor":48},{"not_picked":["True Grit","Fire Breathing"],"picked":"Heavy Blade+1","floor":54}],"player_experience":223539,"relics_obtained":[{"floor":6,"key":"Bag of Marbles"},{"floor":9,"key":"FossilizedHelix"},{"floor":11,"key":"Gremlin Horn"},{"floor":14,"key":"Odd Mushroom"},{"floor":24,"key":"Torii"},{"floor":26,"key":"Bag of Preparation"},{"floor":38,"key":"Incense Burner"},{"floor":54,"key":"Centennial Puzzle"}],"event_choices":[{"cards_removed":["Strike_R"],"damage_healed":0,"gold_gain":0,"player_choice":"Forget","damage_taken":0,"max_hp_gain":0,"max_hp_loss":0,"event_name":"Living Wall","floor":2,"gold_loss":0},{"damage_healed":0,"gold_gain":0,"player_choice":"Fought Mushrooms","damage_taken":0,"max_hp_gain":0,"max_hp_loss":0,"event_name":"Mushrooms","floor":14,"gold_loss":0},{"damage_healed":0,"gold_gain":0,"player_choice":"Ignored","damage_taken":0,"max_hp_gain":0,"max_hp_loss":0,"event_name":"Cursed Tome","floor":21,"gold_loss":0},{"damage_healed":0,"gold_gain":0,"cards_transformed":["Strike_R","Strike_R"],"player_choice":"Became Test Subject","damage_taken":0,"max_hp_gain":0,"max_hp_loss":0,"event_name":"Drug Dealer","floor":29,"gold_loss":0,"cards_obtained":["Anger","Blood for Blood"]},{"damage_healed":0,"gold_gain":0,"player_choice":"Ignored","damage_taken":0,"max_hp_gain":0,"max_hp_loss":0,"event_name":"Vampires","floor":30,"gold_loss":0},{"damage_healed":0,"gold_gain":0,"player_choice":"Forge","damage_taken":0,"max_hp_gain":0,"max_hp_loss":0,"event_name":"Accursed Blacksmith","floor":31,"gold_loss":0,"cards_upgraded":["Shrug It Off"]},{"damage_healed":0,"gold_gain":0,"player_choice":"Fight","damage_taken":0,"max_hp_gain":0,"max_hp_loss":0,"event_name":"MindBloom","floor":38,"gold_loss":0},{"cards_removed":["Defend_R"],"damage_healed":0,"gold_gain":0,"player_choice":"Removed Skill","damage_taken":0,"max_hp_gain":0,"max_hp_loss":0,"event_name":"Falling","floor":39,"gold_loss":0},{"damage_healed":0,"gold_gain":0,"player_choice":"Memory 1","damage_taken":0,"max_hp_gain":0,"max_hp_loss":0,"event_name":"SensoryStone","floor":45,"gold_loss":0}],"is_beta":false,"boss_relics":[{"not_picked":["Tiny House","Mark of Pain"],"picked":"Philosopher\u0027s Stone"},{"not_picked":["White Beast Statue","Runic Cube"],"picked":"Runic Dome"}],"items_purged_floors":[20,28],"is_endless":false,"potions_floor_spawned":[1,5,6,10,16,22,24,25,33,35,37,46,47,48],"killed_by":"The Heart","ascension_level":0}