{"gold_per_floor":[112,124,143,68,68,68,78,78,78,112,122,150,168,187,187,260,260,272,272,245,45,55,55,80,80,80,80],"floor_reached":27,"playtime":1129,"items_purged":["Parasite"],"score":466,"play_id":"ddb24e98-4ffe-4fc6-8e24-9112e4a94731","local_time":"20190819123130","is_ascension_mode":true,"campfire_choices":[{"data":"Self Repair","floor":6,"key":"SMITH"},{"data":"Loop","floor":8,"key":"SMITH"},{"data":"Biased Cognition","floor":15,"key":"SMITH"},{"floor":23,"key":"REST"}],"neow_cost":"NONE","seed_source_timestamp":458370464367100,"circlet_count":0,"master_deck":["AscendersBane","Strike_B","Strike_B","Defend_B","Defend_B","Defend_B","Defend_B","Zap+1","Dualcast","Self Repair+1","FTL","Coolheaded","Loop+1","Stack","Biased Cognition+1","Compile Driver","Gash","Barrage","Rainbow","Shame","Leap","Injury","Glacier","Capacitor","Capacitor","BootSequence","Cold Snap+1","Gash+1","Hologram","RitualDagger+1"],"relics":["Cracked Core","The Courier","Gambling Chip","Orichalcum","Calling Bell","Regal Pillow","Molten Egg 2","Ice Cream","Boot","Cables"],"potions_floor_usage":[3,16,18,22,27],"damage_taken":[{"damage":7,"enemies":"Jaw Worm","floor":1,"turns":2},{"damage":0,"enemies":"Small Slimes","floor":2,"turns":2},{"damage":0,"enemies":"Cultist","floor":3,"turns":3},{"damage":6,"enemies":"Blue Slaver","floor":7,"turns":3},{"damage":31,"enemies":"3 Sentries","floor":10,"turns":10},{"damage":10,"enemies":"Exordium Wildlife","floor":11,"turns":4},{"damage":5,"enemies":"Lagavulin","floor":12,"turns":8},{"damage":0,"enemies":"2 Fungi Beasts","floor":13,"turns":2},{"damage":1,"enemies":"Blue Slaver","floor":14,"turns":3},{"damage":39,"enemies":"Slime Boss","floor":16,"turns":9},{"damage":29,"enemies":"Shell Parasite","floor":18,"turns":4},{"damage":24,"enemies":"2 Thieves","floor":20,"turns":5},{"damage":21,"enemies":"Snake Plant","floor":22,"turns":6},{"damage":40,"enemies":"Slavers","floor":24,"turns":5},{"damage":12,"enemies":"3 Cultists","floor":27,"turns":4}],"seed_played":"6636948129488265049","potions_obtained":[{"floor":1,"key":"Poison Potion"},{"floor":3,"key":"Fruit Juice"},{"floor":5,"key":"LiquidBronze"},{"floor":11,"key":"Fire Potion"},{"floor":16,"key":"FearPotion"},{"floor":20,"key":"Swift Potion"},{"floor":24,"key":"GamblersBrew"}],"is_trial":false,"path_per_floor":["M","M","M","?","?","R","M","R","T","E","M","E","M","M","R","B",null,"M","?","M","$","M","R","E","?","T","M"],"character_chosen":"DEFECT","items_purchased":["Capacitor","BootSequence","Cold Snap+1"],"campfire_rested":1,"item_purchase_floors":[21,21,21],"current_hp_per_floor":[57,57,69,69,69,69,73,73,73,52,52,57,57,66,66,37,66,47,47,33,33,22,58,18,12,12,0],"gold":80,"neow_bonus":"UPGRADE_CARD","is_prod":false,"is_daily":false,"chose_seed":false,"campfire_upgraded":3,"win_rate":0,"timestamp":1566210690,"path_taken":["M","M","M","?","?","R","M","R","T","E","M","E","M","M","R","BOSS","M","?","M","$","M","R","E","?","T","M"],"build_version":"2019-07-17","purchased_purges":1,"victory":false,"max_hp_per_floor":[71,71,76,76,76,76,76,76,76,76,76,76,76,76,76,76,76,76,76,76,73,73,73,73,73,73,73],"card_choices":[{"not_picked":["Skim","Capacitor"],"picked":"Self Repair","floor":1},{"not_picked":["Rebound","Turbo"],"picked":"FTL","floor":2},{"not_picked":["Darkness","Barrage"],"picked":"Coolheaded","floor":3},{"not_picked":["Lockon","Sweeping Beam"],"picked":"Loop","floor":7},{"not_picked":["Rebound","Coolheaded"],"picked":"Stack","floor":10},{"not_picked":["Go for the Eyes","Streamline"],"picked":"Biased Cognition","floor":11},{"not_picked":["Blizzard","Hologram"],"picked":"Compile Driver","floor":12},{"not_picked":["Barrage","Hologram"],"picked":"Gash","floor":13},{"not_picked":["Aggregate","Double Energy"],"picked":"Barrage","floor":14},{"not_picked":["Biased Cognition","Meteor Strike"],"picked":"Rainbow","floor":16},{"not_picked":["Stack","Ball Lightning+1"],"picked":"Leap","floor":18},{"not_picked":["Genetic Algorithm","Hologram"],"picked":"Capacitor","floor":20},{"not_picked":["Sweeping Beam+1","Capacitor"],"picked":"Gash+1","floor":22},{"not_picked":["Cold Snap+1","Heatsinks"],"picked":"Hologram","floor":24}],"player_experience":1930145,"relics_obtained":[{"floor":9,"key":"The Courier"},{"floor":10,"key":"Gambling Chip"},{"floor":12,"key":"Orichalcum"},{"floor":17,"key":"Regal Pillow"},{"floor":17,"key":"Molten Egg 2"},{"floor":17,"key":"Ice Cream"},{"floor":24,"key":"Boot"},{"floor":26,"key":"Cables"}],"event_choices":[{"cards_removed":["Strike_B"],"damage_healed":0,"gold_gain":0,"player_choice":"Card Removal","damage_taken":0,"max_hp_gain":0,"max_hp_loss":0,"event_name":"The Cleric","floor":4,"gold_loss":75},{"damage_healed":0,"gold_gain":0,"player_choice":"Got Potions","damage_taken":0,"max_hp_gain":0,"max_hp_loss":0,"event_name":"Lab","floor":5,"gold_loss":0},{"damage_healed":0,"gold_gain":0,"cards_transformed":["Pain","Strike_B"],"player_choice":"Became Test Subject","damage_taken":0,"max_hp_gain":0,"max_hp_loss":0,"event_name":"Drug Dealer","floor":19,"gold_loss":0,"cards_obtained":["Injury","Glacier"]},{"damage_healed":0,"gold_gain":0,"player_choice":"Joined the Cult","damage_taken":6,"max_hp_gain":0,"max_hp_loss":0,"event_name":"Nest","floor":25,"gold_loss":0,"cards_obtained":["RitualDagger"]}],"is_beta":false,"boss_relics":[{"not_picked":["White Beast Statue","Ectoplasm"],"picked":"Calling Bell"}],"items_purged_floors":[21],"is_endless":false,"potions_floor_spawned":[1,3,7,11,16,20,24],"killed_by":"3 Cultists","ascension_level":18}