{"gold_per_floor":[210,224,244,129,148,181,181,38,38,66,66,83,93,93,93,188,188],"floor_reached":17,"playtime":712,"items_purged":[],"score":167,"play_id":"46420700-90f0-4d45-b335-1451d397bad1","local_time":"20191004191709","is_ascension_mode":false,"campfire_choices":[{"data":"Shockwave","floor":7,"key":"SMITH"},{"data":"Whirlwind","floor":11,"key":"SMITH"},{"data":"Bash","floor":15,"key":"SMITH"}],"neow_cost":"NONE","seed_source_timestamp":2023849473775789,"circlet_count":0,"master_deck":["Strike_R","Strike_R","Strike_R","Strike_R+1","Strike_R","Defend_R","Defend_R","Defend_R","Defend_R","Bash+1","Wild Strike","Shrug It Off","Cleave","Shockwave+1","Carnage+1","Shrug It Off","Reaper","Whirlwind+1","Headbutt","Carnage","Feed"],"relics":["Burning Blood","Dodecahedron","Question Card","Dream Catcher","Mark of Pain"],"potions_floor_usage":[16,16],"damage_taken":[{"damage":1,"enemies":"2 Louse","floor":1,"turns":4},{"damage":1,"enemies":"Jaw Worm","floor":2,"turns":3},{"damage":0,"enemies":"Cultist","floor":3,"turns":3},{"damage":3,"enemies":"3 Louse","floor":5,"turns":3},{"damage":18,"enemies":"3 Sentries","floor":6,"turns":6},{"damage":27,"enemies":"Lagavulin","floor":10,"turns":7},{"damage":15,"enemies":"Exordium Thugs","floor":12,"turns":5},{"damage":13,"enemies":"Blue Slaver","floor":13,"turns":5},{"damage":4,"enemies":"Slime Boss","floor":16,"turns":7}],"seed_played":"-7266583618476297672","potions_obtained":[{"floor":2,"key":"FearPotion"},{"floor":3,"key":"Block Potion"},{"floor":12,"key":"Block Potion"},{"floor":16,"key":"Strength Potion"}],"is_trial":false,"path_per_floor":["M","M","M","$","M","E","R","$","T","E","R","M","M","?","R","B",null],"character_chosen":"IRONCLAD","items_purchased":["Shockwave","Carnage","Reaper"],"campfire_rested":0,"item_purchase_floors":[4,4,8],"current_hp_per_floor":[80,80,80,80,80,68,68,68,68,47,47,38,37,21,21,23,80],"gold":188,"neow_bonus":"HUNDRED_GOLD","is_prod":false,"is_daily":false,"chose_seed":false,"campfire_upgraded":3,"win_rate":0,"timestamp":1570231029,"path_taken":["M","M","M","$","M","E","R","$","T","E","R","M","M","?","R","BOSS"],"build_version":"2019-10-04","purchased_purges":0,"victory":false,"max_hp_per_floor":[80,80,80,80,80,80,80,80,80,80,80,80,80,80,80,80,80],"card_choices":[{"not_picked":["Havoc","Seeing Red"],"picked":"Wild Strike","floor":1},{"not_picked":["Infernal Blade","Warcry"],"picked":"Shrug It Off","floor":2},{"not_picked":["Entrench","Clash"],"picked":"Cleave","floor":3},{"not_picked":["Armaments","Fire Breathing","Entrench"],"picked":"SKIP","floor":5},{"not_picked":["Fire Breathing","Barricade"],"picked":"Shrug It Off","floor":6},{"not_picked":["Perfected Strike","Rupture","Cleave"],"picked":"Whirlwind","floor":10},{"not_picked":["Perfected Strike","Rampage","Shockwave"],"picked":"Headbutt","floor":12},{"not_picked":["Sword Boomerang","Pommel Strike","Body Slam"],"picked":"Carnage","floor":13},{"not_picked":["Juggernaut","Exhume","Bludgeon"],"picked":"Feed","floor":16}],"player_experience":467987,"relics_obtained":[{"floor":6,"key":"Dodecahedron"},{"floor":9,"key":"Question Card"},{"floor":10,"key":"Dream Catcher"}],"event_choices":[{"damage_healed":0,"gold_gain":0,"player_choice":"Entered Light","damage_taken":16,"max_hp_gain":0,"max_hp_loss":0,"event_name":"Shining Light","floor":14,"gold_loss":0,"cards_upgraded":["Carnage","Strike_R"]}],"is_beta":true,"boss_relics":[{"not_picked":["Black Blood","Runic Dome"],"picked":"Mark of Pain"}],"items_purged_floors":[],"is_endless":false,"potions_floor_spawned":[2,3,12,16],"ascension_level":0}