{"gold_per_floor":[109,121,121,121,121,147,147,175,198,209,209,209,209,241,241,241],"floor_reached":16,"playtime":558,"items_purged":[],"score":191,"play_id":"0163c2dc-405f-4fcd-a017-1a3014800aab","local_time":"20181103213555","is_ascension_mode":true,"campfire_choices":[{"data":"Neutralize","floor":7,"key":"SMITH"},{"floor":11,"key":"REST"},{"data":"Riddle With Holes","floor":13,"key":"SMITH"},{"data":"Backstab","floor":15,"key":"SMITH"}],"neow_cost":"NONE","seed_source_timestamp":565057809646599,"circlet_count":0,"master_deck":["AscendersBane","Defend_G","Defend_G","Defend_G","Defend_G","Defend_G","Strike_G","Strike_G","Strike_G","Strike_G","Strike_G","Survivor","Neutralize+1","Poisoned Stab","Dodge and Roll","Riddle With Holes+1","Backstab+1","Deflect"],"relics":["Sozu","Bronze Scales","Question Card","Orichalcum","Pen Nib","Tingsha"],"potions_floor_usage":[],"damage_taken":[{"damage":2,"enemies":"2 Louse","floor":1,"turns":3},{"damage":0,"enemies":"Jaw Worm","floor":2,"turns":4},{"damage":24,"enemies":"3 Sentries","floor":6,"turns":10},{"damage":15,"enemies":"Lagavulin","floor":8,"turns":7},{"damage":0,"enemies":"Small Slimes","floor":10,"turns":2},{"damage":7,"enemies":"3 Sentries","floor":14,"turns":7},{"damage":28,"enemies":"Slime Boss","floor":16,"turns":6}],"seed_played":"-3263249923127572946","potions_obtained":[],"is_trial":false,"path_per_floor":["M","M","?","?","?","E","R","E","T","M","R","?","R","E","R","B"],"character_chosen":"THE_SILENT","items_purchased":[],"campfire_rested":1,"item_purchase_floors":[],"current_hp_per_floor":[61,61,43,43,48,24,24,9,9,9,31,31,31,24,24,0],"gold":241,"neow_bonus":"BOSS_RELIC","is_prod":false,"is_daily":false,"chose_seed":false,"campfire_upgraded":3,"win_rate":0,"timestamp":1541280955,"path_taken":["M","M","?","?","?","E","R","E","T","M","R","?","R","E","R","BOSS"],"build_version":"2018-11-01","purchased_purges":0,"victory":false,"max_hp_per_floor":[70,70,70,70,75,75,75,75,75,75,75,75,75,75,75,75],"card_choices":[{"not_picked":["Tactician","Masterful Stab"],"picked":"Poisoned Stab","floor":1},{"not_picked":["Sucker Punch","Outmaneuver"],"picked":"Dodge and Roll","floor":2},{"not_picked":["Reflex","Flying Knee"],"picked":"Riddle With Holes","floor":6},{"not_picked":["Blade Dance","Deadly Poison","Concentrate"],"picked":"Backstab","floor":8},{"not_picked":["Prepared","Underhanded Strike","Flying Knee"],"picked":"Deflect","floor":10},{"not_picked":["Eviscerate","Slice","Sucker Punch","Underhanded Strike"],"picked":"SKIP","floor":14}],"player_experience":966470,"relics_obtained":[{"floor":6,"key":"Question Card"},{"floor":8,"key":"Orichalcum"},{"floor":9,"key":"Pen Nib"},{"floor":14,"key":"Tingsha"}],"event_choices":[{"damage_healed":0,"gold_gain":0,"player_choice":"Success","damage_taken":18,"relics_obtained":["Bronze Scales"],"max_hp_gain":0,"max_hp_loss":0,"event_name":"Scrap Ooze","floor":3,"gold_loss":0},{"damage_healed":0,"gold_gain":0,"player_choice":"Ignored","damage_taken":0,"max_hp_gain":0,"max_hp_loss":0,"event_name":"Golden Wing","floor":4,"gold_loss":0},{"damage_healed":0,"gold_gain":0,"player_choice":"Donut","damage_taken":0,"max_hp_gain":5,"max_hp_loss":0,"event_name":"Big Fish","floor":5,"gold_loss":0},{"damage_healed":0,"gold_gain":0,"player_choice":"Got Potions","damage_taken":0,"max_hp_gain":0,"max_hp_loss":0,"event_name":"Lab","floor":12,"gold_loss":0}],"is_beta":false,"boss_relics":[],"items_purged_floors":[],"is_endless":false,"potions_floor_spawned":[2,6,8],"killed_by":"Slime Boss","ascension_level":13}