{"gold_per_floor":[118,118,118,118,118,145,175,191,191,191,207,225,225,225,225,304,304,314,328,328],"floor_reached":20,"playtime":577,"items_purged":[],"score":429,"play_id":"efb4eea7-75b6-4d50-96bc-e14814cbf391","local_time":"20190731173250","is_ascension_mode":true,"campfire_choices":[{"floor":10,"key":"REST"},{"data":"Zap","floor":13,"key":"SMITH"},{"floor":15,"key":"REST"}],"neow_cost":"NONE","seed_source_timestamp":177986078220800,"circlet_count":0,"master_deck":["AscendersBane","Strike_B+1","Strike_B+1","Strike_B+1","Defend_B","Defend_B","Zap+1","Dualcast","Sweeping Beam+1","Auto Shields","Hologram","Coolheaded","Undo","Loop","Echo Form","BootSequence+1","Leap"],"relics":["Cracked Core","NeowsBlessing","WingedGreaves","DataDisk","Matryoshka","Whetstone","Nunchaku","Empty Cage"],"potions_floor_usage":[12,16,20],"damage_taken":[{"damage":0,"enemies":"2 Louse","floor":1,"turns":1},{"damage":0,"enemies":"Gremlin Nob","floor":6,"turns":1},{"damage":0,"enemies":"Lagavulin","floor":7,"turns":1},{"damage":8,"enemies":"Small Slimes","floor":8,"turns":4},{"damage":2,"enemies":"Jaw Worm","floor":11,"turns":4},{"damage":1,"enemies":"Exordium Wildlife","floor":12,"turns":3},{"damage":20,"enemies":"Slime Boss","floor":16,"turns":8},{"damage":0,"enemies":"Spheric Guardian","floor":18,"turns":6},{"damage":20,"enemies":"2 Thieves","floor":19,"turns":3},{"damage":46,"enemies":"3 Cultists","floor":20,"turns":3}],"seed_played":"6400987678462434518","potions_obtained":[{"floor":8,"key":"Poison Potion"},{"floor":11,"key":"FocusPotion"},{"floor":16,"key":"FocusPotion"},{"floor":19,"key":"FocusPotion"}],"is_trial":false,"path_per_floor":["M","$","?","?","?","E","E","M","T","R","M","M","R","?","R","B",null,"M","M","M"],"character_chosen":"DEFECT","items_purchased":[],"campfire_rested":2,"item_purchase_floors":[],"current_hp_per_floor":[64,64,57,36,10,10,10,2,2,23,21,20,20,20,41,21,59,59,39,0],"gold":328,"neow_bonus":"THREE_ENEMY_KILL","is_prod":false,"is_daily":false,"chose_seed":false,"campfire_upgraded":1,"win_rate":0,"timestamp":1564587170,"path_taken":["M","$","?","?","?","E","E","M","T","R","?","M","R","?","R","BOSS","M","M","M"],"build_version":"2019-07-17","purchased_purges":0,"victory":false,"max_hp_per_floor":[71,71,71,71,71,71,71,71,71,71,71,71,71,71,71,71,71,71,71,71],"card_choices":[{"not_picked":["Rebound","Turbo"],"picked":"Sweeping Beam","floor":1},{"not_picked":["Turbo","Coolheaded"],"picked":"Auto Shields","floor":6},{"not_picked":["Streamline","Compile Driver"],"picked":"Hologram","floor":7},{"not_picked":["Scrape","Aggregate"],"picked":"Coolheaded","floor":8},{"not_picked":["Hologram","Compile Driver"],"picked":"Undo","floor":11},{"not_picked":["Streamline","Coolheaded"],"picked":"Loop","floor":12},{"not_picked":["Thunder Strike","Core Surge"],"picked":"Echo Form","floor":16},{"not_picked":["White Noise","Hologram"],"picked":"BootSequence+1","floor":18},{"not_picked":["Tempest","Beam Cell"],"picked":"Leap","floor":19}],"player_experience":1772029,"relics_obtained":[{"floor":6,"key":"DataDisk"},{"floor":7,"key":"Matryoshka"},{"floor":9,"key":"Whetstone"},{"floor":9,"key":"Nunchaku"}],"event_choices":[{"cards_removed":["Strike_B"],"damage_healed":0,"gold_gain":0,"player_choice":"Card Removal","damage_taken":7,"max_hp_gain":0,"max_hp_loss":0,"event_name":"Golden Wing","floor":3,"gold_loss":0},{"damage_healed":0,"gold_gain":0,"player_choice":"Entered Light","damage_taken":21,"max_hp_gain":0,"max_hp_loss":0,"event_name":"Shining Light","floor":4,"gold_loss":0,"cards_upgraded":["Strike_B","Sweeping Beam"]},{"damage_healed":0,"gold_gain":0,"player_choice":"Success","damage_taken":26,"relics_obtained":["WingedGreaves"],"max_hp_gain":0,"max_hp_loss":0,"event_name":"Scrap Ooze","floor":5,"gold_loss":0},{"damage_healed":0,"gold_gain":0,"player_choice":"Ignored","damage_taken":0,"max_hp_gain":0,"max_hp_loss":0,"event_name":"Liars Game","floor":14,"gold_loss":0}],"is_beta":false,"boss_relics":[{"not_picked":["Velvet Choker","Runic Pyramid"],"picked":"Empty Cage"}],"items_purged_floors":[],"is_endless":false,"potions_floor_spawned":[8,11,16,19],"killed_by":"3 Cultists","ascension_level":17}