{"path_per_floor":["M","$","?","M","?","R","E","M","T","?","E","?","M","M","R","B",null,"M","M","?","?","?","R"],"character_chosen":"IRONCLAD","items_purchased":[],"gold_per_floor":[115,115,115,130,130,130,155,165,221,221,246,246,258,268,268,372,372,392,402,317,317,317,317,317],"floor_reached":24,"campfire_rested":1,"playtime":1001,"current_hp_per_floor":[55,55,41,41,41,48,27,33,33,26,19,38,43,41,41,15,63,52,12,12,12,12,50,0],"items_purged":[],"gold":317,"score":286,"play_id":"7af4da62-73b2-467b-aac9-a983e3fdb9e0","local_time":"20180512153606","is_prod":false,"is_daily":false,"chose_seed":false,"is_ascension_mode":true,"campfire_upgraded":0,"timestamp":1526135766,"path_taken":["M","$","?","?","?","R","E","?","T","?","E","?","M","?","R","BOSS","M","M","?","?","?","R","E"],"build_version":"2018-05-10","seed_source_timestamp":239399761201100,"purchased_purges":0,"victory":false,"master_deck":["Strike_R+1","Strike_R+1","Strike_R+1","Strike_R+1","Defend_R+1","Defend_R+1","Defend_R+1","Bash","Rampage+1","Shockwave","Thunderclap","Evolve","Parasite","Disarm","Immolate","Spot Weakness"],"max_hp_per_floor":[72,72,72,72,72,79,79,79,79,79,79,79,79,79,79,79,79,79,79,79,79,79,79,79],"relics":["Burning Blood","Shovel","Strawberry","Lantern","Tiny Chest","Blood Vial","Regal Pillow","Runic Cube","Question Card"],"card_choices":[{"not_picked":["Corruption","Burning Pact"],"picked":"Rampage","floor":1},{"not_picked":["Havoc","Perfected Strike"],"picked":"Shockwave","floor":4},{"not_picked":["Pommel Strike","Brutality"],"picked":"Thunderclap","floor":7},{"not_picked":["True Grit","Carnage"],"picked":"Evolve","floor":8},{"not_picked":["Dual Wield","Heavy Blade"],"picked":"Disarm","floor":14},{"not_picked":["Demon Form","Brutality"],"picked":"Immolate","floor":16},{"not_picked":["Entrench","Flex"],"picked":"Spot Weakness","floor":19}],"player_experience":287186,"potions_floor_usage":[7,16,16,18,24],"damage_taken":[{"damage":23,"enemies":"Jaw Worm","floor":1,"turns":4},{"damage":6,"enemies":"Small Slimes","floor":4,"turns":3},{"damage":27,"enemies":"Lagavulin","floor":7,"turns":5},{"damage":0,"enemies":"Cultist","floor":8,"turns":3},{"damage":13,"enemies":"3 Sentries","floor":11,"turns":5},{"damage":3,"enemies":"Looter","floor":13,"turns":3},{"damage":10,"enemies":"Red Slaver","floor":14,"turns":3},{"damage":34,"enemies":"The Guardian","floor":16,"turns":14},{"damage":21,"enemies":"3 Byrds","floor":18,"turns":3},{"damage":48,"enemies":"Shell Parasite","floor":19,"turns":8},{"damage":60,"enemies":"Slavers","floor":24,"turns":3}],"event_choices":[{"event_name":"Shining Light","player_choice":"Entered Light","floor":3,"damage_taken":0},{"event_name":"Purifier","player_choice":"One Purge","floor":5,"damage_taken":0},{"event_name":"Golden Wing","player_choice":"Card Removal","floor":10,"damage_taken":0},{"event_name":"Mushrooms","player_choice":"Healed and dodged fight","floor":12,"damage_taken":0},{"event_name":"Addict","player_choice":"Obtained Relic","floor":20,"damage_taken":0},{"event_name":"Cursed Tome","player_choice":"Ignored","floor":21,"damage_taken":0},{"event_name":"Back to Basics","player_choice":"Simplicity","floor":22,"damage_taken":0}],"boss_relics":[{"not_picked":["Snecko Eye","Astrolabe"],"picked":"Runic Cube"}],"potions_floor_spawned":[1,8,14,16,19],"seed_played":"-1737129548299437624","killed_by":"Slavers","ascension_level":8,"is_trial":false}