{"gold_per_floor":[116,127,46,58,78,111,111,138,162,162,0,0],"floor_reached":12,"playtime":491,"items_purged":[],"score":176,"play_id":"7bba5400-ae96-4460-add2-8127942fec07","local_time":"20190620200403","is_ascension_mode":true,"campfire_choices":[{"data":"Carnage","floor":7,"key":"SMITH"}],"neow_cost":"NONE","seed_source_timestamp":316761892394282,"circlet_count":0,"master_deck":["AscendersBane","Strike_R","Strike_R","Strike_R","Strike_R","Strike_R","Defend_R","Defend_R","Defend_R","Defend_R+1","Bash","Cleave","Shrug It Off+1","Feed","Twin Strike","Carnage+1","Fiend Fire","Shrug It Off"],"relics":["Burning Blood","Bronze Scales","Dream Catcher","Art of War","Vajra","War Paint"],"potions_floor_usage":[6,6],"damage_taken":[{"damage":7,"enemies":"Cultist","floor":1,"turns":4},{"damage":11,"enemies":"Jaw Worm","floor":2,"turns":4},{"damage":6,"enemies":"2 Louse","floor":4,"turns":2},{"damage":32,"enemies":"Exordium Wildlife","floor":5,"turns":5},{"damage":35,"enemies":"3 Sentries","floor":6,"turns":7},{"damage":27,"enemies":"Lagavulin","floor":8,"turns":6},{"damage":17,"enemies":"3 Sentries","floor":12,"turns":4}],"seed_played":"8061731537927817990","potions_obtained":[{"floor":2,"key":"Fire Potion"},{"floor":5,"key":"Regen Potion"}],"is_trial":false,"path_per_floor":["M","M","$","M","M","E","R","E","T","?","$","E"],"character_chosen":"IRONCLAD","items_purchased":["Feed","War Paint"],"campfire_rested":0,"item_purchase_floors":[3,11],"current_hp_per_floor":[67,62,62,62,39,28,28,10,10,10,10,0],"gold":0,"neow_bonus":"RANDOM_COMMON_RELIC","is_prod":false,"is_daily":false,"chose_seed":false,"campfire_upgraded":1,"win_rate":0,"timestamp":1561057443,"path_taken":["M","M","$","M","?","E","R","E","T","?","$","E"],"build_version":"2019-01-23","purchased_purges":0,"victory":false,"max_hp_per_floor":[75,75,75,75,78,81,81,84,84,84,84,84],"card_choices":[{"not_picked":["True Grit","Havoc"],"picked":"Cleave","floor":1},{"not_picked":["Iron Wave","Burning Pact"],"picked":"Shrug It Off","floor":2},{"not_picked":["Wild Strike","Shrug It Off"],"picked":"Twin Strike","floor":4},{"not_picked":["Heavy Blade","Armaments"],"picked":"Carnage","floor":5},{"not_picked":["Armaments","Headbutt"],"picked":"Fiend Fire","floor":6},{"not_picked":["Ghostly Armor","Twin Strike"],"picked":"Shrug It Off","floor":8}],"player_experience":1096259,"relics_obtained":[{"floor":6,"key":"Dream Catcher"},{"floor":8,"key":"Art of War"},{"floor":9,"key":"Vajra"}],"event_choices":[{"damage_healed":0,"gold_gain":0,"player_choice":"Ignored","damage_taken":0,"max_hp_gain":0,"max_hp_loss":0,"event_name":"Shining Light","floor":10,"gold_loss":0}],"is_beta":false,"boss_relics":[],"items_purged_floors":[],"is_endless":false,"potions_floor_spawned":[2,5],"killed_by":"3 Sentries","ascension_level":20}