{"gold_per_floor":[16,16,26,26,46,46,78,92,92,92,17,17,67,86,86,86],"floor_reached":16,"playtime":525,"items_purged":["Strike_R"],"score":190,"play_id":"ec7ea133-4018-4ff9-838e-0d48a9cc3d22","local_time":"20190808215537","is_ascension_mode":true,"campfire_choices":[{"data":"True Grit","floor":6,"key":"SMITH"},{"data":"Flex","floor":12,"key":"SMITH"},{"data":"Body Slam","floor":15,"key":"SMITH"}],"neow_cost":"NO_GOLD","seed_source_timestamp":536374451544999,"circlet_count":0,"master_deck":["AscendersBane","Strike_R","Strike_R","Strike_R","Defend_R","Defend_R","Defend_R","Defend_R","Bash+1","Headbutt","True Grit+1","Flame Barrier","Pommel Strike","Flex+1","Body Slam+1"],"relics":["Burning Blood","Peace Pipe","Blood Vial","Dodecahedron"],"potions_floor_usage":[7,14,16],"damage_taken":[{"damage":11,"enemies":"Jaw Worm","floor":1,"turns":4},{"damage":2,"enemies":"2 Louse","floor":3,"turns":3},{"damage":10,"enemies":"Small Slimes","floor":5,"turns":3},{"damage":29,"enemies":"3 Sentries","floor":7,"turns":14},{"damage":5,"enemies":"Red Slaver","floor":8,"turns":4},{"damage":7,"enemies":"3 Louse","floor":14,"turns":4},{"damage":48,"enemies":"Slime Boss","floor":16,"turns":9}],"seed_played":"-6315014071924278488","potions_obtained":[{"floor":1,"key":"SkillPotion"},{"floor":5,"key":"SteroidPotion"},{"floor":8,"key":"SteroidPotion"}],"is_trial":false,"path_per_floor":["M","?","M","?","M","R","E","M","T","?","$","R","?","M","R","B"],"character_chosen":"IRONCLAD","items_purchased":[],"campfire_rested":0,"item_purchase_floors":[],"current_hp_per_floor":[63,63,67,60,56,56,33,36,36,41,41,41,41,42,42,0],"gold":86,"neow_bonus":"ONE_RARE_RELIC","is_prod":false,"is_daily":false,"chose_seed":false,"campfire_upgraded":3,"win_rate":0,"timestamp":1565294137,"path_taken":["M","?","M","?","M","R","E","M","T","?","$","R","?","M","R","BOSS"],"build_version":"2019-07-17","purchased_purges":1,"victory":false,"max_hp_per_floor":[75,75,75,75,75,75,75,75,75,80,80,80,80,80,80,80],"card_choices":[{"not_picked":["Evolve","Second Wind"],"picked":"Headbutt","floor":1},{"not_picked":["Sever Soul","Clash"],"picked":"True Grit","floor":3},{"not_picked":["Dual Wield","Pommel Strike"],"picked":"Flame Barrier","floor":5},{"not_picked":["Reckless Charge","Rupture"],"picked":"Pommel Strike","floor":7},{"not_picked":["Shrug It Off","Cleave"],"picked":"Flex","floor":8},{"not_picked":["Heavy Blade","Sever Soul"],"picked":"Body Slam","floor":14}],"player_experience":1839714,"relics_obtained":[{"floor":7,"key":"Blood Vial"},{"floor":9,"key":"Dodecahedron"}],"event_choices":[{"damage_healed":0,"gold_gain":0,"player_choice":"Grow","damage_taken":0,"max_hp_gain":0,"max_hp_loss":0,"event_name":"Living Wall","floor":2,"gold_loss":0,"cards_upgraded":["Bash"]},{"cards_removed":["Strike_R"],"damage_healed":0,"gold_gain":0,"player_choice":"Card Removal","damage_taken":7,"max_hp_gain":0,"max_hp_loss":0,"event_name":"Golden Wing","floor":4,"gold_loss":0},{"damage_healed":0,"gold_gain":0,"player_choice":"Donut","damage_taken":0,"max_hp_gain":5,"max_hp_loss":0,"event_name":"Big Fish","floor":10,"gold_loss":0},{"damage_healed":0,"gold_gain":50,"player_choice":"Pray","damage_taken":0,"max_hp_gain":0,"max_hp_loss":0,"event_name":"Golden Shrine","floor":13,"gold_loss":0}],"is_beta":false,"boss_relics":[],"items_purged_floors":[11],"is_endless":false,"potions_floor_spawned":[1,5,8],"killed_by":"Slime Boss","ascension_level":18}