{"gold_per_floor":[17,17,29,29,29,29,60,72,95,125,144,198,198,213,213,286,286,302,316,335,349,349,380,380,380,380,394,20,20,35,64,64,143,143,153,53,0,47,64,81,91,91,116,116,141,141,141,151,151,151,151],"floor_reached":51,"playtime":2744,"items_purged":["Writhe","Strike_R"],"score":1429,"play_id":"7c76d753-500e-4d58-b489-8f70711a5281","local_time":"20190222123959","is_ascension_mode":true,"campfire_choices":[{"data":"Anger","floor":6.0,"key":"SMITH"},{"data":"Carnage","floor":13.0,"key":"SMITH"},{"data":"True Grit","floor":15.0,"key":"SMITH"},{"floor":24.0,"key":"REST"},{"floor":29.0,"key":"REST"},{"floor":32.0,"key":"RECALL"},{"floor":42.0,"key":"REST"},{"floor":44.0,"key":"REST"},{"floor":46.0,"key":"REST"},{"floor":49.0,"key":"REST"}],"neow_cost":"NO_GOLD","seed_source_timestamp":517187101954867,"circlet_count":0,"master_deck":["AscendersBane","Strike_R","Strike_R","Defend_R","Defend_R","Defend_R","Defend_R","Bash+1","Rage","Impervious","Anger+1","True Grit+1","Shockwave","Power Through","Carnage+1","Ghostly Armor","Iron Wave","Juggernaut","Disarm","Feel No Pain","Clothesline+1","Shrug It Off","RitualDagger","Shrug It Off","Shockwave","Uppercut+1","Dropkick+1","Panacea","Fire Breathing","Metallicize","Feed+1","Immolate+1","Body Slam+1","True Grit+1","Armaments","Barricade","Shrug It Off","Battle Trance+1","Madness","Madness"],"special_seed":0,"relics":["Black Blood","Anchor","Red Skull","Pantograph","Ancient Tea Set","Fusion Hammer","Meat on the Bone","Orichalcum","Molten Egg 2","Darkstone Periapt","Red Mask","Gambling Chip","Lantern"],"potions_floor_usage":[],"damage_taken":[{"damage":4.0,"enemies":"2 Louse","floor":1.0,"turns":4.0},{"damage":7.0,"enemies":"Small Slimes","floor":3.0,"turns":3.0},{"damage":55.0,"enemies":"3 Sentries","floor":7.0,"turns":13.0},{"damage":2.0,"enemies":"Cultist","floor":8.0,"turns":4.0},{"damage":19.0,"enemies":"Lagavulin","floor":10.0,"turns":6.0},{"damage":0.0,"enemies":"Exordium Wildlife","floor":11.0,"turns":4.0},{"damage":0.0,"enemies":"Red Slaver","floor":14.0,"turns":2.0},{"damage":35.0,"enemies":"The Guardian","floor":16.0,"turns":10.0},{"damage":17.0,"enemies":"Chosen","floor":18.0,"turns":6.0},{"damage":0.0,"enemies":"3 Byrds","floor":19.0,"turns":7.0},{"damage":22.0,"enemies":"Shelled Parasite and Fungi","floor":20.0,"turns":6.0},{"damage":6.0,"enemies":"Snecko","floor":21.0,"turns":6.0},{"damage":52.0,"enemies":"Gremlin Leader","floor":23.0,"turns":11.0},{"damage":0.0,"enemies":"Chosen and Byrds","floor":27.0,"turns":6.0},{"damage":5.0,"enemies":"Snake Plant","floor":30.0,"turns":7.0},{"damage":26.0,"enemies":"Slavers","floor":31.0,"turns":5.0},{"damage":42.0,"enemies":"Collector","floor":33.0,"turns":13.0},{"damage":0.0,"enemies":"3 Shapes","floor":35.0,"turns":4.0},{"damage":37.0,"enemies":"2 Orb Walkers","floor":38.0,"turns":6.0},{"damage":22.0,"enemies":"3 Darklings","floor":39.0,"turns":4.0},{"damage":20.0,"enemies":"4 Shapes","floor":40.0,"turns":3.0},{"damage":26.0,"enemies":"Jaw Worm Horde","floor":41.0,"turns":6.0},{"damage":21.0,"enemies":"Nemesis","floor":45.0,"turns":9.0},{"damage":13.0,"enemies":"3 Darklings","floor":48.0,"turns":10.0},{"damage":51.0,"enemies":"Awakened One","floor":50.0,"turns":16.0},{"damage":89,"enemies":"Time Eater","floor":51,"turns":7}],"seed_played":"-5991371082597830463","potions_obtained":[{"floor":7.0,"key":"SteroidPotion"},{"floor":8.0,"key":"LiquidBronze"},{"floor":10.0,"key":"Dexterity Potion"},{"floor":20.0,"key":"Regen Potion"},{"floor":21.0,"key":"LiquidBronze"},{"floor":23.0,"key":"PowerPotion"},{"floor":40.0,"key":"GamblersBrew"},{"floor":41.0,"key":"Dexterity Potion"}],"is_trial":false,"path_per_floor":["M","?","M","?","?","R","E","M","T","E","M","T","R","M","R","B",null,"M","M","M","M","?","E","R","?","T","M","$","R","M","E","R","B",null,"M","$","?","?","M","M","M","R","T","R","E","R","?","M","R","B","B"],"character_chosen":"IRONCLAD","items_purchased":["Uppercut+1","Dropkick+1","Panacea","Fire Breathing"],"campfire_rested":6,"item_purchase_floors":[28,28,28,28],"current_hp_per_floor":[70,75,74,74,74,74,25,29,29,16,22,22,22,28,28,24,66,55,61,45,59,53,7,31,31,31,49,49,73,74,54,54,55,74,84,84,84,57,57,59,55,80,80,84,73,84,69,70,88,63,0],"gold":151,"neow_bonus":"TRANSFORM_TWO_CARDS","is_prod":false,"is_daily":false,"chose_seed":false,"campfire_upgraded":3,"win_rate":0,"timestamp":1550835599,"path_taken":["M","?","M","?","?","R","E","?","T","E","M","?","R","?","R","BOSS","M","?","M","M","?","E","R","?","T","M","?","R","?","E","R","BOSS","M","$","?","?","M","M","M","R","T","R","E","R","?","M","R","BOSS","BOSS"],"build_version":"2019-01-23","purchased_purges":2,"victory":false,"max_hp_per_floor":[75,80,80,80,80,80,80,80,80,80,80,80,80,80,80,80,80,80,80,80,80,80,80,80,80,80,80,80,80,80,80,80,80,80,84,84,84,84,84,84,84,84,84,84,84,84,84,88,88,92,92],"card_choices":[{"not_picked":["Armaments","Thunderclap"],"picked":"Anger","floor":1.0},{"not_picked":["Heavy Blade","Rupture"],"picked":"True Grit","floor":3.0},{"not_picked":["Pommel Strike","Sword Boomerang"],"picked":"Shockwave","floor":7.0},{"not_picked":["Entrench","Pommel Strike"],"picked":"Power Through","floor":8.0},{"not_picked":["Dark Embrace","Iron Wave"],"picked":"Carnage","floor":10.0},{"not_picked":["Thunderclap","Seeing Red"],"picked":"Ghostly Armor","floor":11.0},{"not_picked":["Havoc","Anger"],"picked":"Iron Wave","floor":14.0},{"not_picked":["Berserk","Feed"],"picked":"Juggernaut","floor":16.0},{"not_picked":["Armaments","Rampage"],"picked":"Disarm","floor":18.0},{"not_picked":["Heavy Blade","Anger"],"picked":"Feel No Pain","floor":19.0},{"not_picked":["Thunderclap","Sever Soul"],"picked":"Clothesline+1","floor":20.0},{"not_picked":["Havoc","Shockwave"],"picked":"Shrug It Off","floor":21.0},{"not_picked":["Warcry","Bludgeon"],"picked":"Shrug It Off","floor":23.0},{"not_picked":["Headbutt+1","Sword Boomerang+1"],"picked":"Shockwave","floor":27.0},{"not_picked":["Whirlwind+1","Clothesline+1"],"picked":"Metallicize","floor":30.0},{"not_picked":["Warcry","Battle Trance"],"picked":"Feed+1","floor":31.0},{"not_picked":["Berserk","Feed+1"],"picked":"Immolate+1","floor":33.0},{"not_picked":["Pommel Strike+1","Headbutt+1"],"picked":"Body Slam+1","floor":35.0},{"not_picked":["Sword Boomerang+1","Fire Breathing"],"picked":"True Grit+1","floor":38.0},{"not_picked":["Headbutt+1","Carnage+1"],"picked":"Armaments","floor":39.0},{"not_picked":["Bloodletting","Sword Boomerang+1"],"picked":"Barricade","floor":40.0},{"not_picked":["Pommel Strike+1","Flex"],"picked":"Shrug It Off","floor":41.0},{"not_picked":["Anger+1","Thunderclap+1"],"picked":"Battle Trance+1","floor":45.0},{"not_picked":["Cleave+1","Wild Strike+1","Heavy Blade+1"],"picked":"SKIP","floor":48.0}],"player_experience":657728,"relics_obtained":[{"floor":7.0,"key":"Anchor"},{"floor":9.0,"key":"Red Skull"},{"floor":10.0,"key":"Pantograph"},{"floor":12.0,"key":"Ancient Tea Set"},{"floor":23.0,"key":"Meat on the Bone"},{"floor":26.0,"key":"Molten Egg 2"},{"floor":31.0,"key":"Darkstone Periapt"},{"floor":38.0,"key":"Gambling Chip"},{"floor":45.0,"key":"Lantern"}],"event_choices":[{"damage_healed":0.0,"max_hp_gain":5.0,"max_hp_loss":0.0,"gold_gain":0.0,"event_name":"Big Fish","player_choice":"Donut","floor":2.0,"gold_loss":0.0,"damage_taken":0.0},{"damage_healed":0.0,"max_hp_gain":0.0,"max_hp_loss":0.0,"gold_gain":0.0,"event_name":"The Cleric","player_choice":"Leave","floor":4.0,"gold_loss":0.0,"damage_taken":0.0},{"damage_healed":0.0,"max_hp_gain":0.0,"max_hp_loss":0.0,"gold_gain":0.0,"event_name":"Upgrade Shrine","player_choice":"Upgraded","floor":5.0,"gold_loss":0.0,"damage_taken":0.0,"cards_upgraded":["Bash"]},{"damage_healed":0.0,"max_hp_gain":0.0,"max_hp_loss":0.0,"gold_gain":0.0,"event_name":"Nest","player_choice":"Joined the Cult","floor":22.0,"gold_loss":0.0,"damage_taken":6.0,"cards_obtained":["RitualDagger"]},{"damage_healed":0.0,"max_hp_gain":0.0,"max_hp_loss":0.0,"gold_gain":0.0,"event_name":"The Mausoleum","player_choice":"Opened","floor":25.0,"gold_loss":0.0,"damage_taken":0.0,"relics_obtained":["Orichalcum"],"cards_obtained":["Writhe"]},{"damage_healed":0.0,"max_hp_gain":0.0,"max_hp_loss":0.0,"gold_gain":0.0,"event_name":"Tomb of Lord Red Mask","player_choice":"Paid","floor":37.0,"gold_loss":53.0,"damage_taken":0.0,"relics_obtained":["Red Mask"]},{"damage_healed":0.0,"max_hp_gain":0.0,"max_hp_loss":0.0,"gold_gain":0.0,"event_name":"Mysterious Sphere","player_choice":"Fight","floor":38.0,"gold_loss":0.0,"damage_taken":0.0},{"damage_healed":0.0,"max_hp_gain":0.0,"max_hp_loss":0.0,"gold_gain":0.0,"event_name":"Winding Halls","player_choice":"Embrace Madness","floor":47.0,"gold_loss":0.0,"damage_taken":15.0,"cards_obtained":["Madness","Madness"]}],"is_beta":false,"boss_relics":[{"not_picked":["Busted Crown","Black Star"],"picked":"Fusion Hammer"},{"not_picked":["Snecko Eye","Coffee Dripper"],"picked":"Black Blood"}],"items_purged_floors":[28,36],"is_endless":false,"potions_floor_spawned":[7,8,10,20,21,23,30,40,41,48],"killed_by":"Time Eater","ascension_level":20}