{"gold_per_floor":[119,44,59,59,70,70,87,112,112,112,112,132,132,161,161,240,240,259,13,13,0],"floor_reached":21,"playtime":722,"items_purged":[],"score":355,"play_id":"8a1fedc9-5e7e-4d18-afb6-9824abf9338e","local_time":"20190821064235","is_ascension_mode":true,"campfire_choices":[{"data":"Zap","floor":6,"key":"SMITH"},{"floor":10,"key":"REST"},{"floor":15,"key":"REST"}],"neow_cost":"NONE","seed_source_timestamp":610643684350500,"circlet_count":0,"master_deck":["AscendersBane","Strike_B","Strike_B","Defend_B","Defend_B","Defend_B","Zap+1","Dualcast","Go for the Eyes","Conserve Battery","Scrape","White Noise","Cold Snap","Ball Lightning","Loop","Capacitor","Biased Cognition","Ball Lightning","Apotheosis","Redo"],"relics":["Cracked Core","Shuriken","Blue Candle","Meat on the Bone","Cursed Key"],"potions_floor_usage":[8,14,16,18],"damage_taken":[{"damage":2,"enemies":"Jaw Worm","floor":1,"turns":5},{"damage":0,"enemies":"2 Louse","floor":3,"turns":2},{"damage":1,"enemies":"Cultist","floor":5,"turns":4},{"damage":29,"enemies":"Lots of Slimes","floor":7,"turns":5},{"damage":11,"enemies":"Lagavulin","floor":8,"turns":7},{"damage":22,"enemies":"Gremlin Gang","floor":12,"turns":4},{"damage":11,"enemies":"3 Sentries","floor":14,"turns":5},{"damage":28,"enemies":"Slime Boss","floor":16,"turns":8},{"damage":28,"enemies":"Chosen","floor":18,"turns":5},{"damage":30,"enemies":"2 Thieves","floor":21,"turns":2}],"seed_played":"-2038887819695980922","potions_obtained":[{"floor":3,"key":"GamblersBrew"},{"floor":12,"key":"PowerPotion"},{"floor":14,"key":"Explosive Potion"},{"floor":16,"key":"SkillPotion"}],"is_trial":false,"path_per_floor":["M","?","M","?","M","R","M","E","T","R","$","M","?","E","R","B",null,"M","$","?","M"],"character_chosen":"DEFECT","items_purchased":["Apotheosis","Redo"],"campfire_rested":2,"item_purchase_floors":[19,19],"current_hp_per_floor":[69,69,69,69,68,68,39,28,28,51,51,29,22,11,34,18,63,47,47,25,0],"gold":0,"neow_bonus":"TEN_PERCENT_HP_BONUS","is_prod":false,"is_daily":false,"chose_seed":false,"campfire_upgraded":1,"win_rate":0,"timestamp":1566362555,"path_taken":["M","?","M","?","?","R","M","E","T","R","?","?","?","E","R","BOSS","M","$","?","M"],"build_version":"2019-07-17","purchased_purges":0,"victory":false,"max_hp_per_floor":[78,78,78,78,78,78,78,78,78,78,78,78,78,78,78,78,78,78,78,83,83],"card_choices":[{"not_picked":["Beam Cell","Redo"],"picked":"Go for the Eyes","floor":1},{"not_picked":["Streamline","Barrage"],"picked":"Conserve Battery","floor":3},{"not_picked":["Ball Lightning","Creative AI"],"picked":"White Noise","floor":5},{"not_picked":["Steam Power","Redo"],"picked":"Cold Snap","floor":7},{"not_picked":["Coolheaded","Compile Driver"],"picked":"Ball Lightning","floor":8},{"not_picked":["Beam Cell","Go for the Eyes"],"picked":"Loop","floor":12},{"not_picked":["Hello World","Conserve Battery"],"picked":"Capacitor","floor":14},{"not_picked":["Meteor Strike","Seek"],"picked":"Biased Cognition","floor":16},{"not_picked":["Capacitor","Stack"],"picked":"Ball Lightning","floor":18}],"player_experience":1931433,"relics_obtained":[{"floor":8,"key":"Shuriken"},{"floor":9,"key":"Blue Candle"},{"floor":14,"key":"Meat on the Bone"}],"event_choices":[{"cards_removed":["Strike_B"],"damage_healed":0,"gold_gain":0,"player_choice":"Card Removal","damage_taken":0,"max_hp_gain":0,"max_hp_loss":0,"event_name":"The Cleric","floor":2,"gold_loss":75},{"damage_healed":0,"gold_gain":0,"cards_transformed":["Strike_B"],"player_choice":"Transformed","damage_taken":0,"max_hp_gain":0,"max_hp_loss":0,"event_name":"Transmorgrifier","floor":4,"gold_loss":0,"cards_obtained":["Scrape"]},{"cards_removed":["Defend_B"],"damage_healed":0,"gold_gain":0,"player_choice":"Card Removal","damage_taken":7,"max_hp_gain":0,"max_hp_loss":0,"event_name":"Golden Wing","floor":13,"gold_loss":0},{"damage_healed":0,"gold_gain":0,"player_choice":"Shed Blood","damage_taken":27,"max_hp_gain":5,"max_hp_loss":0,"event_name":"Forgotten Altar","floor":20,"gold_loss":0}],"is_beta":false,"boss_relics":[{"not_picked":["Busted Crown","Snecko Eye"],"picked":"Cursed Key"}],"items_purged_floors":[],"is_endless":false,"potions_floor_spawned":[3,12,14,16],"killed_by":"2 Thieves","ascension_level":18}