{"gold_per_floor":[112,187,201,201,96,121,121,138,165,165,183,183,183,183],"floor_reached":14,"playtime":354,"items_purged":["Defend_R"],"score":158,"play_id":"250661a4-cdd5-46ca-9268-18471551aed7","local_time":"20190608172916","is_ascension_mode":true,"campfire_choices":[{"floor":7,"key":"REST"},{"data":"Whirlwind","floor":13,"key":"SMITH"}],"neow_cost":"PERCENT_DAMAGE","seed_source_timestamp":132885356869500,"circlet_count":0,"master_deck":["AscendersBane","Strike_R","Strike_R","Defend_R","Defend_R","Defend_R","Bash","Sever Soul","Bludgeon","Warcry","Heavy Blade","Shrug It Off","Anger","Seeing Red","Injury","Whirlwind+1"],"relics":["Burning Blood","Art of War","Juzu Bracelet","Golden Idol"],"potions_floor_usage":[14,14],"damage_taken":[{"damage":6,"enemies":"Small Slimes","floor":1,"turns":2},{"damage":0,"enemies":"2 Louse","floor":3,"turns":3},{"damage":32,"enemies":"Gremlin Nob","floor":6,"turns":4},{"damage":2,"enemies":"Jaw Worm","floor":8,"turns":3},{"damage":19,"enemies":"Exordium Thugs","floor":11,"turns":4},{"damage":32,"enemies":"Lagavulin","floor":14,"turns":3}],"seed_played":"-738848990887720422","potions_obtained":[{"floor":6,"key":"GamblersBrew"},{"floor":11,"key":"Energy Potion"}],"is_trial":false,"path_per_floor":["M","?","M","?","$","E","R","M","T","?","M","?","R","E"],"character_chosen":"IRONCLAD","items_purchased":["Shrug It Off"],"campfire_rested":1,"item_purchase_floors":[5],"current_hp_per_floor":[50,39,45,38,38,12,34,38,38,38,25,30,30,0],"gold":183,"neow_bonus":"TRANSFORM_TWO_CARDS","is_prod":false,"is_daily":false,"chose_seed":false,"campfire_upgraded":1,"win_rate":0,"timestamp":1560007756,"path_taken":["M","?","M","?","$","E","R","M","T","?","M","?","R","E"],"build_version":"2019-01-23","purchased_purges":1,"victory":false,"max_hp_per_floor":[75,75,75,75,75,75,75,75,75,75,75,80,80,80],"card_choices":[{"not_picked":["Sword Boomerang","Infernal Blade"],"picked":"Warcry","floor":1},{"not_picked":["Thunderclap","Ghostly Armor"],"picked":"Heavy Blade","floor":3},{"not_picked":["Combust","Carnage"],"picked":"Anger","floor":6},{"not_picked":["Corruption","Thunderclap"],"picked":"Seeing Red","floor":8},{"not_picked":["Sword Boomerang","Twin Strike"],"picked":"Whirlwind","floor":11}],"player_experience":1226083,"relics_obtained":[{"floor":6,"key":"Art of War"},{"floor":9,"key":"Juzu Bracelet"}],"event_choices":[{"damage_healed":0,"gold_gain":75,"player_choice":"Gather Gold","damage_taken":11,"max_hp_gain":0,"max_hp_loss":0,"event_name":"World of Goop","floor":2,"gold_loss":0},{"cards_removed":["Strike_R"],"damage_healed":0,"gold_gain":0,"player_choice":"Card Removal","damage_taken":7,"max_hp_gain":0,"max_hp_loss":0,"event_name":"Golden Wing","floor":4,"gold_loss":0},{"damage_healed":0,"gold_gain":0,"player_choice":"Take Wound","damage_taken":0,"relics_obtained":["Golden Idol"],"max_hp_gain":0,"max_hp_loss":0,"event_name":"Golden Idol","floor":10,"gold_loss":0,"cards_obtained":["Injury"]},{"damage_healed":0,"gold_gain":0,"player_choice":"Donut","damage_taken":0,"max_hp_gain":5,"max_hp_loss":0,"event_name":"Big Fish","floor":12,"gold_loss":0}],"is_beta":false,"boss_relics":[],"items_purged_floors":[5],"is_endless":false,"potions_floor_spawned":[6,11],"killed_by":"Lagavulin","ascension_level":16}