{"gold_per_floor":[116,116,128,144,162,162,178,178,226,226,257,257,273,8,8,85,85,98,98,73,73,91,91,3,3,26,26],"floor_reached":27,"playtime":1293,"items_purged":["Strike_G"],"score":383,"play_id":"2d98cdb9-3ce9-4e4e-856c-653f6fcccb05","local_time":"20190625205129","is_ascension_mode":true,"campfire_choices":[{"data":"Neutralize","floor":6,"key":"SMITH"},{"data":"Bouncing Flask","floor":8,"key":"SMITH"},{"floor":12,"key":"REST"},{"floor":15,"key":"REST"},{"data":"Ghostly","floor":23,"key":"SMITH"},{"data":"A Thousand Cuts","floor":25,"key":"SMITH"}],"neow_cost":"PERCENT_DAMAGE","seed_source_timestamp":678500347455200,"circlet_count":0,"master_deck":["AscendersBane","Defend_G","Defend_G","Survivor","Neutralize+1","Bouncing Flask+1","Infinite Blades","All Out Attack","Adrenaline+1","Blade Dance","Dagger Spray","Accuracy","Dash","Magnetism","Catalyst","A Thousand Cuts+1","Crippling Poison","Ghostly+1","Ghostly","Ghostly","Predator+1","Adrenaline","Burst","Noxious Fumes+1","Footwork"],"relics":["Ring of the Snake","Dream Catcher","Ornamental Fan","Empty Cage","Vajra"],"potions_floor_usage":[5,11,16,18,27,27],"damage_taken":[{"damage":0,"enemies":"Cultist","floor":1,"turns":4},{"damage":5,"enemies":"2 Louse","floor":3,"turns":3},{"damage":0,"enemies":"Jaw Worm","floor":4,"turns":4},{"damage":6,"enemies":"Exordium Wildlife","floor":5,"turns":5},{"damage":0,"enemies":"Red Slaver","floor":7,"turns":4},{"damage":17,"enemies":"3 Sentries","floor":11,"turns":6},{"damage":3,"enemies":"Looter","floor":13,"turns":3},{"damage":31,"enemies":"Slime Boss","floor":16,"turns":8},{"damage":24,"enemies":"3 Byrds","floor":18,"turns":4},{"damage":6,"enemies":"2 Thieves","floor":20,"turns":5},{"damage":4,"enemies":"Chosen and Byrds","floor":22,"turns":5},{"damage":30,"enemies":"Slavers","floor":27,"turns":1}],"seed_played":"9114770098526939595","potions_obtained":[{"floor":1,"key":"Fire Potion"},{"floor":7,"key":"SteroidPotion"},{"floor":13,"key":"Swift Potion"},{"floor":16,"key":"PowerPotion"},{"floor":20,"key":"Explosive Potion"},{"floor":22,"key":"Poison Potion"}],"is_trial":false,"path_per_floor":["M","?","M","M","M","R","M","R","T","?","E","R","M","$","R","B",null,"M","?","M","?","M","R","$","R","T","E"],"character_chosen":"THE_SILENT","items_purchased":["Magnetism","Footwork"],"campfire_rested":2,"item_purchase_floors":[14,24],"current_hp_per_floor":[44,44,39,39,33,33,33,33,33,33,16,35,32,32,51,20,55,31,31,25,25,21,21,21,21,21,0],"gold":26,"neow_bonus":"REMOVE_TWO","is_prod":false,"is_daily":false,"chose_seed":false,"campfire_upgraded":4,"win_rate":0,"timestamp":1561488689,"path_taken":["M","?","M","?","M","R","M","R","T","?","E","R","?","$","R","BOSS","M","?","M","?","M","R","?","R","T","E"],"build_version":"2019-01-23","purchased_purges":1,"victory":false,"max_hp_per_floor":[66,66,66,66,66,66,66,66,66,66,66,66,66,66,66,66,66,66,33,33,33,33,33,33,33,33,33],"card_choices":[{"not_picked":["Setup","PiercingWail"],"picked":"Bouncing Flask","floor":1},{"not_picked":["Cloak And Dagger","Finisher"],"picked":"Infinite Blades","floor":3},{"not_picked":["Slice","Masterful Stab"],"picked":"All Out Attack","floor":4},{"not_picked":["Backstab","Dodge and Roll"],"picked":"Adrenaline","floor":5},{"not_picked":["All Out Attack","Prepared"],"picked":"Blade Dance","floor":7},{"not_picked":["Backflip","Expertise"],"picked":"Dagger Spray","floor":11},{"not_picked":["Burst","PiercingWail"],"picked":"Accuracy","floor":12},{"not_picked":["PiercingWail","Underhanded Strike"],"picked":"Dash","floor":13},{"not_picked":["Flying Knee","Acrobatics"],"picked":"Catalyst","floor":15},{"not_picked":["Night Terror","Unload"],"picked":"A Thousand Cuts","floor":16},{"not_picked":["Blade Dance","Dagger Spray"],"picked":"Crippling Poison","floor":18},{"not_picked":["Riddle With Holes+1","Choke"],"picked":"Predator+1","floor":20},{"not_picked":["Backflip","Riddle With Holes"],"picked":"Noxious Fumes+1","floor":22}],"player_experience":1476458,"relics_obtained":[{"floor":9,"key":"Dream Catcher"},{"floor":11,"key":"Ornamental Fan"},{"floor":26,"key":"Vajra"}],"event_choices":[{"cards_removed":["Strike_G"],"damage_healed":0,"gold_gain":0,"player_choice":"Offered Basic","damage_taken":0,"max_hp_gain":0,"max_hp_loss":0,"event_name":"Bonfire Elementals","floor":2,"gold_loss":0},{"damage_healed":0,"gold_gain":0,"player_choice":"Forge","damage_taken":0,"max_hp_gain":0,"max_hp_loss":0,"event_name":"Accursed Blacksmith","floor":10,"gold_loss":0,"cards_upgraded":["Adrenaline"]},{"damage_healed":0,"gold_gain":0,"player_choice":"Became a Ghost","damage_taken":0,"max_hp_gain":0,"max_hp_loss":33,"event_name":"Ghosts","floor":19,"gold_loss":0,"cards_obtained":["Ghostly","Ghostly","Ghostly"]},{"damage_healed":0,"gold_gain":0,"cards_transformed":["Defend_G","Defend_G"],"player_choice":"Became Test Subject","damage_taken":0,"max_hp_gain":0,"max_hp_loss":0,"event_name":"Drug Dealer","floor":21,"gold_loss":0,"cards_obtained":["Adrenaline","Burst"]}],"is_beta":false,"boss_relics":[{"not_picked":["Busted Crown","Black Star"],"picked":"Empty Cage"}],"items_purged_floors":[14],"is_endless":false,"potions_floor_spawned":[1,7,13,16,20,22],"killed_by":"Slavers","ascension_level":16}