{"gold_per_floor":[112,112,11,29,46,46,57,132,132,132,132,32,42,53,53,158,158,176,162,181,181,456,456,31,31,101,115,115],"floor_reached":28,"playtime":835,"items_purged":["Normality","Strike_G","Regret"],"score":336,"play_id":"7ed6376f-2631-423a-8216-7b1a3aecdb82","local_time":"20190225183814","is_ascension_mode":true,"campfire_choices":[{"data":"Neutralize","floor":6,"key":"SMITH"},{"data":"Noxious Fumes","floor":10,"key":"SMITH"},{"floor":15,"key":"REST"},{"floor":23,"key":"REST"},{"data":"Footwork","floor":25,"key":"SMITH"}],"neow_cost":"NONE","seed_source_timestamp":485535517914800,"circlet_count":0,"master_deck":["AscendersBane","Defend_G","Defend_G","Defend_G","Defend_G","Defend_G","Strike_G","Strike_G","Strike_G","Survivor","Neutralize+1","Endless Agony","Neutralize","Enlightenment","Slice","Expertise","Endless Agony","Noxious Fumes+1","Riddle With Holes","Quick Slash","Deflect","Die Die Die","Footwork+1","Crippling Poison","Terror","Distraction"],"relics":["Ring of the Snake","Du-Vu Doll","Runic Pyramid","Calipers","Mummified Hand"],"potions_floor_usage":[1,7,14,16,18],"damage_taken":[{"damage":0,"enemies":"2 Louse","floor":1,"turns":1},{"damage":2,"enemies":"Cultist","floor":4,"turns":4},{"damage":0,"enemies":"Small Slimes","floor":5,"turns":3},{"damage":1,"enemies":"3 Louse","floor":7,"turns":4},{"damage":0,"enemies":"Blue Slaver","floor":13,"turns":2},{"damage":19,"enemies":"Lots of Slimes","floor":14,"turns":3},{"damage":24,"enemies":"The Guardian","floor":16,"turns":12},{"damage":1,"enemies":"Spheric Guardian","floor":18,"turns":3},{"damage":5,"enemies":"2 Thieves","floor":19,"turns":4},{"damage":33,"enemies":"Shelled Parasite and Fungi","floor":20,"turns":6},{"damage":27,"enemies":"Centurion and Healer","floor":27,"turns":6},{"damage":11,"enemies":"Snecko","floor":28,"turns":3}],"seed_played":"-5638978167096035852","potions_obtained":[{"floor":0,"key":"EssenceOfSteel"},{"floor":0,"key":"Explosive Potion"},{"floor":4,"key":"SneckoOil"},{"floor":13,"key":"GamblersBrew"},{"floor":14,"key":"SneckoOil"},{"floor":16,"key":"Fruit Juice"}],"is_trial":false,"path_per_floor":["M","?","$","M","M","R","M","?","T","R","?","$","M","M","R","B",null,"M","M","M","?","?","R","$","R","T","M","M"],"character_chosen":"THE_SILENT","items_purchased":["Slice","Calipers"],"campfire_rested":2,"item_purchase_floors":[3,24],"current_hp_per_floor":[63,63,63,61,61,61,60,49,49,49,49,49,49,30,51,32,64,63,58,25,11,11,35,35,35,35,8,0],"gold":115,"neow_bonus":"THREE_SMALL_POTIONS","is_prod":false,"is_daily":false,"chose_seed":false,"campfire_upgraded":3,"win_rate":0,"timestamp":1551116294,"path_taken":["M","?","$","M","M","R","?","?","T","R","?","?","?","M","R","BOSS","M","?","M","?","?","R","$","R","T","?","M"],"build_version":"2019-01-23","purchased_purges":3,"victory":false,"max_hp_per_floor":[70,70,70,70,70,70,70,70,70,70,70,70,70,70,70,75,75,75,75,75,80,80,80,80,80,80,80,80],"card_choices":[{"not_picked":["Outmaneuver","Dodge and Roll"],"picked":"Endless Agony","floor":1},{"not_picked":["All Out Attack","Outmaneuver"],"picked":"Expertise","floor":4},{"not_picked":["Outmaneuver","Deflect"],"picked":"Endless Agony","floor":5},{"not_picked":["Bane","Poisoned Stab"],"picked":"Noxious Fumes","floor":7},{"not_picked":["Night Terror","Setup"],"picked":"Quick Slash","floor":13},{"not_picked":["Dagger Throw","Outmaneuver"],"picked":"Deflect","floor":14},{"not_picked":["Grand Finale","Wraith Form v2"],"picked":"Die Die Die","floor":16},{"not_picked":["Dagger Throw+1","Underhanded Strike"],"picked":"Footwork","floor":18},{"not_picked":["Blade Dance","Expertise"],"picked":"Crippling Poison","floor":19},{"not_picked":["Accuracy","Blade Dance"],"picked":"Terror","floor":20},{"not_picked":["Choke","Flying Knee"],"picked":"Distraction","floor":27}],"player_experience":855773,"relics_obtained":[{"floor":9,"key":"Du-Vu Doll"},{"floor":26,"key":"Mummified Hand"}],"event_choices":[{"damage_healed":0,"gold_gain":0,"player_choice":"3 cards matched","damage_taken":0,"max_hp_gain":0,"max_hp_loss":0,"event_name":"Match and Keep!","floor":2,"gold_loss":0,"cards_obtained":["Neutralize","Normality","Enlightenment"]},{"damage_healed":0,"gold_gain":75,"player_choice":"Gather Gold","damage_taken":11,"max_hp_gain":0,"max_hp_loss":0,"event_name":"World of Goop","floor":8,"gold_loss":0},{"damage_healed":0,"gold_gain":0,"cards_transformed":["Strike_G"],"player_choice":"Change","damage_taken":0,"max_hp_gain":0,"max_hp_loss":0,"event_name":"Living Wall","floor":11,"gold_loss":0,"cards_obtained":["Riddle With Holes"]},{"damage_healed":0,"gold_gain":0,"player_choice":"Shed Blood","damage_taken":19,"max_hp_gain":5,"max_hp_loss":0,"event_name":"Forgotten Altar","floor":21,"gold_loss":0},{"damage_healed":0,"gold_gain":275,"player_choice":"Desecrate","damage_taken":0,"max_hp_gain":0,"max_hp_loss":0,"event_name":"Golden Shrine","floor":22,"gold_loss":0,"cards_obtained":["Regret"]}],"is_beta":false,"boss_relics":[{"not_picked":["Runic Dome","Ectoplasm"],"picked":"Runic Pyramid"}],"items_purged_floors":[3,12,24],"is_endless":false,"potions_floor_spawned":[4,13,14,16],"killed_by":"Snecko","ascension_level":12}