{"gold_per_floor":[114,126,141,153,172,172,190,190,240,240,240,256,274,289,289,361,361,327,346,357,370,370],"floor_reached":22,"playtime":980,"items_purged":[],"score":335,"play_id":"4ba53ea6-c925-4e28-a202-f5d451940232","local_time":"20190623020203","is_ascension_mode":true,"campfire_choices":[{"data":"Apotheosis","floor":6,"key":"SMITH"},{"floor":8,"key":"REST"},{"data":"Defragment","floor":10,"key":"SMITH"},{"floor":15,"key":"REST"}],"neow_cost":"PERCENT_DAMAGE","seed_source_timestamp":438244848711200,"circlet_count":0,"master_deck":["AscendersBane","Strike_B","Strike_B","Strike_B","Strike_B","Defend_B","Defend_B","Defend_B","Defend_B","Zap","Dualcast","Apotheosis+1","Magnetism","Hologram","Defragment+1","Redo","Chaos","Conserve Battery","Genetic Algorithm","Cold Snap","Double Energy","Conserve Battery","Meteor Strike","Stack","Ball Lightning","Beam Cell"],"relics":["Cracked Core","Omamori","Busted Crown"],"potions_floor_usage":[7,16,19,22],"damage_taken":[{"damage":0,"enemies":"Cultist","floor":1,"turns":3},{"damage":4,"enemies":"2 Louse","floor":2,"turns":4},{"damage":4,"enemies":"Jaw Worm","floor":3,"turns":3},{"damage":16,"enemies":"2 Fungi Beasts","floor":4,"turns":3},{"damage":15,"enemies":"Red Slaver","floor":5,"turns":3},{"damage":4,"enemies":"Exordium Wildlife","floor":7,"turns":4},{"damage":1,"enemies":"Looter","floor":12,"turns":3},{"damage":0,"enemies":"2 Fungi Beasts","floor":13,"turns":4},{"damage":4,"enemies":"Blue Slaver","floor":14,"turns":4},{"damage":16,"enemies":"The Guardian","floor":16,"turns":12},{"damage":10,"enemies":"2 Thieves","floor":18,"turns":5},{"damage":6,"enemies":"Shell Parasite","floor":19,"turns":4},{"damage":8,"enemies":"Centurion and Healer","floor":20,"turns":8},{"damage":20,"enemies":"Snecko","floor":21,"turns":6},{"damage":28,"enemies":"Snake Plant","floor":22,"turns":3}],"seed_played":"8472155358252030404","potions_obtained":[{"floor":2,"key":"Explosive Potion"},{"floor":5,"key":"Regen Potion"},{"floor":7,"key":"FocusPotion"},{"floor":11,"key":"AttackPotion"},{"floor":18,"key":"PowerPotion"},{"floor":20,"key":"FairyPotion"}],"is_trial":false,"path_per_floor":["M","M","M","M","M","R","M","R","T","R","?","M","M","M","R","B",null,"M","M","M","M","M"],"character_chosen":"DEFECT","items_purchased":[],"campfire_rested":2,"item_purchase_floors":[],"current_hp_per_floor":[46,42,38,22,7,7,15,36,36,36,36,35,35,31,52,36,62,52,46,38,18,0],"gold":370,"neow_bonus":"RANDOM_COLORLESS_2","is_prod":false,"is_daily":false,"chose_seed":false,"campfire_upgraded":2,"win_rate":0,"timestamp":1561248123,"path_taken":["M","M","?","M","M","R","M","R","T","R","?","M","M","M","R","BOSS","M","?","M","M","M"],"build_version":"2019-01-23","purchased_purges":0,"victory":false,"max_hp_per_floor":[71,71,71,71,71,71,71,71,71,71,71,71,71,71,71,71,71,71,71,71,71,71],"card_choices":[{"not_picked":["Barrage","Blizzard"],"picked":"Hologram","floor":1},{"not_picked":["Ball Lightning","Compile Driver"],"picked":"Defragment","floor":2},{"not_picked":["Barrage","Static Discharge"],"picked":"Redo","floor":3},{"not_picked":["Recycle","Beam Cell"],"picked":"Chaos","floor":4},{"not_picked":["Turbo","Rip and Tear"],"picked":"Conserve Battery","floor":5},{"not_picked":["Ball Lightning","Steam Power"],"picked":"Genetic Algorithm","floor":7},{"not_picked":["Genetic Algorithm","Compile Driver"],"picked":"Cold Snap","floor":12},{"not_picked":["Redo","Turbo"],"picked":"Double Energy","floor":13},{"not_picked":["Hologram","Ball Lightning"],"picked":"Conserve Battery","floor":14},{"not_picked":["Multi-Cast","Fission"],"picked":"Meteor Strike","floor":16},{"not_picked":[],"picked":"Stack","floor":18},{"not_picked":[],"picked":"Ball Lightning","floor":19},{"not_picked":[],"picked":"Beam Cell","floor":20},{"not_picked":["Ball Lightning"],"picked":"SKIP","floor":21}],"player_experience":1450437,"relics_obtained":[{"floor":9,"key":"Omamori"}],"event_choices":[{"damage_healed":0,"gold_gain":0,"player_choice":"Got Potions","damage_taken":0,"max_hp_gain":0,"max_hp_loss":0,"event_name":"Lab","floor":11,"gold_loss":0}],"is_beta":false,"boss_relics":[{"not_picked":["Sozu","Coffee Dripper"],"picked":"Busted Crown"}],"items_purged_floors":[],"is_endless":false,"potions_floor_spawned":[2,5,7,14,18,20],"killed_by":"Snake Plant","ascension_level":16}