{"gold_per_floor":[116,127,127,88,101,101,131,87,87,87,99,116,116,148,148,227,227,247,247,247,172,182,211,27,27,27,44,44,44,44],"floor_reached":30,"playtime":1060,"items_purged":["Strike_R","Strike_R"],"score":499,"play_id":"d2b12f25-6df5-4743-98cc-dc849c17b02f","local_time":"20181104153948","is_ascension_mode":true,"campfire_choices":[{"data":"Whirlwind","floor":6,"key":"SMITH"},{"data":"Shockwave","floor":10,"key":"SMITH"},{"data":"Corruption","floor":13,"key":"SMITH"},{"data":"True Grit","floor":15,"key":"SMITH"},{"data":"Fiend Fire","floor":25,"key":"SMITH"},{"data":"Havoc","floor":29,"key":"SMITH"}],"neow_cost":"PERCENT_DAMAGE","seed_source_timestamp":629591227614508,"circlet_count":0,"master_deck":["AscendersBane","Strike_R","Strike_R","Strike_R","Defend_R","Defend_R","Defend_R","Defend_R","Bash","Pommel Strike","Perfected Strike","Whirlwind+1","Shockwave+1","Corruption+1","Sentinel","True Grit+1","Shrug It Off","Sword Boomerang","Fiend Fire+1","Havoc+1","Spot Weakness","Headbutt","Twin Strike+1","Feel No Pain"],"relics":["Burning Blood","Thread and Needle","Mango","Bottled Flame","Juzu Bracelet","Velvet Choker","Anchor","Bag of Marbles"],"potions_floor_usage":[7,14,16,16,23],"damage_taken":[{"damage":7,"enemies":"2 Louse","floor":1,"turns":3},{"damage":0,"enemies":"Jaw Worm","floor":2,"turns":4},{"damage":4,"enemies":"Small Slimes","floor":5,"turns":3},{"damage":13,"enemies":"3 Sentries","floor":7,"turns":4},{"damage":8,"enemies":"2 Fungi Beasts","floor":11,"turns":3},{"damage":0,"enemies":"Lots of Slimes","floor":12,"turns":1},{"damage":22,"enemies":"Gremlin Nob","floor":14,"turns":4},{"damage":20,"enemies":"The Guardian","floor":16,"turns":10},{"damage":0,"enemies":"3 Byrds","floor":18,"turns":4},{"damage":37,"enemies":"Spheric Guardian","floor":22,"turns":7},{"damage":22,"enemies":"Slavers","floor":23,"turns":4},{"damage":5,"enemies":"Snake Plant","floor":27,"turns":4},{"damage":42,"enemies":"Book of Stabbing","floor":30,"turns":4}],"seed_played":"-6353659873879896702","potions_obtained":[{"floor":1,"key":"SkillPotion"},{"floor":5,"key":"Ancient Potion"},{"floor":11,"key":"Energy Potion"},{"floor":14,"key":"SpeedPotion"},{"floor":22,"key":"Fire Potion"}],"is_trial":false,"path_per_floor":["M","M","?","$","M","R","E","$","T","R","M","M","R","E","R","B",null,"M","?","?","$","M","E","$","R","T","M","?","R","E"],"character_chosen":"IRONCLAD","items_purchased":["Whirlwind","Sentinel","Feel No Pain"],"campfire_rested":0,"item_purchase_floors":[4,8,24],"current_hp_per_floor":[49,55,60,60,62,62,69,69,69,69,67,73,73,57,57,43,81,87,87,87,87,56,40,40,40,40,41,41,41,0],"gold":44,"neow_bonus":"ONE_RARE_RELIC","is_prod":false,"is_daily":false,"chose_seed":false,"campfire_upgraded":6,"win_rate":0,"timestamp":1541345988,"path_taken":["M","M","?","?","M","R","E","$","T","R","M","M","R","E","R","BOSS","M","?","?","$","M","E","$","R","T","M","?","R","E"],"build_version":"2018-11-01","purchased_purges":2,"victory":false,"max_hp_per_floor":[75,75,80,80,80,80,94,94,94,94,94,94,94,94,94,94,94,94,94,94,94,94,94,94,94,94,94,94,94,94],"card_choices":[{"not_picked":["Infernal Blade","Flex"],"picked":"Pommel Strike","floor":1},{"not_picked":["Flex","Iron Wave"],"picked":"Perfected Strike","floor":2},{"not_picked":["Thunderclap","Pummel"],"picked":"Shockwave","floor":5},{"not_picked":["Anger","Berserk"],"picked":"Corruption","floor":7},{"not_picked":["Anger","Pommel Strike"],"picked":"True Grit","floor":11},{"not_picked":["Headbutt","Perfected Strike"],"picked":"Shrug It Off","floor":12},{"not_picked":["Pommel Strike","Cleave"],"picked":"Sword Boomerang","floor":14},{"not_picked":["Impervious","Juggernaut"],"picked":"Fiend Fire","floor":16},{"not_picked":["Inflame","Evolve"],"picked":"Havoc","floor":18},{"not_picked":["Pommel Strike","Whirlwind"],"picked":"Headbutt","floor":22},{"not_picked":["Body Slam","Warcry"],"picked":"Twin Strike+1","floor":23},{"not_picked":["Rampage","Hemokinesis","Evolve"],"picked":"SKIP","floor":27}],"player_experience":969948,"relics_obtained":[{"floor":7,"key":"Mango"},{"floor":9,"key":"Bottled Flame"},{"floor":14,"key":"Juzu Bracelet"},{"floor":23,"key":"Anchor"},{"floor":26,"key":"Bag of Marbles"}],"event_choices":[{"damage_healed":0,"gold_gain":0,"player_choice":"Donut","damage_taken":0,"max_hp_gain":5,"max_hp_loss":0,"event_name":"Big Fish","floor":3,"gold_loss":0},{"damage_healed":0,"gold_gain":0,"player_choice":"Read","damage_taken":0,"max_hp_gain":0,"max_hp_loss":0,"event_name":"The Library","floor":19,"gold_loss":0,"cards_obtained":["Spot Weakness"]},{"damage_healed":0,"gold_gain":0,"player_choice":"Ignored","damage_taken":0,"max_hp_gain":0,"max_hp_loss":0,"event_name":"Vampires","floor":20,"gold_loss":0},{"damage_healed":0,"gold_gain":0,"player_choice":"Ignored","damage_taken":0,"max_hp_gain":0,"max_hp_loss":0,"event_name":"N\u0027loth","floor":28,"gold_loss":0}],"is_beta":false,"boss_relics":[{"not_picked":["Pandora\u0027s Box","Runic Cube"],"picked":"Velvet Choker"}],"items_purged_floors":[21,24],"is_endless":false,"potions_floor_spawned":[1,5,11,14,22],"killed_by":"Book of Stabbing","ascension_level":19}