{"gold_per_floor":[411,421,421,421,421,421,72,72,122,72,72,22,34,69,69,69],"floor_reached":16,"playtime":505,"items_purged":["Regret","Regret","Normality"],"score":192,"play_id":"fdca294b-da45-4bd5-a3da-b33841be72a2","local_time":"20190605225052","is_ascension_mode":true,"campfire_choices":[{"data":"Cleave","floor":6,"key":"SMITH"},{"floor":8,"key":"REST"},{"data":"Bash","floor":11,"key":"SMITH"},{"data":"Perfected Strike","floor":15,"key":"SMITH"}],"neow_cost":"NONE","seed_source_timestamp":75615250082507,"circlet_count":0,"master_deck":["AscendersBane","Strike_R","Strike_R","Strike_R","Strike_R","Strike_R","Defend_R","Defend_R","Defend_R","Defend_R","Bash+1","Shrug It Off","Cleave+1","Fiend Fire","Perfected Strike+1"],"relics":["Calling Bell","Old Coin","Sundial","Orichalcum","Gremlin Horn","Kunai","Smiling Mask","Dodecahedron"],"potions_floor_usage":[13,14,16],"damage_taken":[{"damage":14,"enemies":"Jaw Worm","floor":1,"turns":4},{"damage":21,"enemies":"Small Slimes","floor":2,"turns":5},{"damage":0,"enemies":"2 Louse","floor":13,"turns":2},{"damage":6,"enemies":"Gremlin Nob","floor":14,"turns":3},{"damage":54,"enemies":"Hexaghost","floor":16,"turns":9}],"seed_played":"-1819308184847625693","potions_obtained":[{"floor":1,"key":"BloodPotion"},{"floor":2,"key":"Swift Potion"},{"floor":14,"key":"PowerPotion"}],"is_trial":false,"path_per_floor":["M","M","?","?","?","R","$","R","T","$","R","$","M","E","R","B"],"character_chosen":"IRONCLAD","items_purchased":["Kunai"],"campfire_rested":1,"item_purchase_floors":[7],"current_hp_per_floor":[54,33,22,27,27,27,27,51,51,51,51,51,59,53,53,0],"gold":69,"neow_bonus":"BOSS_RELIC","is_prod":false,"is_daily":false,"chose_seed":false,"campfire_upgraded":3,"win_rate":0,"timestamp":1559771452,"path_taken":["M","M","?","?","?","R","$","R","T","$","R","$","M","E","R","BOSS"],"build_version":"2019-01-23","purchased_purges":3,"victory":false,"max_hp_per_floor":[75,75,75,80,80,80,80,80,80,80,80,80,80,80,80,80],"card_choices":[{"not_picked":["Fire Breathing","Flex"],"picked":"Shrug It Off","floor":1},{"not_picked":["Rampage","Iron Wave"],"picked":"Cleave","floor":2},{"not_picked":["Shrug It Off","Evolve"],"picked":"Fiend Fire","floor":13},{"not_picked":["Clash","Rage"],"picked":"Perfected Strike","floor":14}],"player_experience":1072444,"relics_obtained":[{"floor":0,"key":"Old Coin"},{"floor":0,"key":"Sundial"},{"floor":0,"key":"Orichalcum"},{"floor":9,"key":"Smiling Mask"},{"floor":14,"key":"Dodecahedron"}],"event_choices":[{"damage_healed":0,"gold_gain":0,"player_choice":"Success","damage_taken":11,"relics_obtained":["Gremlin Horn"],"max_hp_gain":0,"max_hp_loss":0,"event_name":"Scrap Ooze","floor":3,"gold_loss":0},{"damage_healed":0,"gold_gain":0,"player_choice":"Donut","damage_taken":0,"max_hp_gain":5,"max_hp_loss":0,"event_name":"Big Fish","floor":4,"gold_loss":0},{"damage_healed":0,"gold_gain":0,"player_choice":"Ignored","damage_taken":0,"max_hp_gain":0,"max_hp_loss":0,"event_name":"Liars Game","floor":5,"gold_loss":0}],"is_beta":false,"boss_relics":[],"items_purged_floors":[7,10,12],"is_endless":false,"potions_floor_spawned":[1,2,14],"killed_by":"Hexaghost","ascension_level":20}