{"path_per_floor":["M","M","?","?","M","R","?","R","T","R","M","E","?","?","R","B",null,"M","M","M","$","?","R","M","?","T","M","R","E","T","M","R","B",null,"M","M","$","M","M","R","E","R","T","?","M","M","M","M","R"],"character_chosen":"IRONCLAD","items_purchased":["Apotheosis","Bottled Lightning","Orichalcum","Flex","Lantern","Pen Nib"],"gold_per_floor":[209,222,397,397,414,414,440,440,514,514,528,560,560,560,560,680,680,696,709,729,13,13,13,36,36,36,60,60,98,121,140,140,264,264,282,306,5,26,45,45,76,76,76,0,13,28,43,66,66,66],"floor_reached":50,"campfire_rested":6,"playtime":2051,"current_hp_per_floor":[80,80,80,85,85,85,73,73,73,73,72,52,52,52,75,13,79,67,73,75,75,75,75,72,72,72,64,83,80,80,84,91,62,91,93,95,95,60,62,90,65,93,93,93,89,90,81,53,81,0],"items_purged":["Doubt"],"gold":66,"score":621,"play_id":"cae6e2d6-c4f5-4b10-87ff-2b669f066015","local_time":"20180514182303","is_prod":false,"is_daily":false,"chose_seed":false,"is_ascension_mode":false,"campfire_upgraded":4,"timestamp":1526318583,"path_taken":["M","M","?","?","?","R","?","R","T","R","?","E","?","?","R","BOSS","M","?","M","?","?","R","M","?","T","M","R","E","?","M","R","BOSS","M","M","$","M","?","R","E","R","T","?","M","M","?","M","R","BOSS"],"build_version":"2018-05-10","seed_source_timestamp":0,"purchased_purges":1,"victory":false,"master_deck":["Strike_R","Strike_R","Strike_R","Strike_R","Strike_R","Defend_R","Defend_R","Defend_R","Defend_R","Bash","Clash+1","Perfected Strike+1","Wild Strike+1","Feed+1","Wild Strike","Uppercut","Apotheosis+1","Flex+1","Wild Strike+1","Perfected Strike","Wild Strike","Evolve","Seeing Red+1","Flex+1","Warcry+1","Inflame+1"],"max_hp_per_floor":[80,80,80,85,85,85,85,85,85,85,85,85,79,79,79,79,79,79,83,83,83,83,83,83,83,83,83,83,87,87,91,91,91,91,95,95,95,95,95,95,95,95,95,95,95,95,95,95,95,95],"relics":["Burning Blood","Odd Mushroom","Dodecahedron","Oddly Smooth Stone","Golden Idol","Sozu","Bottled Lightning","Orichalcum","Meat on the Bone","Dream Catcher","Anchor","Velvet Choker","Lantern","Pen Nib","Happy Flower","Smiling Mask","Red Mask"],"card_choices":[{"not_picked":["Iron Wave","Bloodletting"],"picked":"Clash","floor":1.0},{"not_picked":["Power Through","Sword Boomerang"],"picked":"Perfected Strike","floor":2.0},{"not_picked":["Armaments","Rage"],"picked":"Wild Strike","floor":5.0},{"not_picked":["Power Through","Fire Breathing"],"picked":"Feed","floor":11.0},{"not_picked":["Cleave","Clothesline"],"picked":"Wild Strike","floor":18},{"not_picked":["Clothesline","Rage"],"picked":"Uppercut","floor":19},{"not_picked":["Hemokinesis","Body Slam"],"picked":"Wild Strike","floor":24},{"not_picked":["Corruption","Berserk"],"picked":"Perfected Strike","floor":27},{"not_picked":["Power Through","Havoc"],"picked":"Wild Strike","floor":31},{"not_picked":["Body Slam","Clash"],"picked":"Evolve","floor":39},{"not_picked":["Warcry","Feed"],"picked":"Seeing Red","floor":41},{"not_picked":["Metallicize","Twin Strike"],"picked":"Flex","floor":42},{"not_picked":["Havoc","Twin Strike"],"picked":"Warcry","floor":46},{"not_picked":["Iron Wave","Anger"],"picked":"Inflame","floor":49}],"player_experience":298396,"potions_floor_usage":[],"damage_taken":[{"damage":6.0,"enemies":"Jaw Worm","floor":1.0,"turns":3.0},{"damage":1.0,"enemies":"2 Louse","floor":2.0,"turns":3.0},{"damage":4.0,"enemies":"Small Slimes","floor":5.0,"turns":3.0},{"damage":18.0,"enemies":"The Mushroom Lair","floor":7.0,"turns":5.0},{"damage":7.0,"enemies":"Blue Slaver","floor":11.0,"turns":2.0},{"damage":26.0,"enemies":"Lagavulin","floor":12.0,"turns":5.0},{"damage":68.0,"enemies":"Hexaghost","floor":16.0,"turns":9.0},{"damage":18,"enemies":"Shell Parasite","floor":18,"turns":4},{"damage":4,"enemies":"Spheric Guardian","floor":19,"turns":3},{"damage":4,"enemies":"Cultist and Chosen","floor":20,"turns":5},{"damage":9,"enemies":"Snake Plant","floor":24,"turns":2},{"damage":14,"enemies":"Centurion and Healer","floor":27,"turns":4},{"damage":13,"enemies":"Slavers","floor":29,"turns":4},{"damage":6,"enemies":"Slaver and Parasite","floor":31,"turns":4},{"damage":47,"enemies":"Champ","floor":33,"turns":8},{"damage":8,"enemies":"3 Shapes","floor":35,"turns":3},{"damage":0,"enemies":"Orb Walker","floor":36,"turns":2},{"damage":41,"enemies":"Maw","floor":38,"turns":7},{"damage":4,"enemies":"Sphere and 2 Shapes","floor":39,"turns":3},{"damage":31,"enemies":"Giant Head","floor":41,"turns":6},{"damage":10,"enemies":"4 Shapes","floor":45,"turns":5},{"damage":5,"enemies":"3 Darklings","floor":46,"turns":5},{"damage":15,"enemies":"Sphere and 2 Shapes","floor":47,"turns":4},{"damage":46,"enemies":"Maw","floor":48,"turns":6},{"damage":98,"enemies":"Donu and Deca","floor":50,"turns":5}],"event_choices":[{"event_name":"Liars Game","player_choice":"agreed","floor":3.0,"damage_taken":0.0},{"event_name":"Big Fish","player_choice":"Donut","floor":4.0,"damage_taken":0.0},{"event_name":"Mushrooms","player_choice":"Fought Mushrooms","floor":7.0,"damage_taken":0.0},{"event_name":"Golden Idol","player_choice":"Lose Max HP","floor":13.0,"damage_taken":0.0},{"event_name":"Living Wall","player_choice":"Grow","floor":14.0,"damage_taken":0.0},{"event_name":"Upgrade Shrine","player_choice":"Upgraded","floor":22,"damage_taken":0},{"event_name":"Drug Dealer","player_choice":"Ignored","floor":25,"damage_taken":0},{"event_name":"Tomb of Lord Red Mask","player_choice":"Paid","floor":44,"damage_taken":0}],"boss_relics":[{"not_picked":["Pandora\u0027s Box","Mark of Pain"],"picked":"Velvet Choker"}],"potions_floor_spawned":[2,7,12,19,24,29,31,33,36,39,45,47],"seed_played":"3842993384277119023","killed_by":"Donu and Deca","ascension_level":0,"is_trial":false}