{"gold_per_floor":[111,261,278,17,17,17,17,17,97,110,136,136,152,163,163,237,237,255,265,2,2],"floor_reached":21,"playtime":700,"items_purged":["Doubt"],"score":331,"play_id":"7a4254b5-063a-4c64-affe-76232b70b229","local_time":"20190722051002","is_ascension_mode":true,"campfire_choices":[{"data":"Zap","floor":6,"key":"SMITH"},{"data":"Genetic Algorithm","floor":8,"key":"SMITH"},{"data":"Sweeping Beam","floor":12,"key":"SMITH"},{"floor":15,"key":"REST"}],"neow_cost":"NONE","seed_source_timestamp":69421747321200,"circlet_count":0,"master_deck":["AscendersBane","Strike_B","Strike_B","Defend_B","Defend_B","Defend_B","Defend_B","Zap+1","Dualcast","Sweeping Beam+1","Genetic Algorithm+1","Magnetism+1","Conserve Battery","Ball Lightning","Gash","Gash","Creative AI","Fusion","Static Discharge","Apotheosis","Gash"],"special_seed":0,"relics":["Cracked Core","NeowsBlessing","Bottled Flame","Potion Belt","Empty Cage"],"potions_floor_usage":[16,16,18,19],"damage_taken":[{"damage":0.0,"enemies":"Cultist","floor":1.0,"turns":1.0},{"damage":0.0,"enemies":"Jaw Worm","floor":3.0,"turns":1.0},{"damage":0,"enemies":"Small Slimes","floor":10,"turns":1},{"damage":30,"enemies":"Lagavulin","floor":11,"turns":9},{"damage":4,"enemies":"3 Louse","floor":13,"turns":2},{"damage":11,"enemies":"Blue Slaver","floor":14,"turns":4},{"damage":31,"enemies":"The Guardian","floor":16,"turns":11},{"damage":5,"enemies":"Chosen","floor":18,"turns":5},{"damage":46,"enemies":"Shell Parasite","floor":19,"turns":7},{"damage":12,"enemies":"Chosen and Byrds","floor":21,"turns":5}],"seed_played":"-2875831178317709711","potions_obtained":[{"floor":11,"key":"Strength Potion"},{"floor":14,"key":"Energy Potion"},{"floor":16,"key":"Weak Potion"},{"floor":19,"key":"Fruit Juice"}],"is_trial":false,"path_per_floor":["M","?","M","$","?","R","$","R","T","M","E","R","M","M","R","B",null,"M","M","$","M"],"character_chosen":"DEFECT","items_purchased":["Magnetism","Apotheosis","Gash"],"campfire_rested":1,"item_purchase_floors":[4,20,20],"current_hp_per_floor":[64,64,64,64,64,64,64,64,64,64,34,34,30,19,40,9,56,51,10,10,0],"gold":2,"neow_bonus":"THREE_ENEMY_KILL","is_prod":false,"is_daily":false,"chose_seed":false,"campfire_upgraded":3,"win_rate":0,"timestamp":1563765002,"path_taken":["M","?","M","$","?","R","$","R","T","M","E","R","?","M","R","BOSS","M","M","$","M"],"build_version":"2019-07-17","purchased_purges":1,"victory":false,"max_hp_per_floor":[71,71,71,71,71,71,71,71,71,71,71,71,71,71,71,71,71,71,76,76,76],"card_choices":[{"not_picked":["Streamline","Turbo"],"picked":"Sweeping Beam","floor":1.0},{"not_picked":["Leap","Stack"],"picked":"Genetic Algorithm","floor":3.0},{"not_picked":["Redo","Seek"],"picked":"Conserve Battery","floor":10},{"not_picked":["Stack","Barrage"],"picked":"Ball Lightning","floor":11},{"not_picked":["Double Energy","Conserve Battery"],"picked":"Gash","floor":13},{"not_picked":["Rebound","Cold Snap"],"picked":"Gash","floor":14},{"not_picked":["Buffer","Biased Cognition"],"picked":"Creative AI","floor":16},{"not_picked":["Steam","Stack"],"picked":"Fusion","floor":18},{"not_picked":["BootSequence","Skim"],"picked":"Static Discharge","floor":19}],"player_experience":1735186,"relics_obtained":[{"floor":9,"key":"Bottled Flame"},{"floor":11,"key":"Potion Belt"}],"event_choices":[{"damage_healed":0.0,"max_hp_gain":0.0,"max_hp_loss":0.0,"gold_gain":150.0,"event_name":"Liars Game","player_choice":"AGREE","floor":2.0,"gold_loss":0.0,"damage_taken":0.0,"cards_obtained":["Doubt"]},{"damage_healed":0.0,"max_hp_gain":0.0,"max_hp_loss":0.0,"gold_gain":0.0,"event_name":"Upgrade Shrine","player_choice":"Upgraded","floor":5.0,"gold_loss":0.0,"damage_taken":0.0,"cards_upgraded":["Magnetism"]}],"is_beta":false,"boss_relics":[{"not_picked":["Philosopher\u0027s Stone","Fusion Hammer"],"picked":"Empty Cage"}],"items_purged_floors":[4],"is_endless":false,"potions_floor_spawned":[11,14,16,19],"killed_by":"Chosen and Byrds","ascension_level":17}