{"gold_per_floor":[216,233,253,15,29,29,48,383,463,463,463],"floor_reached":11,"playtime":414,"items_purged":[],"score":131,"play_id":"1f6bca7f-35b1-44fe-af01-6b64f548127d","local_time":"20190515215855","is_ascension_mode":true,"campfire_choices":[{"data":"Bash","floor":6,"key":"SMITH"},{"data":"Armaments","floor":10,"key":"SMITH"}],"neow_cost":"NONE","seed_source_timestamp":168528814177400,"circlet_count":0,"master_deck":["AscendersBane","Strike_R","Strike_R","Strike_R","Strike_R","Strike_R","Defend_R","Defend_R","Defend_R","Defend_R","Bash+1","Flex","Clash","Anger","Headbutt","Clash","Armaments+1"],"relics":["Burning Blood","Kunai","Old Coin","Tiny Chest"],"potions_floor_usage":[8,11],"damage_taken":[{"damage":7,"enemies":"Jaw Worm","floor":1,"turns":3},{"damage":6,"enemies":"Cultist","floor":2,"turns":4},{"damage":1,"enemies":"Small Slimes","floor":3,"turns":2},{"damage":31,"enemies":"Exordium Thugs","floor":5,"turns":6},{"damage":15,"enemies":"Blue Slaver","floor":7,"turns":3},{"damage":26,"enemies":"3 Sentries","floor":8,"turns":9},{"damage":27,"enemies":"Gremlin Nob","floor":11,"turns":4}],"seed_played":"1782994249181596183","potions_obtained":[{"floor":2,"key":"BloodPotion"},{"floor":5,"key":"FearPotion"}],"is_trial":false,"path_per_floor":["M","M","M","$","M","R","M","E","T","R","E"],"character_chosen":"IRONCLAD","items_purchased":["Kunai"],"campfire_rested":0,"item_purchase_floors":[4],"current_hp_per_floor":[67,67,72,72,47,47,38,25,25,25,0],"gold":463,"neow_bonus":"HUNDRED_GOLD","is_prod":false,"is_daily":false,"chose_seed":false,"campfire_upgraded":2,"win_rate":0,"timestamp":1557950335,"path_taken":["M","M","M","$","M","R","M","E","T","R","E"],"build_version":"2019-01-23","purchased_purges":0,"victory":false,"max_hp_per_floor":[75,75,75,75,75,75,75,75,75,75,75],"card_choices":[{"not_picked":["Iron Wave","Reckless Charge"],"picked":"Flex","floor":1},{"not_picked":["Pummel","Wild Strike"],"picked":"Clash","floor":2},{"not_picked":["Rage","Warcry"],"picked":"Anger","floor":3},{"not_picked":["Dropkick","Barricade"],"picked":"Headbutt","floor":5},{"not_picked":["Searing Blow","Armaments"],"picked":"Clash","floor":7},{"not_picked":["Havoc","Pommel Strike"],"picked":"Armaments","floor":8}],"player_experience":1104444,"relics_obtained":[{"floor":8,"key":"Old Coin"},{"floor":9,"key":"Tiny Chest"}],"event_choices":[],"is_beta":false,"boss_relics":[],"items_purged_floors":[],"is_endless":false,"potions_floor_spawned":[2,5],"killed_by":"Gremlin Nob","ascension_level":15}