{"gold_per_floor":[118,136,136,150,7,7,41,4,4,4,4,15,33,47,47,146,196,211,211,211,21,21,21,120,120,120,120,137,137,151,161,161,256,256,268,281,159,179,104,104,121,101,101,101,101,101,114,131,131,131],"floor_reached":51,"playtime":1246,"items_purged":["Strike_R"],"score":674,"play_id":"aa19b330-b3bb-42a3-8b11-296806cfeb79","local_time":"20181231184956","is_ascension_mode":false,"campfire_choices":[{"data":"Armaments","floor":6.0,"key":"SMITH"},{"data":"Uppercut","floor":15.0,"key":"SMITH"},{"data":"Havoc","floor":23,"key":"SMITH"},{"data":"Havoc","floor":25,"key":"SMITH"},{"data":"Feel No Pain","floor":27,"key":"SMITH"},{"data":"Armaments","floor":32,"key":"SMITH"},{"data":"Iron Wave","floor":40,"key":"SMITH"},{"data":"Bash","floor":44,"key":"SMITH"},{"data":"Iron Wave","floor":46,"key":"SMITH"},{"floor":49,"key":"REST"}],"neow_cost":"NONE","seed_source_timestamp":811625661095290,"circlet_count":0,"master_deck":["Strike_R","Strike_R","Strike_R","Defend_R+1","Defend_R","Defend_R","Defend_R","Bash+1","Clothesline","Cleave","Armaments+1","Havoc+1","Feel No Pain+1","Iron Wave+1","Pummel","Whirlwind","Spot Weakness","Whirlwind","Uppercut+1","Immolate","Havoc+1","Iron Wave+1","Writhe","Havoc","Clothesline+1","Armaments+1","Perfected Strike+1","Reaper","Shrug It Off+1","Armaments+1","Flex","Carnage+1"],"special_seed":0,"relics":["Burning Blood","Charon\u0027s Ashes","Paper Frog","Thread and Needle","Tiny House","Ice Cream","Oddly Smooth Stone","Bottled Tornado","Snecko Eye","Magic Flower","Juzu Bracelet","FaceOfCleric"],"potions_floor_usage":[20,30,33,36,36,50],"damage_taken":[{"damage":6.0,"enemies":"Cultist","floor":1.0,"turns":3.0},{"damage":3.0,"enemies":"Jaw Worm","floor":2.0,"turns":3.0},{"damage":8.0,"enemies":"Small Slimes","floor":4.0,"turns":2.0},{"damage":27.0,"enemies":"Lagavulin","floor":7.0,"turns":6.0},{"damage":5.0,"enemies":"Blue Slaver","floor":12.0,"turns":3.0},{"damage":3.0,"enemies":"Looter","floor":13.0,"turns":3.0},{"damage":10.0,"enemies":"2 Fungi Beasts","floor":14.0,"turns":3.0},{"damage":14.0,"enemies":"Slime Boss","floor":16.0,"turns":9.0},{"damage":3.0,"enemies":"Chosen","floor":18.0,"turns":6.0},{"damage":0,"enemies":"2 Thieves","floor":20,"turns":1},{"damage":18,"enemies":"Chosen and Byrds","floor":28,"turns":5},{"damage":14,"enemies":"3 Cultists","floor":30,"turns":4},{"damage":7,"enemies":"Snecko","floor":31,"turns":5},{"damage":48,"enemies":"Champ","floor":33,"turns":15},{"damage":12,"enemies":"3 Shapes","floor":35,"turns":3},{"damage":22,"enemies":"3 Darklings","floor":36,"turns":3},{"damage":7,"enemies":"4 Shapes","floor":38,"turns":3},{"damage":12,"enemies":"Transient","floor":41,"turns":5},{"damage":30,"enemies":"Spire Growth","floor":47,"turns":6},{"damage":14,"enemies":"Maw","floor":48,"turns":7},{"damage":117,"enemies":"Awakened One","floor":50,"turns":15}],"seed_played":"3353984463523164047","potions_obtained":[{"floor":2.0,"key":"SmokeBomb"},{"floor":4.0,"key":"Fire Potion"},{"floor":12.0,"key":"Strength Potion"},{"floor":16.0,"key":"Dexterity Potion"},{"floor":18.0,"key":"SkillPotion"},{"floor":28,"key":"Strength Potion"},{"floor":33,"key":"Dexterity Potion"},{"floor":35,"key":"SkillPotion"},{"floor":36,"key":"SteroidPotion"},{"floor":42,"key":"FairyPotion"}],"is_trial":false,"path_per_floor":["M","M","T","M","$","R","E","$","T","?","?","M","M","M","R","B",null,"M","?","M","$","?","R","?","R","T","R","M","?","M","M","R","B",null,"M","M","?","M","$","R","M","?","T","R","?","R","M","M","R","B",null],"character_chosen":"IRONCLAD","items_purchased":["Havoc","Feel No Pain","Iron Wave","Whirlwind","Oddly Smooth Stone","Havoc"],"campfire_rested":1,"item_purchase_floors":[5,5,5,8,21,21],"current_hp_per_floor":[88,88,88,86,86,86,65,65,65,58,63,64,67,63,63,55,98,98,98,98,98,98,98,98,98,98,98,86,77,69,68,68,26,98,92,85,85,87,87,87,90,90,90,90,90,90,83,80,100,16],"gold":131,"neow_bonus":"TEN_PERCENT_HP_BONUS","is_prod":false,"is_daily":false,"chose_seed":false,"campfire_upgraded":9,"win_rate":0,"timestamp":1546278596,"path_taken":["M","M","?","M","$","R","E","?","T","?","?","M","?","M","R","BOSS","M","?","M","$","?","R","?","R","T","R","M","?","M","M","R","BOSS","M","?","?","M","$","R","?","?","T","R","?","R","M","M","R","BOSS"],"build_version":"2018-12-20","purchased_purges":1,"victory":true,"max_hp_per_floor":[88,88,88,88,88,88,88,88,88,88,93,93,93,93,93,93,98,98,98,98,98,98,98,98,98,98,98,98,98,98,98,98,98,98,98,98,98,98,98,98,98,98,98,98,98,98,99,100,100,101],"card_choices":[{"not_picked":["Heavy Blade","Pommel Strike"],"picked":"Clothesline","floor":1.0},{"not_picked":["Bloodletting","Pommel Strike"],"picked":"Cleave","floor":2.0},{"not_picked":["Rampage","Dual Wield"],"picked":"Armaments","floor":4.0},{"not_picked":["Headbutt","Burning Pact"],"picked":"Pummel","floor":7.0},{"not_picked":["Shrug It Off","Cleave"],"picked":"Spot Weakness","floor":12.0},{"not_picked":["Limit Break","Wild Strike"],"picked":"Whirlwind","floor":13.0},{"not_picked":["Perfected Strike","Clash"],"picked":"Uppercut","floor":14.0},{"not_picked":["Limit Break","Dark Embrace"],"picked":"Immolate","floor":16.0},{"not_picked":["Rampage","Headbutt"],"picked":"Havoc","floor":17.0},{"not_picked":["Second Wind","Thunderclap"],"picked":"Iron Wave","floor":18.0},{"not_picked":["Thunderclap","Combust+1"],"picked":"Clothesline+1","floor":28},{"not_picked":["Hemokinesis","Flex"],"picked":"Armaments","floor":30},{"not_picked":["Twin Strike","Intimidate+1"],"picked":"Perfected Strike+1","floor":31},{"not_picked":["Brutality","Berserk"],"picked":"Reaper","floor":33},{"not_picked":["Havoc+1","Pommel Strike"],"picked":"Shrug It Off+1","floor":35},{"not_picked":["Feel No Pain","Warcry+1"],"picked":"Armaments+1","floor":36},{"not_picked":["True Grit","Perfected Strike","Reckless Charge"],"picked":"SKIP","floor":38},{"not_picked":["Havoc","Burning Pact","Sword Boomerang"],"picked":"SKIP","floor":41},{"not_picked":["Feel No Pain","Bloodletting"],"picked":"Flex","floor":47},{"not_picked":["Heavy Blade","Bludgeon"],"picked":"Carnage+1","floor":48}],"player_experience":560391,"relics_obtained":[{"floor":3.0,"key":"Charon\u0027s Ashes"},{"floor":7.0,"key":"Paper Frog"},{"floor":9.0,"key":"Thread and Needle"},{"floor":26,"key":"Bottled Tornado"},{"floor":43,"key":"Juzu Bracelet"}],"event_choices":[{"cards_removed":["Strike_R"],"damage_healed":0.0,"max_hp_gain":0.0,"max_hp_loss":0.0,"gold_gain":0.0,"event_name":"Golden Wing","player_choice":"Card Removal","floor":10.0,"gold_loss":0.0,"damage_taken":7.0},{"damage_healed":0.0,"max_hp_gain":5.0,"max_hp_loss":0.0,"gold_gain":0.0,"event_name":"Big Fish","player_choice":"Donut","floor":11.0,"gold_loss":0.0,"damage_taken":0.0},{"damage_healed":0.0,"max_hp_gain":0.0,"max_hp_loss":0.0,"gold_gain":0.0,"event_name":"The Mausoleum","player_choice":"Opened","floor":19.0,"gold_loss":0.0,"damage_taken":0.0,"relics_obtained":["Ice Cream"],"cards_obtained":["Writhe"]},{"damage_healed":0,"gold_gain":0,"player_choice":"Ignored","damage_taken":0,"max_hp_gain":0,"max_hp_loss":0,"event_name":"Beggar","floor":22,"gold_loss":0},{"damage_healed":0,"gold_gain":99,"player_choice":"Stole From Cult","damage_taken":0,"max_hp_gain":0,"max_hp_loss":0,"event_name":"Nest","floor":24,"gold_loss":0},{"damage_healed":0,"gold_gain":0,"player_choice":"","damage_taken":9,"max_hp_gain":0,"max_hp_loss":0,"event_name":"Knowing Skull","floor":29,"potions_obtained":[],"gold_loss":0,"cards_obtained":[]},{"damage_healed":0,"gold_gain":0,"player_choice":"Paid Gold","damage_taken":0,"relics_obtained":["Magic Flower"],"max_hp_gain":0,"max_hp_loss":0,"event_name":"WeMeetAgain","floor":37,"gold_loss":122},{"damage_healed":0,"gold_gain":0,"player_choice":"Bought 1 Potion","damage_taken":0,"max_hp_gain":0,"max_hp_loss":0,"event_name":"The Woman in Blue","floor":42,"gold_loss":0},{"damage_healed":0,"gold_gain":0,"player_choice":"Trade","damage_taken":0,"relics_obtained":["FaceOfCleric"],"max_hp_gain":0,"max_hp_loss":0,"event_name":"FaceTrader","floor":45,"gold_loss":0}],"is_beta":false,"boss_relics":[{"not_picked":["Fusion Hammer","Lizard Tail"],"picked":"Tiny House"},{"not_picked":["White Beast Statue","Black Blood"],"picked":"Snecko Eye"}],"items_purged_floors":[39],"is_endless":false,"potions_floor_spawned":[2,4,12,16,18,28,33,35,36],"ascension_level":0}