{"gold_per_floor":[361,286,286,296,7,7,41,41,41,66,141,152,183,183,183,288,288,304,321,321,63,63,63,97,97,142,162,192,142,142,142,142,247,247,264,23,35,49,59,86,86,113,167,184,184,217,217,228,228,228],"floor_reached":51,"playtime":2371,"items_purged":["Decay","Strike_R","Strike_R","Strike_R"],"score":943,"play_id":"bd6c811a-33b3-4183-80f7-5c0074483836","local_time":"20190721190420","is_ascension_mode":true,"campfire_choices":[{"data":"Bash","floor":6,"key":"SMITH"},{"data":"Spot Weakness","floor":8,"key":"SMITH"},{"floor":15,"key":"REST"},{"data":"Anger","floor":23,"key":"SMITH"},{"data":"Disarm","floor":25,"key":"SMITH"},{"floor":32,"key":"REST"},{"data":"Heavy Blade","floor":45,"key":"SMITH"},{"data":"Heavy Blade","floor":49,"key":"SMITH"}],"neow_cost":"CURSE","seed_source_timestamp":1019463662383111,"circlet_count":0,"master_deck":["Strike_R","Defend_R","Defend_R","Defend_R+1","Defend_R","Bash+1","Anger+1","Impervious+1","Spot Weakness+1","Shrug It Off","Reaper","Spot Weakness","Headbutt","Immolate","Disarm+1","Shrug It Off","Heavy Blade+1","Exhume","Corruption+1","Armaments+1","Whirlwind+1","Parasite","Sword Boomerang","Heavy Blade+1","Shrug It Off+1","Sword Boomerang"],"relics":["Burning Blood","Incense Burner","Pantograph","Ginger","Strawberry","Happy Flower","Unceasing Top","Philosopher\u0027s Stone","Smiling Mask","Juzu Bracelet","Centennial Puzzle","Frozen Egg 2","Black Star","Brimstone","War Paint","Paper Frog","Regal Pillow","Dodecahedron","Blood Vial","Bag of Preparation","Lantern"],"potions_floor_usage":[7,16,16,19,33,37,38,39,50,50],"damage_taken":[{"damage":13,"enemies":"Cultist","floor":1,"turns":4},{"damage":7,"enemies":"Small Slimes","floor":4,"turns":3},{"damage":12,"enemies":"3 Sentries","floor":7,"turns":7},{"damage":13,"enemies":"Lagavulin","floor":10,"turns":6},{"damage":0,"enemies":"Jaw Worm","floor":12,"turns":3},{"damage":24,"enemies":"Gremlin Nob","floor":13,"turns":5},{"damage":5,"enemies":"Slime Boss","floor":16,"turns":10},{"damage":11,"enemies":"Chosen","floor":18,"turns":6},{"damage":28,"enemies":"2 Thieves","floor":19,"turns":3},{"damage":0,"enemies":"Gremlin Leader","floor":24,"turns":5},{"damage":30,"enemies":"Centurion and Healer","floor":27,"turns":3},{"damage":29,"enemies":"Slavers","floor":28,"turns":3},{"damage":70,"enemies":"Automaton","floor":33,"turns":9},{"damage":1,"enemies":"3 Darklings","floor":35,"turns":4},{"damage":12,"enemies":"3 Shapes","floor":37,"turns":4},{"damage":21,"enemies":"3 Darklings","floor":38,"turns":3},{"damage":10,"enemies":"Writhing Mass","floor":39,"turns":5},{"damage":37,"enemies":"Giant Head","floor":40,"turns":6},{"damage":24,"enemies":"Nemesis","floor":42,"turns":5},{"damage":19,"enemies":"4 Shapes","floor":44,"turns":4},{"damage":33,"enemies":"Reptomancer","floor":46,"turns":3},{"damage":0,"enemies":"Transient","floor":48,"turns":5},{"damage":60,"enemies":"Time Eater","floor":50,"turns":8}],"seed_played":"7125323825371361521","potions_obtained":[{"floor":1,"key":"Fire Potion"},{"floor":10,"key":"Energy Potion"},{"floor":12,"key":"Dexterity Potion"},{"floor":16,"key":"Strength Potion"},{"floor":28,"key":"Dexterity Potion"},{"floor":33,"key":"PowerPotion"},{"floor":37,"key":"PowerPotion"},{"floor":38,"key":"LiquidBronze"},{"floor":44,"key":"EssenceOfSteel"},{"floor":48,"key":"Poison Potion"}],"is_trial":false,"path_per_floor":["M","$","?","M","$","R","E","R","T","E","?","M","E","?","R","B",null,"M","M","?","$","?","R","E","R","T","M","E","$","?","?","R","B",null,"M","$","M","M","M","E","?","E","T","M","R","E","?","M","R","B",null],"character_chosen":"IRONCLAD","items_purchased":["Incense Burner","Immolate","Brimstone"],"campfire_rested":2,"item_purchase_floors":[5,21,36],"current_hp_per_floor":[73,73,73,72,72,72,66,66,66,66,58,64,46,46,72,87,87,85,85,85,85,85,85,87,87,87,63,61,61,61,44,71,49,92,92,92,86,82,92,61,61,43,43,60,60,35,76,76,76,73],"gold":228,"neow_bonus":"TWO_FIFTY_GOLD","is_prod":false,"is_daily":false,"chose_seed":false,"campfire_upgraded":6,"win_rate":0,"timestamp":1563750260,"path_taken":["M","?","?","M","$","R","E","R","T","E","?","?","E","?","R","BOSS","M","M","?","$","?","R","E","R","T","M","E","?","?","?","R","BOSS","M","$","M","M","M","E","?","E","T","M","R","E","?","M","R","BOSS"],"build_version":"2019-07-17","purchased_purges":4,"victory":true,"max_hp_per_floor":[80,80,80,80,80,80,80,80,80,87,87,87,87,87,87,87,87,87,87,87,87,87,87,87,87,87,87,87,87,87,92,92,92,92,92,92,92,92,92,92,87,87,87,87,87,87,76,76,76,76],"card_choices":[{"not_picked":["Rage","Iron Wave"],"picked":"Anger","floor":1},{"not_picked":["True Grit","Iron Wave"],"picked":"Impervious","floor":4},{"not_picked":["Pommel Strike","Warcry"],"picked":"Spot Weakness","floor":7},{"not_picked":["Evolve","Iron Wave","Cleave"],"picked":"SKIP","floor":10},{"not_picked":["Feel No Pain","Perfected Strike"],"picked":"Shrug It Off","floor":12},{"not_picked":["Dropkick","Blood for Blood","Second Wind"],"picked":"SKIP","floor":13},{"not_picked":["Feed","Berserk"],"picked":"Reaper","floor":16},{"not_picked":["Headbutt+1","Pommel Strike"],"picked":"Spot Weakness","floor":18},{"not_picked":["Wild Strike","Entrench"],"picked":"Headbutt","floor":19},{"not_picked":["True Grit","Rupture"],"picked":"Disarm","floor":24},{"not_picked":["Warcry","Iron Wave","Wild Strike"],"picked":"SKIP","floor":27},{"not_picked":["Twin Strike+1","Thunderclap"],"picked":"Shrug It Off","floor":28},{"not_picked":["Reaper","Demon Form+1"],"picked":"Exhume","floor":33},{"not_picked":["Blood for Blood+1","Rampage"],"picked":"Corruption+1","floor":35},{"not_picked":["Thunderclap","Clash+1"],"picked":"Armaments+1","floor":37},{"not_picked":["Warcry+1","Intimidate+1"],"picked":"Whirlwind+1","floor":38},{"not_picked":["Second Wind","Fire Breathing+1","Wild Strike+1"],"picked":"SKIP","floor":39},{"not_picked":["Havoc+1","Intimidate"],"picked":"Sword Boomerang","floor":40},{"not_picked":["Sword Boomerang+1","Corruption+1"],"picked":"Heavy Blade","floor":42},{"not_picked":["Anger","Warcry","Flex"],"picked":"SKIP","floor":44},{"not_picked":["Dark Embrace+1","Dropkick"],"picked":"Shrug It Off+1","floor":46},{"not_picked":["Flex+1","Burning Pact"],"picked":"Sword Boomerang","floor":48}],"player_experience":280780,"relics_obtained":[{"floor":7,"key":"Pantograph"},{"floor":9,"key":"Ginger"},{"floor":10,"key":"Strawberry"},{"floor":13,"key":"Happy Flower"},{"floor":24,"key":"Juzu Bracelet"},{"floor":26,"key":"Centennial Puzzle"},{"floor":28,"key":"Frozen Egg 2"},{"floor":40,"key":"War Paint"},{"floor":40,"key":"Paper Frog"},{"floor":42,"key":"Regal Pillow"},{"floor":42,"key":"Dodecahedron"},{"floor":43,"key":"Blood Vial"},{"floor":46,"key":"Bag of Preparation"},{"floor":46,"key":"Lantern"}],"event_choices":[{"cards_removed":["Strike_R"],"damage_healed":0,"gold_gain":0,"player_choice":"Forget","damage_taken":0,"max_hp_gain":0,"max_hp_loss":0,"event_name":"Living Wall","floor":3,"gold_loss":0},{"damage_healed":0,"gold_gain":75,"player_choice":"Touch","damage_taken":8,"max_hp_gain":0,"max_hp_loss":0,"event_name":"FaceTrader","floor":11,"gold_loss":0},{"damage_healed":0,"gold_gain":0,"player_choice":"Box","damage_taken":0,"relics_obtained":["Unceasing Top"],"max_hp_gain":0,"max_hp_loss":0,"event_name":"Big Fish","floor":14,"gold_loss":0,"cards_obtained":["Regret"]},{"cards_removed":["Regret"],"damage_healed":0,"gold_gain":0,"player_choice":"Elegance","damage_taken":0,"max_hp_gain":0,"max_hp_loss":0,"event_name":"Back to Basics","floor":20,"gold_loss":0},{"damage_healed":0,"gold_gain":0,"player_choice":"Opened","damage_taken":0,"relics_obtained":["Smiling Mask"],"max_hp_gain":0,"max_hp_loss":0,"event_name":"The Mausoleum","floor":22,"gold_loss":0},{"damage_healed":0,"gold_gain":0,"player_choice":"Read","damage_taken":0,"max_hp_gain":0,"max_hp_loss":0,"event_name":"The Library","floor":30,"gold_loss":0,"cards_obtained":["Heavy Blade"]},{"damage_healed":0,"gold_gain":0,"player_choice":"Shed Blood","damage_taken":22,"max_hp_gain":5,"max_hp_loss":0,"event_name":"Forgotten Altar","floor":31,"gold_loss":0},{"damage_healed":0,"gold_gain":0,"player_choice":"Max HP","damage_taken":0,"max_hp_gain":0,"max_hp_loss":5,"event_name":"Winding Halls","floor":41,"gold_loss":0},{"damage_healed":76,"gold_gain":0,"player_choice":"Heal","damage_taken":0,"max_hp_gain":0,"max_hp_loss":11,"event_name":"The Moai Head","floor":47,"gold_loss":0}],"is_beta":false,"boss_relics":[{"not_picked":["Cursed Key","Snecko Eye"],"picked":"Philosopher\u0027s Stone"},{"not_picked":["Lizard Tail","Runic Pyramid"],"picked":"Black Star"}],"items_purged_floors":[2,21,29,36],"is_endless":false,"potions_floor_spawned":[1,10,12,16,28,33,37,38,44,48],"ascension_level":2}