{"gold_per_floor":[20,40,115,115,115,115,150,166,245,40,40,81,81,81,81,81],"floor_reached":16,"playtime":594,"items_purged":["Strike_R"],"score":170,"play_id":"b6d38787-243e-4f1c-a783-eb3b6038bce4","local_time":"20180814215734","is_ascension_mode":true,"campfire_choices":[{"data":"Bash","floor":6,"key":"SMITH"},{"data":"Rage","floor":11,"key":"SMITH"},{"floor":13,"key":"REST"},{"floor":15,"key":"DIG"}],"neow_cost":"NO_GOLD","seed_source_timestamp":511527329226635,"circlet_count":0,"master_deck":["Strike_R+1","Strike_R","Strike_R+1","Strike_R+1","Defend_R","Defend_R+1","Defend_R","Defend_R","Bash+1","AscendersBane","Impervious","Ghostly Armor","Rage+1","Infernal Blade","Spot Weakness","Normality"],"relics":["Burning Blood","Golden Idol","Oddly Smooth Stone","Smiling Mask","Whetstone","Mummified Hand","Shovel","Self Forming Clay"],"potions_floor_usage":[7,16],"damage_taken":[{"damage":4,"enemies":"2 Louse","floor":1,"turns":5},{"damage":4,"enemies":"Small Slimes","floor":2,"turns":6},{"damage":31,"enemies":"Gremlin Nob","floor":7,"turns":6},{"damage":0,"enemies":"Cultist","floor":8,"turns":3},{"damage":18,"enemies":"Lagavulin","floor":12,"turns":8},{"damage":45,"enemies":"Hexaghost","floor":16,"turns":9}],"seed_played":"-2844466812294566729","potions_obtained":[{"floor":2,"key":"Block Potion"},{"floor":7,"key":"Explosive Potion"},{"floor":12,"key":"FearPotion"}],"is_trial":false,"path_per_floor":["M","M","?","?","?","R","E","M","T","$","R","E","R","?","R"],"character_chosen":"IRONCLAD","items_purchased":["Whetstone"],"campfire_rested":1,"item_purchase_floors":[10],"current_hp_per_floor":[74,76,65,65,50,50,25,31,31,31,31,19,41,41,41,0],"gold":81,"neow_bonus":"THREE_RARE_CARDS","is_prod":false,"is_daily":false,"chose_seed":false,"campfire_upgraded":2,"win_rate":0,"timestamp":1534280254,"path_taken":["M","M","?","?","?","R","E","M","T","$","R","E","R","?","R","BOSS"],"build_version":"2018-08-09","purchased_purges":1,"victory":false,"max_hp_per_floor":[80,80,80,74,74,74,74,74,74,74,74,74,74,74,74,74],"card_choices":[{"not_picked":["Barricade","Double Tap"],"picked":"Impervious","floor":0},{"not_picked":["Heavy Blade","Havoc"],"picked":"Ghostly Armor","floor":1},{"not_picked":["Sword Boomerang","Flex"],"picked":"Rage","floor":2},{"not_picked":["Carnage","Wild Strike"],"picked":"Infernal Blade","floor":7},{"not_picked":["Blood for Blood","Perfected Strike","Body Slam"],"picked":"SKIP","floor":8},{"not_picked":["Headbutt","Clothesline"],"picked":"Spot Weakness","floor":12}],"player_experience":564420,"relics_obtained":[{"floor":7,"key":"Oddly Smooth Stone"},{"floor":9,"key":"Smiling Mask"},{"floor":12,"key":"Mummified Hand"},{"floor":15,"key":"Self Forming Clay"}],"event_choices":[{"event_name":"World of Goop","player_choice":"Gather Gold","floor":3,"damage_taken":0},{"event_name":"Golden Idol","player_choice":"Lose Max HP","floor":4,"damage_taken":0},{"event_name":"Shining Light","player_choice":"Entered Light","floor":5,"damage_taken":0},{"event_name":"Accursed Blacksmith","player_choice":"Rummage","floor":14,"damage_taken":0}],"is_beta":false,"boss_relics":[],"items_purged_floors":[10],"is_endless":false,"potions_floor_spawned":[2,7,12],"killed_by":"Hexaghost","ascension_level":12}