{"gold_per_floor":[116,41,57,57,2,37,37,62,62,74,90,103,103,113,113,113],"floor_reached":16,"playtime":429,"items_purged":["Strike_R"],"score":324,"play_id":"81d95c7b-3ec9-4536-928f-532c88beec18","local_time":"20190704195828","is_ascension_mode":true,"campfire_choices":[{"data":"Rampage","floor":7,"key":"SMITH"},{"data":"True Grit","floor":13,"key":"SMITH"},{"data":"Flame Barrier","floor":15,"key":"SMITH"}],"neow_cost":"NONE","seed_source_timestamp":608951657632393,"circlet_count":0,"master_deck":["AscendersBane","Strike_R","Strike_R","Strike_R","Strike_R","Defend_R","Defend_R","Defend_R","Defend_R","Bash","Whirlwind+1","Rampage+1","Flame Barrier+1","Carnage","Flex","True Grit+1","Feel No Pain"],"relics":["Burning Blood","NeowsBlessing","Bottled Flame","Smiling Mask","Gremlin Horn"],"potions_floor_usage":[8,11,16,16],"damage_taken":[{"damage":0,"enemies":"Cultist","floor":1,"turns":1},{"damage":0,"enemies":"Small Slimes","floor":3,"turns":1},{"damage":0,"enemies":"Gremlin Nob","floor":6,"turns":1},{"damage":0,"enemies":"3 Sentries","floor":8,"turns":2},{"damage":0,"enemies":"2 Louse","floor":10,"turns":1},{"damage":9,"enemies":"Exordium Thugs","floor":11,"turns":2},{"damage":11,"enemies":"Blue Slaver","floor":12,"turns":4},{"damage":2,"enemies":"Looter","floor":14,"turns":3},{"damage":76,"enemies":"Hexaghost","floor":16,"turns":10}],"seed_played":"8465085121791585992","potions_obtained":[{"floor":3,"key":"Energy Potion"},{"floor":8,"key":"SteroidPotion"},{"floor":11,"key":"SteroidPotion"}],"is_trial":false,"path_per_floor":["M","$","M","?","$","E","R","E","T","M","M","M","R","M","R","B"],"character_chosen":"IRONCLAD","items_purchased":["Block Potion"],"campfire_rested":0,"item_purchase_floors":[5],"current_hp_per_floor":[74,74,75,75,75,75,75,75,75,75,72,67,67,71,71,0],"gold":113,"neow_bonus":"THREE_ENEMY_KILL","is_prod":false,"is_daily":false,"chose_seed":false,"campfire_upgraded":3,"win_rate":0,"timestamp":1562266708,"path_taken":["M","$","?","?","$","E","R","E","T","M","?","M","R","M","R","BOSS"],"build_version":"2019-07-01","purchased_purges":1,"victory":false,"max_hp_per_floor":[75,75,75,75,75,75,75,75,75,75,75,75,75,75,75,75],"card_choices":[{"not_picked":["Armaments","Twin Strike"],"picked":"Whirlwind","floor":1},{"not_picked":["Clash","Warcry"],"picked":"Rampage","floor":3},{"not_picked":["Rage","Anger"],"picked":"Flame Barrier","floor":6},{"not_picked":["Warcry","Cleave"],"picked":"Carnage","floor":8},{"not_picked":["Exhume","Hemokinesis"],"picked":"Flex","floor":10},{"not_picked":["Iron Wave","Armaments","Blood for Blood"],"picked":"SKIP","floor":11},{"not_picked":["Havoc","Body Slam"],"picked":"True Grit","floor":12},{"not_picked":["Pommel Strike","Body Slam"],"picked":"Feel No Pain","floor":14}],"player_experience":1130268,"relics_obtained":[{"floor":6,"key":"Bottled Flame"},{"floor":8,"key":"Smiling Mask"},{"floor":9,"key":"Gremlin Horn"}],"event_choices":[{"damage_healed":0,"gold_gain":0,"player_choice":"Upgraded","damage_taken":0,"max_hp_gain":0,"max_hp_loss":0,"event_name":"Upgrade Shrine","floor":4,"gold_loss":0,"cards_upgraded":["Whirlwind"]}],"is_beta":false,"boss_relics":[],"items_purged_floors":[2],"is_endless":false,"potions_floor_spawned":[3,8,11,12],"killed_by":"Hexaghost","ascension_level":20}