{"gold_per_floor":[116,216,235,248,248,248,263,289,336,351,351,82,82,92,92,188,188,203,216,216,216,216,216,231,231,257,257,274,274],"floor_reached":29,"playtime":1235,"items_purged":["Strike_B"],"score":360,"play_id":"7fddf09e-0e02-43a4-a4cb-fd8c2414c573","local_time":"20180909141225","is_ascension_mode":true,"campfire_choices":[{"data":"Doom and Gloom","floor":6,"key":"SMITH"},{"data":"Zap","floor":11,"key":"SMITH"},{"floor":13,"key":"REST"},{"floor":15,"key":"REST"},{"floor":23,"key":"REST"},{"floor":25,"key":"REST"}],"neow_cost":"NONE","seed_source_timestamp":1912200181514045,"circlet_count":0,"master_deck":["Zap+1","Dualcast","AscendersBane","Self Repair","Doom and Gloom+1","FTL","Coolheaded","Rebound","Ball Lightning","Defragment+1","Leap","Machine Learning+1","Gash","Capacitor+1","Compile Driver","Conserve Battery","Gash","Gash","Streamline","Defragment+1","Steam"],"relics":["Cracked Core","Frozen Egg 2","Smiling Mask","Happy Flower","Pandora\u0027s Box","Nilry\u0027s Codex","Centennial Puzzle","Incense Burner"],"potions_floor_usage":[18,24,24],"damage_taken":[{"damage":2,"enemies":"2 Louse","floor":1,"turns":3},{"damage":1,"enemies":"Cultist","floor":3,"turns":4},{"damage":2,"enemies":"Small Slimes","floor":4,"turns":3},{"damage":3,"enemies":"Exordium Wildlife","floor":7,"turns":2},{"damage":26,"enemies":"Lagavulin","floor":8,"turns":6},{"damage":11,"enemies":"Blue Slaver","floor":10,"turns":4},{"damage":14,"enemies":"Exordium Thugs","floor":14,"turns":2},{"damage":2,"enemies":"The Guardian","floor":16,"turns":10},{"damage":14,"enemies":"3 Byrds","floor":18,"turns":3},{"damage":19,"enemies":"Shell Parasite","floor":19,"turns":4},{"damage":16,"enemies":"Shelled Parasite and Fungi","floor":24,"turns":4},{"damage":30,"enemies":"Centurion and Healer","floor":28,"turns":5},{"damage":35,"enemies":"Slavers","floor":29,"turns":5}],"seed_played":"7658682199818591418","potions_obtained":[{"floor":1,"key":"Block Potion"},{"floor":4,"key":"SkillPotion"},{"floor":18,"key":"Energy Potion"}],"is_trial":false,"path_per_floor":["M","?","M","M","?","R","M","E","T","M","R","$","R","M","R","B",null,"M","M","?","?","?","R","M","R","T","T","M"],"character_chosen":"DEFECT","items_purchased":["Defragment+1","Happy Flower"],"campfire_rested":4,"item_purchase_floors":[12,12],"current_hp_per_floor":[73,73,75,75,68,68,65,39,39,35,35,35,57,43,65,70,74,60,48,32,32,18,42,33,57,57,57,34,0],"gold":274,"neow_bonus":"TRANSFORM_CARD","is_prod":false,"is_daily":false,"chose_seed":false,"campfire_upgraded":2,"win_rate":0,"timestamp":1536498745,"path_taken":["M","?","M","M","?","R","M","E","T","M","R","$","R","M","R","BOSS","M","M","?","?","?","R","M","R","T","?","M","E"],"build_version":"2018-09-06","purchased_purges":1,"victory":false,"max_hp_per_floor":[75,75,75,75,75,75,75,75,75,75,75,75,75,75,75,75,75,75,75,75,75,80,80,80,80,80,80,80,80],"card_choices":[{"not_picked":["Skim","Recycle"],"picked":"Sweeping Beam","floor":1},{"not_picked":["Sweeping Beam","Stack"],"picked":"Doom and Gloom","floor":3},{"not_picked":["Conserve Battery","Steam Power"],"picked":"FTL","floor":4},{"not_picked":["Compile Driver","Gash"],"picked":"Coolheaded","floor":7},{"not_picked":["Tempest","Scrape"],"picked":"Rebound","floor":8},{"not_picked":["Turbo","Thunder Strike"],"picked":"Ball Lightning","floor":10},{"not_picked":["Go for the Eyes","Barrage"],"picked":"Leap","floor":14},{"not_picked":["Fission","Multi-Cast"],"picked":"Machine Learning+1","floor":16},{"not_picked":["Coolheaded","Doom and Gloom"],"picked":"Gash","floor":18},{"not_picked":["Fusion","Go for the Eyes","Compile Driver"],"picked":"SKIP","floor":19},{"not_picked":["Ball Lightning","Streamline"],"picked":"Defragment+1","floor":24},{"not_picked":["Hello World+1","Gash"],"picked":"Steam","floor":28}],"player_experience":710700,"relics_obtained":[{"floor":8,"key":"Frozen Egg 2"},{"floor":9,"key":"Smiling Mask"},{"floor":20,"key":"Nilry\u0027s Codex"},{"floor":26,"key":"Centennial Puzzle"},{"floor":27,"key":"Incense Burner"}],"event_choices":[{"event_name":"Golden Shrine","player_choice":"Pray","floor":2,"damage_taken":0},{"event_name":"Golden Wing","player_choice":"Card Removal","floor":5,"damage_taken":0},{"event_name":"Cursed Tome","player_choice":"Obtained Book","floor":20,"damage_taken":0},{"event_name":"Transmorgrifier","player_choice":"Transform","floor":21,"damage_taken":0},{"event_name":"Forgotten Altar","player_choice":"Shed Blood","floor":22,"damage_taken":0}],"is_beta":false,"boss_relics":[{"not_picked":["FrozenCore","Snecko Eye"],"picked":"Pandora\u0027s Box"}],"items_purged_floors":[12],"is_endless":false,"potions_floor_spawned":[1,4,18,19],"killed_by":"Slavers","ascension_level":12}