{"gold_per_floor":[109,109,89,99,109,109,134,134,134,134,64,64],"floor_reached":12,"playtime":852,"items_purged":[],"score":144,"play_id":"553d08fe-e420-4dc9-8420-c4b3e65ee340","local_time":"20190722181149","is_ascension_mode":true,"campfire_choices":[{"data":"Neutralize","floor":6,"key":"SMITH"},{"data":"Blur","floor":8,"key":"SMITH"},{"data":"Cloak And Dagger","floor":10,"key":"SMITH"}],"neow_cost":"NONE","seed_source_timestamp":116200857774100,"circlet_count":0,"master_deck":["AscendersBane","Strike_G","Strike_G","Strike_G","Strike_G","Strike_G","Defend_G","Defend_G","Defend_G","Defend_G","Defend_G","Survivor","Neutralize+1","Skewer+1","Cloak And Dagger+1","Blur+1","Leg Sweep+1"],"relics":["Ring of the Snake","NeowsBlessing","Toxic Egg 2","Molten Egg 2"],"potions_floor_usage":[7,7],"damage_taken":[{"damage":0,"enemies":"Small Slimes","floor":1,"turns":1},{"damage":0,"enemies":"Cultist","floor":4,"turns":1},{"damage":0,"enemies":"2 Louse","floor":5,"turns":1},{"damage":21,"enemies":"Lagavulin","floor":7,"turns":6},{"damage":53,"enemies":"Gremlin Nob","floor":12,"turns":6}],"seed_played":"-6569203702444161164","potions_obtained":[{"floor":1,"key":"SkillPotion"},{"floor":3,"key":"Poison Potion"},{"floor":5,"key":"LiquidBronze"}],"is_trial":false,"path_per_floor":["M","?","?","M","M","R","E","R","T","R","?","E"],"character_chosen":"THE_SILENT","items_purchased":[],"campfire_rested":0,"item_purchase_floors":[],"current_hp_per_floor":[59,59,59,59,59,59,38,38,38,38,38,0],"gold":64,"neow_bonus":"THREE_ENEMY_KILL","is_prod":false,"is_daily":false,"chose_seed":false,"campfire_upgraded":3,"win_rate":0,"timestamp":1563811909,"path_taken":["M","?","?","?","M","R","E","R","T","R","?","E"],"build_version":"2019-07-17","purchased_purges":0,"victory":false,"max_hp_per_floor":[66,66,66,66,66,66,66,66,66,66,66,66],"card_choices":[{"not_picked":["Backflip","Flying Knee"],"picked":"Skewer","floor":1},{"not_picked":["Blade Dance","Dagger Throw"],"picked":"Cloak And Dagger","floor":4},{"not_picked":["Blade Dance","Cloak And Dagger"],"picked":"Blur","floor":5},{"not_picked":["Dagger Throw","Sucker Punch"],"picked":"Leg Sweep","floor":7}],"player_experience":1740138,"relics_obtained":[{"floor":7,"key":"Toxic Egg 2"},{"floor":9,"key":"Molten Egg 2"}],"event_choices":[{"damage_healed":0,"gold_gain":0,"player_choice":"Grow","damage_taken":0,"max_hp_gain":0,"max_hp_loss":0,"event_name":"Living Wall","floor":2,"gold_loss":0,"cards_upgraded":["Skewer"]},{"damage_healed":0,"gold_gain":0,"player_choice":"Bought 1 Potion","damage_taken":0,"max_hp_gain":0,"max_hp_loss":0,"event_name":"The Woman in Blue","floor":3,"gold_loss":0},{"damage_healed":0,"gold_gain":0,"player_choice":"Left Gold","damage_taken":0,"max_hp_gain":0,"max_hp_loss":0,"event_name":"World of Goop","floor":11,"gold_loss":70}],"is_beta":false,"boss_relics":[],"items_purged_floors":[],"is_endless":false,"potions_floor_spawned":[1,5],"killed_by":"Gremlin Nob","ascension_level":18}