{"gold_per_floor":[114,133,151,201,219,219,234,254,309,321],"floor_reached":10,"playtime":445,"items_purged":[],"score":112,"play_id":"657d63b3-ea03-4af6-a049-477a037ae54a","local_time":"20190611225629","is_ascension_mode":true,"campfire_choices":[{"data":"Neutralize","floor":6,"key":"SMITH"}],"neow_cost":"NONE","seed_source_timestamp":19130096667600,"circlet_count":0,"master_deck":["AscendersBane","Defend_G","Defend_G","Defend_G","Defend_G","Defend_G","Strike_G","Strike_G","Strike_G","Strike_G","Strike_G","Survivor","Neutralize+1","Infinite Blades","Poisoned Stab","Backstab","Blade Dance","Accuracy","Finisher"],"relics":["Ring of the Snake","Snake Skull","MawBank"],"potions_floor_usage":[5,5],"damage_taken":[{"damage":1,"enemies":"Small Slimes","floor":1,"turns":4},{"damage":0,"enemies":"Cultist","floor":2,"turns":4},{"damage":0,"enemies":"2 Louse","floor":3,"turns":4},{"damage":23,"enemies":"Lots of Slimes","floor":5,"turns":6},{"damage":23,"enemies":"Large Slime","floor":7,"turns":7},{"damage":3,"enemies":"Blue Slaver","floor":8,"turns":4},{"damage":5,"enemies":"3 Sentries","floor":10,"turns":1}],"seed_played":"3931323178589051434","potions_obtained":[{"floor":1,"key":"GamblersBrew"},{"floor":2,"key":"Strength Potion"}],"is_trial":false,"path_per_floor":["M","M","M","?","M","R","M","M","T","E"],"character_chosen":"THE_SILENT","items_purchased":[],"campfire_rested":0,"item_purchase_floors":[],"current_hp_per_floor":[58,58,58,52,29,29,6,3,3,0],"gold":321,"neow_bonus":"RANDOM_COMMON_RELIC","is_prod":false,"is_daily":false,"chose_seed":false,"campfire_upgraded":1,"win_rate":0,"timestamp":1560286589,"path_taken":["M","M","M","?","M","R","M","?","T","E"],"build_version":"2019-01-23","purchased_purges":0,"victory":false,"max_hp_per_floor":[66,66,66,66,66,66,66,66,66,66],"card_choices":[{"not_picked":["Reflex","Eviscerate"],"picked":"Infinite Blades","floor":1},{"not_picked":["All Out Attack","Dagger Throw"],"picked":"Poisoned Stab","floor":2},{"not_picked":["Outmaneuver","Wraith Form v2"],"picked":"Backstab","floor":3},{"not_picked":["All Out Attack","Acrobatics"],"picked":"Blade Dance","floor":5},{"not_picked":["Well Laid Plans","Eviscerate"],"picked":"Accuracy","floor":7},{"not_picked":["Dagger Spray","Eviscerate"],"picked":"Finisher","floor":8}],"player_experience":1303373,"relics_obtained":[{"floor":9,"key":"MawBank"}],"event_choices":[{"damage_healed":0,"gold_gain":50,"player_choice":"Touch","damage_taken":6,"max_hp_gain":0,"max_hp_loss":0,"event_name":"FaceTrader","floor":4,"gold_loss":0}],"is_beta":false,"boss_relics":[],"items_purged_floors":[],"is_endless":false,"potions_floor_spawned":[1,2],"killed_by":"3 Sentries","ascension_level":16}