{"gold_per_floor":[114,39,39,55,3,37,37,62,62,62,24,38,38,57,57,135,135,151,169,444,456,473,473,492,492],"floor_reached":25,"playtime":777,"items_purged":["Strike_R"],"score":405,"play_id":"a059354f-a8df-4384-870c-951ad2a93675","local_time":"20190326022418","is_ascension_mode":true,"campfire_choices":[{"data":"Whirlwind","floor":7,"key":"SMITH"},{"data":"Bash","floor":10,"key":"SMITH"},{"data":"True Grit","floor":15,"key":"SMITH"},{"floor":23,"key":"REST"}],"neow_cost":"NONE","seed_source_timestamp":1121872437695200,"circlet_count":0,"master_deck":["AscendersBane","Strike_R","Strike_R","Strike_R","Strike_R","Defend_R","Defend_R","Defend_R","Defend_R","Bash+1","Anger","Whirlwind+1","Shrug It Off","Flex","Pommel Strike","Bloodletting","True Grit+1","Reaper","Sword Boomerang","Rupture","Offering","Armaments","Reckless Charge+1","Iron Wave+1","True Grit","Regret","Flame Barrier","Whirlwind+1","Seeing Red","Thunderclap","Blood for Blood","Rupture"],"relics":["Burning Blood","NeowsBlessing","Bottled Flame","Prayer Wheel","Paper Frog","Mark of Pain"],"potions_floor_usage":[16,16,16,16,22,25],"damage_taken":[{"damage":0,"enemies":"Cultist","floor":1,"turns":1},{"damage":0,"enemies":"Jaw Worm","floor":4,"turns":1},{"damage":0,"enemies":"3 Sentries","floor":6,"turns":1},{"damage":26,"enemies":"Gremlin Nob","floor":8,"turns":4},{"damage":0,"enemies":"2 Louse","floor":12,"turns":1},{"damage":16,"enemies":"Blue Slaver","floor":14,"turns":3},{"damage":40,"enemies":"Slime Boss","floor":16,"turns":8},{"damage":47,"enemies":"2 Thieves","floor":18,"turns":5},{"damage":18,"enemies":"Shell Parasite","floor":19,"turns":4},{"damage":3,"enemies":"3 Cultists","floor":21,"turns":4},{"damage":6,"enemies":"Snecko","floor":22,"turns":3},{"damage":39,"enemies":"Snake Plant","floor":24,"turns":4},{"damage":26,"enemies":"Slavers","floor":25,"turns":2}],"seed_played":"8504592170579391178","potions_obtained":[{"floor":3,"key":"Strength Potion"},{"floor":3,"key":"Ancient Potion"},{"floor":14,"key":"EntropicBrew"},{"floor":16,"key":"Dexterity Potion"},{"floor":18,"key":"Ancient Potion"},{"floor":24,"key":"EssenceOfSteel"}],"is_trial":false,"path_per_floor":["M","$","?","M","$","E","R","E","T","R","$","M","$","M","R","B",null,"M","M","?","M","M","R","M","E"],"character_chosen":"IRONCLAD","items_purchased":["Shrug It Off","Bloodletting"],"campfire_rested":1,"item_purchase_floors":[5,11],"current_hp_per_floor":[74,74,74,75,75,75,75,55,55,55,55,61,61,51,51,39,66,35,23,23,30,30,52,24,0],"gold":492,"neow_bonus":"THREE_ENEMY_KILL","is_prod":false,"is_daily":false,"chose_seed":false,"campfire_upgraded":3,"win_rate":0,"timestamp":1553563458,"path_taken":["M","$","?","M","$","E","R","E","T","R","?","M","$","M","R","BOSS","M","M","?","M","M","R","?","E"],"build_version":"2019-01-23","purchased_purges":1,"victory":false,"max_hp_per_floor":[75,75,75,75,75,75,75,75,75,75,75,75,75,75,75,75,75,75,75,75,75,75,75,75,75],"card_choices":[{"not_picked":["Havoc","Headbutt"],"picked":"Anger","floor":1},{"not_picked":["Heavy Blade","Rampage"],"picked":"Whirlwind","floor":4},{"not_picked":["Sword Boomerang","Pommel Strike"],"picked":"Flex","floor":6},{"not_picked":["Shrug It Off","Feel No Pain"],"picked":"Pommel Strike","floor":8},{"not_picked":["Heavy Blade","Body Slam"],"picked":"True Grit","floor":12},{"not_picked":["Sword Boomerang","Flex"],"picked":"Reaper","floor":12},{"not_picked":["Twin Strike","Sever Soul"],"picked":"Sword Boomerang","floor":14},{"not_picked":["Headbutt","Armaments"],"picked":"Rupture","floor":14},{"not_picked":["Fiend Fire","Demon Form"],"picked":"Offering","floor":16},{"not_picked":["Twin Strike","Sword Boomerang"],"picked":"Armaments","floor":18},{"not_picked":["Clothesline","Metallicize+1"],"picked":"Reckless Charge+1","floor":18},{"not_picked":["Body Slam","Disarm"],"picked":"Iron Wave+1","floor":19},{"not_picked":["Combust","Flex"],"picked":"True Grit","floor":19},{"not_picked":["Sever Soul+1","Sword Boomerang"],"picked":"Flame Barrier","floor":21},{"not_picked":["Sever Soul","Warcry"],"picked":"Whirlwind+1","floor":21},{"not_picked":["Bloodletting","Twin Strike"],"picked":"Seeing Red","floor":22},{"not_picked":["Pummel","True Grit"],"picked":"Thunderclap","floor":22},{"not_picked":["Sword Boomerang","Clothesline"],"picked":"Blood for Blood","floor":24},{"not_picked":["Power Through","Searing Blow+1"],"picked":"Rupture","floor":24}],"player_experience":1005360,"relics_obtained":[{"floor":6,"key":"Bottled Flame"},{"floor":8,"key":"Prayer Wheel"},{"floor":9,"key":"Paper Frog"}],"event_choices":[{"damage_healed":0,"gold_gain":0,"player_choice":"Got Potions","damage_taken":0,"max_hp_gain":0,"max_hp_loss":0,"event_name":"Lab","floor":3,"gold_loss":0},{"damage_healed":0,"gold_gain":275,"player_choice":"Desecrate","damage_taken":0,"max_hp_gain":0,"max_hp_loss":0,"event_name":"Golden Shrine","floor":20,"gold_loss":0,"cards_obtained":["Regret"]}],"is_beta":false,"boss_relics":[{"not_picked":["Orrery","White Beast Statue"],"picked":"Mark of Pain"}],"items_purged_floors":[2],"is_endless":false,"potions_floor_spawned":[8,12,14,16,18,24],"killed_by":"Slavers","ascension_level":14}