{"gold_per_floor":[119,119,129,147,147,178,178,156,156,156],"floor_reached":10,"playtime":292,"items_purged":[],"score":126,"play_id":"430f5a7b-8386-4478-98b4-a305897d435e","local_time":"20190706122825","is_ascension_mode":true,"campfire_choices":[{"data":"Flame Barrier","floor":7,"key":"SMITH"}],"neow_cost":"NONE","seed_source_timestamp":11050307399700,"circlet_count":0,"master_deck":["AscendersBane","Strike_R","Strike_R","Strike_R","Strike_R","Strike_R","Defend_R","Defend_R","Defend_R","Defend_R","Bash+1","Armaments+1","Headbutt","Flame Barrier+1","Perfected Strike","Anger"],"relics":["Burning Blood","WingedGreaves","Paper Frog","Nunchaku"],"potions_floor_usage":[6],"damage_taken":[{"damage":3,"enemies":"2 Louse","floor":1,"turns":3},{"damage":7,"enemies":"Jaw Worm","floor":3,"turns":3},{"damage":6,"enemies":"Cultist","floor":4,"turns":3},{"damage":48,"enemies":"Gremlin Nob","floor":6,"turns":5},{"damage":10,"enemies":"Exordium Thugs","floor":8,"turns":4},{"damage":19,"enemies":"Lots of Slimes","floor":10,"turns":3}],"seed_played":"5557988666418081409","potions_obtained":[{"floor":1,"key":"LiquidBronze"}],"is_trial":false,"path_per_floor":["M","?","M","M","?","E","R","M","T","M"],"character_chosen":"IRONCLAD","items_purchased":[],"campfire_rested":0,"item_purchase_floors":[],"current_hp_per_floor":[71,71,70,70,65,23,23,19,19,0],"gold":156,"neow_bonus":"UPGRADE_CARD","is_prod":false,"is_daily":false,"chose_seed":false,"campfire_upgraded":1,"win_rate":0,"timestamp":1562408905,"path_taken":["M","?","M","M","?","E","R","M","T","M"],"build_version":"2019-07-05","purchased_purges":0,"victory":false,"max_hp_per_floor":[75,75,75,75,75,75,75,75,75,75],"card_choices":[{"not_picked":["Feel No Pain","Perfected Strike"],"picked":"Armaments","floor":1},{"not_picked":["Havoc","Thunderclap"],"picked":"Headbutt","floor":3},{"not_picked":["Dropkick","Seeing Red"],"picked":"Flame Barrier","floor":4},{"not_picked":["Searing Blow","Brutality"],"picked":"Perfected Strike","floor":6},{"not_picked":["Warcry","Cleave"],"picked":"Anger","floor":8}],"player_experience":1611582,"relics_obtained":[{"floor":6,"key":"Paper Frog"},{"floor":9,"key":"Nunchaku"}],"event_choices":[{"damage_healed":0,"gold_gain":0,"player_choice":"Grow","damage_taken":0,"max_hp_gain":0,"max_hp_loss":0,"event_name":"Living Wall","floor":2,"gold_loss":0,"cards_upgraded":["Armaments"]},{"damage_healed":0,"gold_gain":0,"player_choice":"Success","damage_taken":5,"relics_obtained":["WingedGreaves"],"max_hp_gain":0,"max_hp_loss":0,"event_name":"Scrap Ooze","floor":5,"gold_loss":0}],"is_beta":false,"boss_relics":[],"items_purged_floors":[],"is_endless":false,"potions_floor_spawned":[1],"killed_by":"Lots of Slimes","ascension_level":17}