{"path_per_floor":["M","$","?","$","M","R","?","E","T","M","M","M","R","M","R","B",null,"M","?","?","M","M","R","$","M","T"],"character_chosen":"DEFECT","items_purchased":["Bandage Up","Defragment"],"gold_per_floor":[119,16,16,16,40,40,5,49,79,94,108,126,126,150,150,269,269,287,287,287,305,326,326,177,201,226,226],"floor_reached":27,"campfire_rested":2,"playtime":1865,"item_purchase_floors":[2,24],"current_hp_per_floor":[75,75,57,57,57,57,75,54,54,54,55,39,39,35,72,23,75,75,75,75,59,25,62,62,56,56,0],"items_purged":["Strike_B"],"gold":226,"score":247,"play_id":"b77dbddd-65da-4b5c-ad48-57aca0719968","local_time":"20180616004648","is_prod":false,"is_daily":false,"chose_seed":false,"is_ascension_mode":true,"campfire_upgraded":2,"win_rate":0,"timestamp":1529106408,"campfire_choices":[{"data":"Genetic Algorithm","floor":6,"key":"SMITH"},{"data":"Zap","floor":13,"key":"SMITH"},{"floor":15,"key":"REST"},{"floor":23,"key":"REST"}],"path_taken":["M","?","?","$","M","R","?","E","T","M","M","?","R","M","R","BOSS","M","?","?","?","M","R","$","M","T","E"],"build_version":"2018-06-14v2","seed_source_timestamp":108802713598620,"purchased_purges":1,"victory":false,"master_deck":["Strike_B","Strike_B","Strike_B","Defend_B","Defend_B","Defend_B","Zap+1","Dualcast","Steam Power","Bandage Up","Genetic Algorithm+1","White Noise","Hologram","Cold Snap","Chaos+1","Recycle","Electrodynamics","Go for the Eyes","Rip and Tear","Defragment","Heatsinks"],"max_hp_per_floor":[75,75,75,75,75,75,75,75,75,75,75,75,75,75,75,75,75,75,75,75,75,75,75,75,75,75,75],"special_seed":17697,"relics":["Cracked Core","Bag of Marbles","Golden Idol","Regal Pillow","Tiny Chest","Nuclear Battery","Orichalcum"],"card_choices":[{"not_picked":["Lockon","Stack"],"picked":"Steam Power","floor":1},{"not_picked":["Go for the Eyes","Gash"],"picked":"Genetic Algorithm","floor":5},{"not_picked":["Core Surge","Leap"],"picked":"White Noise","floor":8},{"not_picked":["Gash","Darkness"],"picked":"Hologram","floor":10},{"not_picked":["Leap","Fusion"],"picked":"Cold Snap","floor":11},{"not_picked":["Streamline","Gash"],"picked":"Chaos","floor":12},{"not_picked":["Sweeping Beam","Hologram"],"picked":"Recycle","floor":14},{"not_picked":["Hyperbeam","Thunder Strike"],"picked":"Electrodynamics","floor":16},{"not_picked":["Doom and Gloom","Stack","Hologram"],"picked":"SKIP","floor":18},{"not_picked":["Coolheaded","Skim"],"picked":"Go for the Eyes","floor":21},{"not_picked":["Steam+1","Chaos"],"picked":"Rip and Tear","floor":22},{"not_picked":["Doom and Gloom","Steam"],"picked":"Heatsinks","floor":25}],"player_experience":441715,"potions_floor_usage":[8,8,8,16,16,16,27],"damage_taken":[{"damage":0,"enemies":"Cultist","floor":1,"turns":2},{"damage":4,"enemies":"Jaw Worm","floor":5,"turns":4},{"damage":25,"enemies":"Lagavulin","floor":8,"turns":7},{"damage":0,"enemies":"2 Louse","floor":10,"turns":1},{"damage":7,"enemies":"Blue Slaver","floor":11,"turns":4},{"damage":20,"enemies":"3 Louse","floor":12,"turns":4},{"damage":8,"enemies":"Looter","floor":14,"turns":2},{"damage":65,"enemies":"Hexaghost","floor":16,"turns":11},{"damage":4,"enemies":"2 Thieves","floor":18,"turns":2},{"damage":20,"enemies":"Shell Parasite","floor":21,"turns":8},{"damage":38,"enemies":"Cultist and Chosen","floor":22,"turns":6},{"damage":10,"enemies":"3 Cultists","floor":25,"turns":4},{"damage":61,"enemies":"Book of Stabbing","floor":27,"turns":6}],"relics_obtained":[{"floor":8,"key":"Regal Pillow"},{"floor":9,"key":"Tiny Chest"},{"floor":26,"key":"Orichalcum"}],"event_choices":[{"event_name":"Golden Idol","player_choice":"Take Damage","floor":3,"damage_taken":0},{"event_name":"The Cleric","player_choice":"Healed","floor":7,"damage_taken":0},{"event_name":"Purifier","player_choice":"One Purge","floor":19,"damage_taken":0},{"event_name":"Accursed Blacksmith","player_choice":"Forge","floor":20,"damage_taken":0}],"boss_relics":[{"not_picked":["Runic Pyramid","Velvet Choker"],"picked":"Nuclear Battery"}],"items_purged_floors":[24],"is_endless":false,"potions_floor_spawned":[1,8,12,16,21,22],"seed_played":"5856529029512829394","killed_by":"Book of Stabbing","ascension_level":3,"potions_obtained":[{"floor":1,"key":"EntropicBrew"},{"floor":8,"key":"Weak Potion"},{"floor":12,"key":"Regen Potion"},{"floor":16,"key":"Explosive Potion"},{"floor":21,"key":"PowerPotion"},{"floor":22,"key":"Poison Potion"}],"is_trial":false}