{"gold_per_floor":[115,127,127,141,153,153,187,205,229,257,257,274,292,311,311,382,382,396,413,12,24,24,42,42],"floor_reached":24,"playtime":1001,"items_purged":["Strike_B"],"score":428,"play_id":"b3b41e66-fe74-41ef-820a-20ae16649fe4","local_time":"20190308193901","is_ascension_mode":true,"campfire_choices":[{"data":"Zap","floor":6.0,"key":"SMITH"},{"floor":11.0,"key":"REST"},{"floor":15.0,"key":"REST"}],"neow_cost":"PERCENT_DAMAGE","seed_source_timestamp":1755153233594776,"circlet_count":0,"master_deck":["AscendersBane","Strike_B","Strike_B","Defend_B","Defend_B","Defend_B","Defend_B","Zap+1","Dualcast","Bandage Up","Dark Shackles","Hello World","Cold Snap","Sweeping Beam","Electrodynamics","Sunder","Static Discharge","Core Surge","Cold Snap","Conserve Battery","White Noise","Echo Form","Coolheaded","Defragment+1","Ball Lightning+1"],"special_seed":0,"relics":["Cracked Core","Shuriken","Art of War","Ancient Tea Set","Nuclear Battery","Matryoshka"],"potions_floor_usage":[18,18,21],"damage_taken":[{"damage":4.0,"enemies":"Small Slimes","floor":1.0,"turns":3.0},{"damage":0.0,"enemies":"Cultist","floor":2.0,"turns":3.0},{"damage":15.0,"enemies":"Jaw Worm","floor":4.0,"turns":5.0},{"damage":3.0,"enemies":"Red Slaver","floor":5.0,"turns":3.0},{"damage":6.0,"enemies":"Gremlin Nob","floor":7.0,"turns":3.0},{"damage":0.0,"enemies":"2 Fungi Beasts","floor":8.0,"turns":2.0},{"damage":36.0,"enemies":"3 Sentries","floor":10.0,"turns":5.0},{"damage":6.0,"enemies":"Large Slime","floor":12.0,"turns":4.0},{"damage":17.0,"enemies":"Exordium Thugs","floor":13.0,"turns":3.0},{"damage":0.0,"enemies":"3 Louse","floor":14.0,"turns":3.0},{"damage":17.0,"enemies":"The Guardian","floor":16.0,"turns":11.0},{"damage":28,"enemies":"3 Byrds","floor":18,"turns":4},{"damage":6,"enemies":"Chosen","floor":19,"turns":6},{"damage":18,"enemies":"Centurion and Healer","floor":21,"turns":8},{"damage":22,"enemies":"Sentry and Sphere","floor":23,"turns":5},{"damage":4,"enemies":"Snake Plant","floor":24,"turns":2}],"seed_played":"-2629870484351635237","potions_obtained":[{"floor":4.0,"key":"Weak Potion"},{"floor":5.0,"key":"AttackPotion"},{"floor":10.0,"key":"Poison Potion"},{"floor":12.0,"key":"SpeedPotion"},{"floor":16.0,"key":"SpeedPotion"},{"floor":19,"key":"Poison Potion"}],"is_trial":false,"path_per_floor":["M","M","?","M","M","R","E","M","T","E","R","M","M","M","R","B",null,"M","M","$","M","?","M","M"],"character_chosen":"DEFECT","items_purchased":["Defragment","Matryoshka"],"campfire_rested":2,"item_purchase_floors":[20,20],"current_hp_per_floor":[46,50,50,39,40,40,34,34,34,2,23,21,8,12,33,20,58,34,36,36,22,22,4,0],"gold":42,"neow_bonus":"RANDOM_COLORLESS_2","is_prod":false,"is_daily":false,"chose_seed":false,"campfire_upgraded":1,"win_rate":0,"timestamp":1552070341,"path_taken":["M","M","?","M","?","R","E","M","T","E","R","M","M","M","R","BOSS","M","M","$","M","?","M","M"],"build_version":"2019-01-23","purchased_purges":1,"victory":false,"max_hp_per_floor":[71,71,71,71,71,71,71,71,71,71,71,71,71,71,71,71,71,71,71,71,71,71,71,71],"card_choices":[{"not_picked":["Rebound","Heatsinks"],"picked":"Hello World","floor":1.0},{"not_picked":["Gash","Double Energy"],"picked":"Cold Snap","floor":2.0},{"not_picked":["Stack","Go for the Eyes"],"picked":"Sweeping Beam","floor":4.0},{"not_picked":["Chill","Hello World"],"picked":"Electrodynamics","floor":5.0},{"not_picked":["Double Energy","Conserve Battery"],"picked":"Sunder","floor":7.0},{"not_picked":["Barrage","Steam Power"],"picked":"Static Discharge","floor":8.0},{"not_picked":["Leap","Streamline"],"picked":"Core Surge","floor":10.0},{"not_picked":["Sweeping Beam","Reprogram"],"picked":"Cold Snap","floor":12.0},{"not_picked":["Compile Driver","Hologram"],"picked":"Conserve Battery","floor":13.0},{"not_picked":["Compile Driver","Beam Cell"],"picked":"White Noise","floor":14.0},{"not_picked":["Buffer","All For One"],"picked":"Echo Form","floor":16.0},{"not_picked":["Gash","Ball Lightning"],"picked":"Coolheaded","floor":18},{"not_picked":["Go for the Eyes","Sweeping Beam","Gash"],"picked":"SKIP","floor":19},{"not_picked":["Rebound","Chill"],"picked":"Ball Lightning+1","floor":21},{"not_picked":["Gash","Streamline","Turbo"],"picked":"SKIP","floor":23}],"player_experience":686509,"relics_obtained":[{"floor":7.0,"key":"Shuriken"},{"floor":9.0,"key":"Art of War"},{"floor":10.0,"key":"Ancient Tea Set"}],"event_choices":[{"cards_removed":["Strike_B"],"damage_healed":0.0,"max_hp_gain":0.0,"max_hp_loss":0.0,"gold_gain":0.0,"event_name":"Purifier","player_choice":"Purged","floor":3.0,"gold_loss":0.0,"damage_taken":0.0},{"damage_healed":0,"gold_gain":0,"player_choice":"Forge","damage_taken":0,"max_hp_gain":0,"max_hp_loss":0,"event_name":"Accursed Blacksmith","floor":22,"gold_loss":0,"cards_upgraded":["Defragment"]}],"is_beta":false,"boss_relics":[{"not_picked":["Runic Pyramid","Philosopher\u0027s Stone"],"picked":"Nuclear Battery"}],"items_purged_floors":[20],"is_endless":false,"potions_floor_spawned":[4,5,10,12,16,19],"killed_by":"Snake Plant","ascension_level":20}