{"gold_per_floor":[118,138,138,288,288,313,313,325,325,336,336,348,5,32,32,107,107,121,134,134,134,144,144,159,159,159,159,159],"floor_reached":28,"playtime":1536,"items_purged":[],"score":455,"play_id":"ebca0212-ae76-4b1a-87e2-635689db0184","local_time":"20190626193305","is_ascension_mode":true,"campfire_choices":[{"data":"Zap","floor":7,"key":"SMITH"},{"data":"Conserve Battery","floor":11,"key":"SMITH"},{"floor":15,"key":"REST"},{"data":"Buffer","floor":23,"key":"SMITH"},{"data":"Creative AI","floor":25,"key":"SMITH"},{"data":"Defragment","floor":27,"key":"SMITH"}],"neow_cost":"NONE","seed_source_timestamp":759955119242200,"circlet_count":0,"master_deck":["AscendersBane","Strike_B","Strike_B","Defend_B","Defend_B+1","Defend_B","Defend_B","Zap+1","Dualcast+1","Beam Cell","Doubt","FTL","Conserve Battery+1","Ball Lightning","Steam","Conserve Battery","Cold Snap","Creative AI+1","Stack","Hologram","Buffer+1","Static Discharge","Defragment+1","Redo+1","Double Energy","Shame"],"relics":["Cracked Core","NeowsBlessing","Letter Opener","Kunai","Pantograph","Incense Burner","Pen Nib","Cursed Key","Ornamental Fan"],"potions_floor_usage":[16,16,18,19,22],"damage_taken":[{"damage":0,"enemies":"Cultist","floor":1,"turns":1},{"damage":0,"enemies":"Jaw Worm","floor":2,"turns":1},{"damage":0,"enemies":"Gremlin Nob","floor":6,"turns":1},{"damage":7,"enemies":"2 Louse","floor":8,"turns":2},{"damage":2,"enemies":"Large Slime","floor":10,"turns":5},{"damage":4,"enemies":"Looter","floor":12,"turns":4},{"damage":10,"enemies":"3 Sentries","floor":14,"turns":7},{"damage":9,"enemies":"The Guardian","floor":16,"turns":13},{"damage":2,"enemies":"Chosen","floor":18,"turns":4},{"damage":6,"enemies":"Spheric Guardian","floor":19,"turns":4},{"damage":19,"enemies":"Cultist and Chosen","floor":22,"turns":6},{"damage":0,"enemies":"Centurion and Healer","floor":24,"turns":10},{"damage":47,"enemies":"Gremlin Leader","floor":28,"turns":6}],"seed_played":"6344307662658799815","potions_obtained":[{"floor":1,"key":"Ancient Potion"},{"floor":10,"key":"Ancient Potion"},{"floor":16,"key":"Fire Potion"},{"floor":18,"key":"Swift Potion"},{"floor":19,"key":"Fire Potion"}],"is_trial":false,"path_per_floor":["M","M","?","?","T","E","R","M","T","M","R","M","$","E","R","B",null,"M","M","?","?","M","R","M","R","T","R","E"],"character_chosen":"DEFECT","items_purchased":["Incense Burner","Conserve Battery"],"campfire_rested":1,"item_purchase_floors":[13,13],"current_hp_per_floor":[64,64,43,43,43,43,43,36,36,34,34,30,30,20,41,57,68,66,60,60,60,41,41,41,41,41,41,0],"gold":159,"neow_bonus":"THREE_ENEMY_KILL","is_prod":false,"is_daily":false,"chose_seed":false,"campfire_upgraded":5,"win_rate":0,"timestamp":1561570385,"path_taken":["M","?","?","?","?","E","R","M","T","M","R","?","$","E","R","BOSS","M","M","?","?","M","R","M","R","T","R","E"],"build_version":"2019-01-23","purchased_purges":0,"victory":false,"max_hp_per_floor":[71,71,71,71,71,71,71,71,71,71,71,71,71,71,71,71,71,71,71,71,71,71,71,71,71,71,71,71],"card_choices":[{"not_picked":["Compile Driver","Steam"],"picked":"Beam Cell","floor":1},{"not_picked":["Beam Cell","Streamline","Hello World"],"picked":"SKIP","floor":2},{"not_picked":["Aggregate","Scrape"],"picked":"FTL","floor":6},{"not_picked":["Leap","Steam"],"picked":"Conserve Battery","floor":8},{"not_picked":["Redo","Coolheaded"],"picked":"Ball Lightning","floor":10},{"not_picked":["Steam Power","Gash"],"picked":"Steam","floor":12},{"not_picked":["Steam","Barrage"],"picked":"Cold Snap","floor":14},{"not_picked":["Hyperbeam","Reboot"],"picked":"Creative AI","floor":16},{"not_picked":["Streamline","Steam"],"picked":"Stack","floor":18},{"not_picked":["Recycle","FTL"],"picked":"Hologram","floor":19},{"not_picked":["Stack+1","Streamline"],"picked":"Redo+1","floor":22},{"not_picked":["Rip and Tear","Sweeping Beam"],"picked":"Double Energy","floor":24}],"player_experience":1492358,"relics_obtained":[{"floor":5,"key":"Letter Opener"},{"floor":6,"key":"Kunai"},{"floor":9,"key":"Pantograph"},{"floor":14,"key":"Pen Nib"},{"floor":26,"key":"Ornamental Fan"}],"event_choices":[{"damage_healed":0,"gold_gain":0,"player_choice":"Entered Light","damage_taken":21,"max_hp_gain":0,"max_hp_loss":0,"event_name":"Shining Light","floor":3,"gold_loss":0,"cards_upgraded":["Dualcast","Defend_B"]},{"damage_healed":0,"gold_gain":150,"player_choice":"AGREE","damage_taken":0,"max_hp_gain":0,"max_hp_loss":0,"event_name":"Liars Game","floor":4,"gold_loss":0,"cards_obtained":["Doubt"]},{"damage_healed":0,"gold_gain":0,"cards_transformed":["Strike_B","Strike_B"],"player_choice":"Became Test Subject","damage_taken":0,"max_hp_gain":0,"max_hp_loss":0,"event_name":"Drug Dealer","floor":20,"gold_loss":0,"cards_obtained":["Buffer","Static Discharge"]},{"damage_healed":0,"gold_gain":0,"player_choice":"Read","damage_taken":0,"max_hp_gain":0,"max_hp_loss":0,"event_name":"The Library","floor":21,"gold_loss":0,"cards_obtained":["Defragment"]}],"is_beta":false,"boss_relics":[{"not_picked":["Lizard Tail","Velvet Choker"],"picked":"Cursed Key"}],"items_purged_floors":[],"is_endless":false,"potions_floor_spawned":[1,10,16,18,19],"killed_by":"Gremlin Leader","ascension_level":16}