{"gold_per_floor":[218,234,234,254,268,299,299,149,149,149,175,175,205,225,225,303,303,316,330,330,342,267,267,279,279,305,153,163,180,180,180],"floor_reached":31,"playtime":1459,"items_purged":["Strike_B","Strike_B"],"score":488,"play_id":"80e7603c-810d-488a-b3af-2a532fcbe60e","local_time":"20181102090339","is_ascension_mode":true,"campfire_choices":[{"data":"Zap","floor":7,"key":"SMITH"},{"data":"Sunder","floor":12,"key":"SMITH"},{"floor":15,"key":"REST"},{"floor":23,"key":"REST"},{"floor":25,"key":"REST"}],"neow_cost":"NONE","seed_source_timestamp":432617010128040,"circlet_count":0,"master_deck":["AscendersBane","Strike_B+1","Defend_B+1","Defend_B+1","Defend_B+1","Defend_B+1","Zap+1","Dualcast","Sweeping Beam","Cold Snap","Streamline","Doom and Gloom","Sunder+1","Defragment","Hologram","Cold Snap","Biased Cognition","Writhe","Doubt","Injury","Conserve Battery+1","Cold Snap","Echo Form","Capacitor","Glacier","Ball Lightning"],"relics":["Cracked Core","Blue Candle","Symbiotic Virus","Darkstone Periapt","The Courier","Calling Bell","DataDisk","Pantograph","StoneCalendar","Happy Flower"],"potions_floor_usage":[3,13,14,16,18,28,29,31],"damage_taken":[{"damage":2,"enemies":"Jaw Worm","floor":1,"turns":3},{"damage":0,"enemies":"Cultist","floor":2,"turns":3},{"damage":6,"enemies":"2 Louse","floor":4,"turns":2},{"damage":4,"enemies":"Looter","floor":5,"turns":3},{"damage":20,"enemies":"Gremlin Nob","floor":6,"turns":4},{"damage":19,"enemies":"3 Sentries","floor":11,"turns":5},{"damage":15,"enemies":"Lagavulin","floor":13,"turns":6},{"damage":2,"enemies":"Large Slime","floor":14,"turns":4},{"damage":6,"enemies":"The Guardian","floor":16,"turns":11},{"damage":12,"enemies":"Chosen","floor":18,"turns":5},{"damage":42,"enemies":"2 Thieves","floor":19,"turns":4},{"damage":35,"enemies":"3 Cultists","floor":21,"turns":6},{"damage":32,"enemies":"Cultist and Chosen","floor":24,"turns":7},{"damage":31,"enemies":"Snake Plant","floor":28,"turns":5},{"damage":0,"enemies":"3 Cultists","floor":29,"turns":6},{"damage":16,"enemies":"Slavers","floor":31,"turns":1}],"seed_played":"-2836534474370238105","potions_obtained":[{"floor":3,"key":"Fruit Juice"},{"floor":3,"key":"Weak Potion"},{"floor":5,"key":"Swift Potion"},{"floor":14,"key":"FocusPotion"},{"floor":16,"key":"Regen Potion"},{"floor":21,"key":"FairyPotion"},{"floor":24,"key":"Energy Potion"},{"floor":29,"key":"Weak Potion"}],"is_trial":false,"path_per_floor":["M","M","?","M","M","E","R","$","T","?","E","R","E","M","R","B",null,"M","M","?","M","?","R","M","R","T","$","M","M","?","E"],"character_chosen":"DEFECT","items_purchased":["Sunder","Capacitor","Energy Potion"],"campfire_rested":3,"item_purchase_floors":[8,27,27],"current_hp_per_floor":[62,62,67,61,57,37,37,37,37,37,18,18,3,1,23,17,79,81,39,39,4,4,32,9,37,37,37,6,6,6,0],"gold":180,"neow_bonus":"HUNDRED_GOLD","is_prod":false,"is_daily":false,"chose_seed":false,"campfire_upgraded":2,"win_rate":0,"timestamp":1541149419,"path_taken":["M","M","?","?","M","E","R","$","T","?","E","R","E","M","R","BOSS","M","M","?","M","?","R","M","R","T","$","M","M","?","E"],"build_version":"2018-11-01","purchased_purges":2,"victory":false,"max_hp_per_floor":[71,71,76,76,76,76,76,76,76,76,76,76,76,76,76,76,94,94,94,94,94,94,94,94,94,94,94,94,94,94,94],"card_choices":[{"not_picked":["Stack","Barrage","Gash"],"picked":"SKIP","floor":1},{"not_picked":["Blizzard","Rebound"],"picked":"Sweeping Beam","floor":2},{"not_picked":["Gash","Undo"],"picked":"Cold Snap","floor":4},{"not_picked":["Redo","Compile Driver"],"picked":"Streamline","floor":5},{"not_picked":["FTL","Steam"],"picked":"Doom and Gloom","floor":6},{"not_picked":["Turbo","Hyperbeam"],"picked":"Defragment","floor":11},{"not_picked":["Ball Lightning","Conserve Battery"],"picked":"Hologram","floor":13},{"not_picked":["Barrage","Steam Power"],"picked":"Cold Snap","floor":14},{"not_picked":["Machine Learning","Seek"],"picked":"Biased Cognition","floor":16},{"not_picked":["Leap","Beam Cell","Rebound"],"picked":"SKIP","floor":18},{"not_picked":["Chill","Reinforced Body"],"picked":"Conserve Battery+1","floor":19},{"not_picked":["Gash","Turbo"],"picked":"Cold Snap","floor":21},{"not_picked":["Heatsinks","Leap"],"picked":"Echo Form","floor":24},{"not_picked":["Compile Driver","Self Repair"],"picked":"Glacier","floor":28},{"not_picked":["Streamline","Cold Snap"],"picked":"Ball Lightning","floor":29}],"player_experience":954733,"relics_obtained":[{"floor":6,"key":"Blue Candle"},{"floor":9,"key":"Symbiotic Virus"},{"floor":11,"key":"Darkstone Periapt"},{"floor":13,"key":"The Courier"},{"floor":17,"key":"DataDisk"},{"floor":17,"key":"Pantograph"},{"floor":17,"key":"StoneCalendar"},{"floor":26,"key":"Happy Flower"}],"event_choices":[{"damage_healed":0,"gold_gain":0,"player_choice":"Got Potions","damage_taken":0,"max_hp_gain":0,"max_hp_loss":0,"event_name":"Lab","floor":3,"gold_loss":0},{"damage_healed":0,"gold_gain":0,"player_choice":"Ignored","damage_taken":0,"max_hp_gain":0,"max_hp_loss":0,"event_name":"Liars Game","floor":10,"gold_loss":0},{"damage_healed":0,"gold_gain":0,"player_choice":"Ignored","damage_taken":0,"max_hp_gain":0,"max_hp_loss":0,"event_name":"Vampires","floor":20,"gold_loss":0},{"cards_removed":["Strike_B"],"damage_healed":0,"gold_gain":0,"player_choice":"Gave Gold","damage_taken":0,"max_hp_gain":0,"max_hp_loss":0,"event_name":"Beggar","floor":22,"gold_loss":75},{"damage_healed":0,"gold_gain":0,"player_choice":"Simplicity","damage_taken":0,"max_hp_gain":0,"max_hp_loss":0,"event_name":"Back to Basics","floor":30,"gold_loss":0,"cards_upgraded":["Strike_B","Defend_B","Defend_B","Defend_B","Defend_B"]}],"is_beta":false,"boss_relics":[{"not_picked":["Coffee Dripper","White Beast Statue"],"picked":"Calling Bell"}],"items_purged_floors":[8,27],"is_endless":false,"potions_floor_spawned":[5,14,16,21,24,29],"killed_by":"Slavers","ascension_level":16}