{"gold_per_floor":[110,21,40,50,50,50,83,83,83,83,83,55,55,78,78,177,177,192,82,7,20,20],"floor_reached":22,"playtime":666,"items_purged":["Strike_G"],"score":355,"play_id":"2e1e89f6-c826-46d4-8ae1-2bb814304657","local_time":"20181208135148","is_ascension_mode":true,"campfire_choices":[{"data":"Noxious Fumes","floor":6.0,"key":"SMITH"},{"floor":8.0,"key":"REST"},{"data":"Neutralize","floor":10.0,"key":"SMITH"},{"data":"Sucker Punch","floor":15.0,"key":"SMITH"}],"neow_cost":"NONE","seed_source_timestamp":541100541883462,"circlet_count":0,"master_deck":["AscendersBane","Defend_G","Defend_G","Defend_G","Defend_G","Defend_G","Survivor","Neutralize+1","Poisoned Stab","Noxious Fumes+1","Distraction","Sucker Punch+1","Dagger Spray","Poisoned Stab","Parasite","Dodge and Roll+1","Envenom+1","Night Terror+1","Backstab+1","Terror+1","Blade Dance+1","Dagger Spray"],"special_seed":0,"relics":["Ring of the Snake","NeowsBlessing","Question Card","Letter Opener","Frozen Egg 2","Golden Idol","Astrolabe"],"potions_floor_usage":[],"damage_taken":[{"damage":0.0,"enemies":"Cultist","floor":1.0,"turns":1.0},{"damage":0.0,"enemies":"Jaw Worm","floor":3.0,"turns":1.0},{"damage":0.0,"enemies":"Small Slimes","floor":4.0,"turns":1.0},{"damage":47.0,"enemies":"Gremlin Nob","floor":7.0,"turns":5.0},{"damage":3.0,"enemies":"Looter","floor":14.0,"turns":3.0},{"damage":36.0,"enemies":"The Guardian","floor":16.0,"turns":11.0},{"damage":18.0,"enemies":"Spheric Guardian","floor":18.0,"turns":5.0},{"damage":12.0,"enemies":"2 Thieves","floor":21.0,"turns":4.0},{"damage":26,"enemies":"Snecko","floor":22,"turns":3}],"seed_played":"-9176387393401847195","potions_obtained":[{"floor":4.0,"key":"Explosive Potion"},{"floor":14.0,"key":"SkillPotion"},{"floor":16.0,"key":"EssenceOfSteel"},{"floor":21.0,"key":"SpeedPotion"}],"is_trial":false,"path_per_floor":["M","$","M","M","?","R","E","R","T","R","?","$","?","M","R","B",null,"M","?","$","M","M"],"character_chosen":"THE_SILENT","items_purchased":["Noxious Fumes","Poisoned Stab"],"campfire_rested":1,"item_purchase_floors":[2,12],"current_hp_per_floor":[59,59,59,59,54,54,7,26,26,26,26,26,41,38,38,2,46,28,28,28,16,0],"gold":20,"neow_bonus":"THREE_ENEMY_KILL","is_prod":false,"is_daily":false,"chose_seed":false,"campfire_upgraded":3,"win_rate":0,"timestamp":1544273508,"path_taken":["M","$","M","?","?","R","E","R","T","R","?","$","?","M","R","BOSS","M","?","?","M","?"],"build_version":"2018-12-06","purchased_purges":1,"victory":false,"max_hp_per_floor":[66,66,66,66,66,66,66,66,66,66,60,60,60,60,60,60,60,60,60,60,60,60],"card_choices":[{"not_picked":["Dagger Throw","Deadly Poison"],"picked":"Poisoned Stab","floor":1.0},{"not_picked":["Deflect","Reflex"],"picked":"Distraction","floor":3.0},{"not_picked":["Tactician","PiercingWail"],"picked":"Sucker Punch","floor":4.0},{"not_picked":["Acrobatics","Wraith Form v2","Dodge and Roll"],"picked":"Dagger Spray","floor":7.0},{"not_picked":["Sucker Punch","Blade Dance","Slice"],"picked":"Dodge and Roll","floor":14.0},{"not_picked":["Tools of the Trade+1","Wraith Form v2+1","Storm of Steel"],"picked":"Envenom+1","floor":16.0},{"not_picked":["Predator","Prepared","PiercingWail"],"picked":"Blade Dance+1","floor":18.0},{"not_picked":["Quick Slash","Dagger Throw","Slice"],"picked":"Dagger Spray","floor":21.0}],"player_experience":519785,"relics_obtained":[{"floor":7.0,"key":"Letter Opener"},{"floor":9.0,"key":"Frozen Egg 2"}],"event_choices":[{"damage_healed":0.0,"max_hp_gain":0.0,"max_hp_loss":0.0,"gold_gain":0.0,"event_name":"Scrap Ooze","player_choice":"Success","floor":5.0,"gold_loss":0.0,"damage_taken":5.0,"relics_obtained":["Question Card"]},{"damage_healed":0.0,"max_hp_gain":0.0,"max_hp_loss":6.0,"gold_gain":0.0,"event_name":"Golden Idol","player_choice":"Lose Max HP","floor":11.0,"gold_loss":0.0,"damage_taken":0.0,"relics_obtained":["Golden Idol"]},{"damage_healed":15.0,"max_hp_gain":0.0,"max_hp_loss":0.0,"gold_gain":0.0,"event_name":"Mushrooms","player_choice":"Healed and dodged fight","floor":13.0,"gold_loss":0.0,"damage_taken":0.0,"cards_obtained":["Parasite"]},{"cards_removed":["Strike_G"],"damage_healed":0.0,"max_hp_gain":0.0,"max_hp_loss":0.0,"gold_gain":0.0,"event_name":"Designer","player_choice":"Upgrade and Remove","floor":19.0,"gold_loss":110.0,"damage_taken":0.0,"cards_upgraded":["Dodge and Roll"]}],"is_beta":false,"boss_relics":[{"not_picked":["Black Star","Velvet Choker"],"picked":"Astrolabe"}],"items_purged_floors":[20],"is_endless":false,"potions_floor_spawned":[4,14,16,21],"killed_by":"Snecko","ascension_level":19}