{"gold_per_floor":[112,131,151,151,165,190,202,230,319,342,381,56,89,89,89,168,168,186,186,86,11,11,11,28,28,28,46,64,78,108,120,120,120],"floor_reached":33,"playtime":1638,"items_purged":["Pain","Strike_B"],"score":678,"play_id":"679b845c-bdc0-4fdd-a409-05d12a4b9abf","local_time":"20190629013233","is_ascension_mode":true,"campfire_choices":[{"floor":7,"key":"REST"},{"floor":15,"key":"REST"},{"data":"Fission","floor":23,"key":"SMITH"},{"data":"Recycle","floor":25,"key":"SMITH"},{"floor":32,"key":"REST"}],"neow_cost":"NONE","seed_source_timestamp":1319393072230828,"circlet_count":0,"master_deck":["AscendersBane","Defend_B","Defend_B","Defend_B","Defend_B","Zap","Dualcast","Melter","Ball Lightning","Glacier","Genetic Algorithm","Cold Snap","Ball Lightning","Beam Cell","Hello World","Core Surge","Auto Shields","Flash of Steel","Fission+1","Meteor Strike","Glacier","Recycle+1","Machine Learning","Auto Shields","Steam","Cold Snap"],"relics":["Cracked Core","NeowsBlessing","WarpedTongs","MawBank","Sundial","WingedGreaves","Boot","Snecko Eye","Pear","StoneCalendar"],"potions_floor_usage":[16],"damage_taken":[{"damage":0,"enemies":"Cultist","floor":1,"turns":1},{"damage":0,"enemies":"Small Slimes","floor":2,"turns":1},{"damage":0,"enemies":"Jaw Worm","floor":3,"turns":1},{"damage":7,"enemies":"Looter","floor":5,"turns":3},{"damage":25,"enemies":"3 Sentries","floor":6,"turns":10},{"damage":4,"enemies":"Exordium Thugs","floor":8,"turns":4},{"damage":4,"enemies":"Large Slime","floor":10,"turns":4},{"damage":26,"enemies":"Lagavulin","floor":11,"turns":6},{"damage":5,"enemies":"3 Sentries","floor":13,"turns":5},{"damage":0,"enemies":"Slime Boss","floor":16,"turns":6},{"damage":0,"enemies":"Spheric Guardian","floor":18,"turns":1},{"damage":4,"enemies":"3 Byrds","floor":24,"turns":5},{"damage":0,"enemies":"Cultist and Chosen","floor":27,"turns":5},{"damage":2,"enemies":"Shelled Parasite and Fungi","floor":28,"turns":6},{"damage":0,"enemies":"Centurion and Healer","floor":29,"turns":5},{"damage":21,"enemies":"Book of Stabbing","floor":30,"turns":6},{"damage":0,"enemies":"3 Cultists","floor":31,"turns":4},{"damage":72,"enemies":"Automaton","floor":33,"turns":10}],"seed_played":"-4580635573776603632","potions_obtained":[{"floor":3,"key":"Weak Potion"},{"floor":8,"key":"FocusPotion"},{"floor":10,"key":"Fire Potion"},{"floor":18,"key":"Weak Potion"}],"is_trial":false,"path_per_floor":["M","M","M","?","M","E","R","M","T","M","E","$","E","?","R","B",null,"M","?","$","?","?","R","M","R","T","M","M","M","E","M","R","B"],"character_chosen":"DEFECT","items_purchased":["Core Surge","Auto Shields","Flash of Steel"],"campfire_rested":3,"item_purchase_floors":[12,12,12],"current_hp_per_floor":[64,64,64,64,57,32,53,49,49,45,19,19,14,14,35,35,62,62,62,62,62,62,62,58,58,68,68,66,66,45,45,69,0],"gold":120,"neow_bonus":"THREE_ENEMY_KILL","is_prod":false,"is_daily":false,"chose_seed":false,"campfire_upgraded":2,"win_rate":0,"timestamp":1561764753,"path_taken":["M","?","M","?","?","E","R","M","T","M","E","$","E","?","R","BOSS","M","?","?","?","?","R","M","R","T","M","M","M","E","M","R","BOSS"],"build_version":"2019-01-23","purchased_purges":2,"victory":false,"max_hp_per_floor":[71,71,71,71,71,71,71,71,71,71,71,71,71,71,71,71,71,71,71,71,71,71,71,71,71,81,81,81,81,81,81,81,81],"card_choices":[{"not_picked":["Turbo","Conserve Battery"],"picked":"Melter","floor":1},{"not_picked":["Beam Cell","Barrage"],"picked":"Ball Lightning","floor":2},{"not_picked":["Stack","Turbo"],"picked":"Glacier","floor":3},{"not_picked":["Consume","Rebound"],"picked":"Genetic Algorithm","floor":5},{"not_picked":["Hello World","Barrage"],"picked":"Cold Snap","floor":6},{"not_picked":["BootSequence","Streamline"],"picked":"Ball Lightning","floor":8},{"not_picked":["Rebound","Steam Power"],"picked":"Beam Cell","floor":10},{"not_picked":["Leap","Redo"],"picked":"Hello World","floor":11},{"not_picked":["Consume","Leap"],"picked":"Fission","floor":13},{"not_picked":["Creative AI","Core Surge"],"picked":"Meteor Strike","floor":16},{"not_picked":["Conserve Battery","Go for the Eyes"],"picked":"Glacier","floor":18},{"not_picked":["Stack","Storm","Recycle"],"picked":"SKIP","floor":24},{"not_picked":["Rip and Tear","Blizzard","Go for the Eyes+1"],"picked":"SKIP","floor":27},{"not_picked":["Genetic Algorithm","Chill","Redo"],"picked":"SKIP","floor":28},{"not_picked":["Streamline","Double Energy+1","Redo+1"],"picked":"SKIP","floor":29},{"not_picked":["Conserve Battery","Stack","Static Discharge"],"picked":"SKIP","floor":30},{"not_picked":["Beam Cell","Self Repair"],"picked":"Cold Snap","floor":31}],"player_experience":856527,"relics_obtained":[{"floor":6,"key":"MawBank"},{"floor":9,"key":"Sundial"},{"floor":11,"key":"WingedGreaves"},{"floor":13,"key":"Boot"},{"floor":26,"key":"Pear"},{"floor":30,"key":"StoneCalendar"}],"event_choices":[{"damage_healed":0,"gold_gain":0,"player_choice":"Rummage","damage_taken":0,"relics_obtained":["WarpedTongs"],"max_hp_gain":0,"max_hp_loss":0,"event_name":"Accursed Blacksmith","floor":4,"gold_loss":0,"cards_obtained":["Pain"]},{"damage_healed":0,"gold_gain":0,"player_choice":"Ignored","damage_taken":0,"max_hp_gain":0,"max_hp_loss":0,"event_name":"Liars Game","floor":14,"gold_loss":0},{"damage_healed":0,"gold_gain":0,"player_choice":"2 cards matched","damage_taken":0,"max_hp_gain":0,"max_hp_loss":0,"event_name":"Match and Keep!","floor":19,"gold_loss":0,"cards_obtained":["Recycle","Machine Learning"]},{"cards_removed":["Strike_B"],"damage_healed":0,"gold_gain":0,"player_choice":"Gave Gold","damage_taken":0,"max_hp_gain":0,"max_hp_loss":0,"event_name":"Beggar","floor":21,"gold_loss":75},{"damage_healed":0,"gold_gain":0,"cards_transformed":["Strike_B","Strike_B"],"player_choice":"Became Test Subject","damage_taken":0,"max_hp_gain":0,"max_hp_loss":0,"event_name":"Drug Dealer","floor":22,"gold_loss":0,"cards_obtained":["Auto Shields","Steam"]}],"is_beta":false,"boss_relics":[{"not_picked":["Runic Dome","Empty Cage"],"picked":"Snecko Eye"}],"items_purged_floors":[12,20],"is_endless":false,"potions_floor_spawned":[3,8,10,13,18,29,30],"killed_by":"Automaton","ascension_level":20}