{"gold_per_floor":[141,141,141,154,39,39,69,69,69,69,97,97,117,132,132,211,211,224,224,240,240,240,240],"floor_reached":23,"playtime":693,"items_purged":["Strike_R"],"score":374,"play_id":"95e5c778-bf4e-4c5a-ae8f-5caa710a09f9","local_time":"20190814202806","is_ascension_mode":true,"campfire_choices":[{"data":"Rampage","floor":6,"key":"SMITH"},{"data":"Body Slam","floor":8,"key":"SMITH"},{"floor":10,"key":"REST"},{"data":"Armaments","floor":15,"key":"SMITH"}],"neow_cost":"NONE","seed_source_timestamp":55389707951500,"circlet_count":0,"master_deck":["AscendersBane","Defend_R","Bash","Body Slam+1","Rupture+1","Headbutt","Rampage+1","Offering","Flex","Armaments+1","Feel No Pain","Limit Break","Flame Barrier+1","Ghostly Armor+1","Clothesline+1","Whirlwind","Flex+1","Clash","Juggernaut"],"relics":["Burning Blood","Tiny Chest","Self Forming Clay","Vajra","Bag of Preparation","Sundial","Astrolabe","Nilry\u0027s Codex"],"potions_floor_usage":[7,11,23],"damage_taken":[{"damage":22,"enemies":"Small Slimes","floor":1,"turns":6},{"damage":14,"enemies":"Jaw Worm","floor":4,"turns":4},{"damage":29,"enemies":"Gremlin Nob","floor":7,"turns":4},{"damage":18,"enemies":"Lagavulin","floor":11,"turns":3},{"damage":1,"enemies":"2 Louse","floor":13,"turns":2},{"damage":12,"enemies":"Exordium Thugs","floor":14,"turns":4},{"damage":37,"enemies":"The Guardian","floor":16,"turns":10},{"damage":32,"enemies":"Spheric Guardian","floor":18,"turns":6},{"damage":12,"enemies":"Chosen","floor":20,"turns":5},{"damage":19,"enemies":"Book of Stabbing","floor":23,"turns":2}],"seed_played":"7570876332576374656","potions_obtained":[{"floor":1,"key":"Regen Potion"},{"floor":4,"key":"SteroidPotion"},{"floor":14,"key":"Poison Potion"},{"floor":16,"key":"Weak Potion"},{"floor":18,"key":"SpeedPotion"}],"is_trial":false,"path_per_floor":["M","?","T","M","$","R","E","R","T","R","E","?","M","M","R","B",null,"M","?","M","?","?","E"],"character_chosen":"IRONCLAD","items_purchased":["Rampage"],"campfire_rested":1,"item_purchase_floors":[5],"current_hp_per_floor":[52,52,52,44,44,44,33,33,33,55,43,43,48,42,42,11,59,33,33,27,6,6,0],"gold":240,"neow_bonus":"RANDOM_COMMON_RELIC","is_prod":false,"is_daily":false,"chose_seed":false,"campfire_upgraded":3,"win_rate":0,"timestamp":1565807286,"path_taken":["M","?","?","M","?","R","E","R","T","R","E","?","?","M","R","BOSS","M","?","?","?","?","E"],"build_version":"2019-07-17","purchased_purges":1,"victory":false,"max_hp_per_floor":[75,75,75,75,75,75,75,75,75,75,75,75,75,75,75,75,75,75,75,75,75,75,75],"card_choices":[{"not_picked":["Rupture","Seeing Red"],"picked":"Body Slam","floor":1},{"not_picked":["Sword Boomerang","Thunderclap"],"picked":"Headbutt","floor":4},{"not_picked":["Havoc","Perfected Strike"],"picked":"Offering","floor":7},{"not_picked":["Sword Boomerang","Uppercut"],"picked":"Flex","floor":11},{"not_picked":["Wild Strike","Metallicize"],"picked":"Armaments","floor":13},{"not_picked":["Warcry","Battle Trance"],"picked":"Feel No Pain","floor":14},{"not_picked":["Feed","Berserk"],"picked":"Limit Break","floor":16},{"not_picked":["Headbutt","Clash+1"],"picked":"Whirlwind","floor":18},{"not_picked":["Combust+1","Clash"],"picked":"Flex+1","floor":20}],"player_experience":1894919,"relics_obtained":[{"floor":3,"key":"Self Forming Clay"},{"floor":7,"key":"Vajra"},{"floor":9,"key":"Bag of Preparation"},{"floor":11,"key":"Sundial"},{"floor":21,"key":"Nilry\u0027s Codex"}],"event_choices":[{"damage_healed":0,"gold_gain":0,"cards_transformed":["Strike_R"],"player_choice":"Change","damage_taken":0,"max_hp_gain":0,"max_hp_loss":0,"event_name":"Living Wall","floor":2,"gold_loss":0,"cards_obtained":["Rupture"]},{"damage_healed":0,"gold_gain":0,"player_choice":"Forge","damage_taken":0,"max_hp_gain":0,"max_hp_loss":0,"event_name":"Accursed Blacksmith","floor":12,"gold_loss":0,"cards_upgraded":["Rupture"]},{"cards_removed":["Defend_R"],"damage_healed":0,"gold_gain":0,"player_choice":"Offered Basic","damage_taken":0,"max_hp_gain":0,"max_hp_loss":0,"event_name":"Bonfire Elementals","floor":19,"gold_loss":0},{"damage_healed":0,"gold_gain":0,"player_choice":"Obtained Book","damage_taken":21,"max_hp_gain":0,"max_hp_loss":0,"event_name":"Cursed Tome","floor":21,"gold_loss":0},{"damage_healed":0,"gold_gain":0,"cards_transformed":["Defend_R","Defend_R"],"player_choice":"Became Test Subject","damage_taken":0,"max_hp_gain":0,"max_hp_loss":0,"event_name":"Drug Dealer","floor":22,"gold_loss":0,"cards_obtained":["Clash","Juggernaut"]}],"is_beta":false,"boss_relics":[{"not_picked":["Ectoplasm","Philosopher\u0027s Stone"],"picked":"Astrolabe"}],"items_purged_floors":[5],"is_endless":false,"potions_floor_spawned":[1,4,14,16,18],"killed_by":"Book of Stabbing","ascension_level":18}