{"gold_per_floor":[13,13,13,88,107,107,140,140,140,159,37,68,243,243,243,342,342,357,357,357,357],"floor_reached":21,"playtime":475,"items_purged":["Strike_B"],"score":322,"play_id":"66a58535-4b28-4917-a589-bf0000c4b040","local_time":"20190219204519","is_ascension_mode":true,"campfire_choices":[{"data":"Zap","floor":6,"key":"SMITH"},{"data":"Defragment","floor":8,"key":"SMITH"},{"data":"Loop","floor":15,"key":"SMITH"}],"neow_cost":"NO_GOLD","seed_source_timestamp":66388360050400,"circlet_count":0,"master_deck":["AscendersBane","Defend_B+1","Defend_B","Zap+1","Dualcast","Melter+1","Defragment+1","Cold Snap","Blizzard","Ball Lightning","Coolheaded","Darkness","Cold Snap","Loop+1","Fission","Self Repair+1","Genetic Algorithm","Aggregate"],"relics":["Cracked Core","Symbiotic Virus","Omamori","Vajra","Pantograph","Runic Pyramid","Nilry\u0027s Codex"],"potions_floor_usage":[7],"damage_taken":[{"damage":2,"enemies":"Jaw Worm","floor":1,"turns":3},{"damage":0,"enemies":"Small Slimes","floor":5,"turns":2},{"damage":8,"enemies":"Gremlin Nob","floor":7,"turns":3},{"damage":0,"enemies":"Cultist","floor":10,"turns":2},{"damage":25,"enemies":"Lagavulin","floor":12,"turns":5},{"damage":8,"enemies":"Hexaghost","floor":16,"turns":7},{"damage":7,"enemies":"Spheric Guardian","floor":18,"turns":3},{"damage":40,"enemies":"3 Byrds","floor":21,"turns":4}],"seed_played":"-5831491061294020555","potions_obtained":[{"floor":1,"key":"GamblersBrew"},{"floor":10,"key":"Poison Potion"}],"is_trial":false,"path_per_floor":["M","?","T","?","M","R","E","R","T","M","$","E","?","?","R","B",null,"M","?","?","M"],"character_chosen":"DEFECT","items_purchased":["Cold Snap"],"campfire_rested":0,"item_purchase_floors":[11],"current_hp_per_floor":[66,66,66,59,59,59,51,51,51,51,51,26,26,11,11,28,63,56,56,40,0],"gold":357,"neow_bonus":"TRANSFORM_TWO_CARDS","is_prod":false,"is_daily":false,"chose_seed":false,"campfire_upgraded":3,"win_rate":0,"timestamp":1550605519,"path_taken":["M","?","?","?","?","R","E","R","T","M","$","E","?","?","R","BOSS","M","?","?","M"],"build_version":"2019-01-23","purchased_purges":1,"victory":false,"max_hp_per_floor":[75,75,75,75,75,75,75,75,75,75,75,75,75,75,75,75,75,75,75,75,75],"card_choices":[{"not_picked":["Doom and Gloom","Gash"],"picked":"Cold Snap","floor":1},{"not_picked":["Steam","Reprogram"],"picked":"Ball Lightning","floor":5},{"not_picked":["Scrape","Sweeping Beam"],"picked":"Coolheaded","floor":7},{"not_picked":["Stack","Rebound"],"picked":"Darkness","floor":10},{"not_picked":["Genetic Algorithm","Leap"],"picked":"Loop","floor":12},{"not_picked":["Amplify","Hyperbeam"],"picked":"Fission","floor":16},{"not_picked":["Darkness","Cold Snap"],"picked":"Self Repair+1","floor":18}],"player_experience":800477,"relics_obtained":[{"floor":3,"key":"Symbiotic Virus"},{"floor":7,"key":"Omamori"},{"floor":9,"key":"Vajra"},{"floor":12,"key":"Pantograph"},{"floor":20,"key":"Nilry\u0027s Codex"}],"event_choices":[{"damage_healed":0,"gold_gain":0,"cards_transformed":["Strike_B"],"player_choice":"Change","damage_taken":0,"max_hp_gain":0,"max_hp_loss":0,"event_name":"Living Wall","floor":2,"gold_loss":0,"cards_obtained":["Blizzard"]},{"damage_healed":0,"gold_gain":75,"player_choice":"Touch","damage_taken":7,"max_hp_gain":0,"max_hp_loss":0,"event_name":"FaceTrader","floor":4,"gold_loss":0},{"damage_healed":0,"gold_gain":175,"player_choice":"AGREE","damage_taken":0,"max_hp_gain":0,"max_hp_loss":0,"event_name":"Liars Game","floor":13,"gold_loss":0,"cards_obtained":["Doubt"]},{"damage_healed":0,"gold_gain":0,"player_choice":"Entered Light","damage_taken":15,"max_hp_gain":0,"max_hp_loss":0,"event_name":"Shining Light","floor":14,"gold_loss":0,"cards_upgraded":["Melter","Defend_B"]},{"damage_healed":0,"gold_gain":0,"cards_transformed":["Defend_B","Defend_B"],"player_choice":"Became Test Subject","damage_taken":0,"max_hp_gain":0,"max_hp_loss":0,"event_name":"Drug Dealer","floor":19,"gold_loss":0,"cards_obtained":["Genetic Algorithm","Aggregate"]},{"damage_healed":0,"gold_gain":0,"player_choice":"Obtained Book","damage_taken":16,"max_hp_gain":0,"max_hp_loss":0,"event_name":"Cursed Tome","floor":20,"gold_loss":0}],"is_beta":false,"boss_relics":[{"not_picked":["White Beast Statue","Runic Dome"],"picked":"Runic Pyramid"}],"items_purged_floors":[11],"is_endless":false,"potions_floor_spawned":[1,10],"killed_by":"3 Byrds","ascension_level":11}