{"gold_per_floor":[112,112,130,142,118,118,143,157,181,203,237,249,290,312,324,436,448,471,483,0,0,11,11,29,42,92,105,155,173,184,64,64,64],"floor_reached":33,"playtime":2243,"items_purged":["Rupture"],"score":405,"play_id":"5f9e5687-b1ff-4248-8029-4b0116262bb1","local_time":"20190922213434","is_ascension_mode":true,"campfire_choices":[{"data":"Havoc","floor":6,"key":"SMITH"},{"floor":12,"key":"REST"},{"data":"Havoc","floor":15,"key":"SMITH"},{"data":"True Grit","floor":23,"key":"SMITH"},{"data":"Juggernaut","floor":32,"key":"SMITH"}],"neow_cost":"NONE","seed_source_timestamp":993603718247680,"circlet_count":0,"master_deck":["AscendersBane","Strike_R","Strike_R","Defend_R","Defend_R","Defend_R","Defend_R","Bash","Shrug It Off","Havoc+1","Metallicize","Offering","Havoc+1","Inflame","Shrug It Off","Juggernaut+1","Carnage+1","Warcry","Immolate","True Grit+1","Clothesline","Corruption","Shrug It Off","Iron Wave","Burning Pact","Headbutt"],"relics":["Burning Blood","Champion Belt","InkBottle","MawBank","Odd Mushroom","Pantograph","Sozu","Bag of Preparation","Centennial Puzzle","Blood Vial"],"potions_floor_usage":[13],"damage_taken":[{"damage":1,"enemies":"Cultist","floor":1,"turns":3},{"damage":0,"enemies":"Small Slimes","floor":3,"turns":5},{"damage":3,"enemies":"2 Louse","floor":4,"turns":4},{"damage":58,"enemies":"Gremlin Nob","floor":7,"turns":6},{"damage":6,"enemies":"Exordium Wildlife","floor":8,"turns":6},{"damage":6,"enemies":"3 Louse","floor":10,"turns":5},{"damage":9,"enemies":"The Mushroom Lair","floor":11,"turns":6},{"damage":40,"enemies":"Lagavulin","floor":13,"turns":7},{"damage":6,"enemies":"Red Slaver","floor":14,"turns":3},{"damage":36,"enemies":"The Guardian","floor":16,"turns":14},{"damage":34,"enemies":"2 Thieves","floor":18,"turns":4},{"damage":6,"enemies":"Chosen","floor":22,"turns":3},{"damage":6,"enemies":"Centurion and Healer","floor":24,"turns":3},{"damage":6,"enemies":"3 Cultists","floor":25,"turns":3},{"damage":6,"enemies":"Snake Plant","floor":27,"turns":3},{"damage":8,"enemies":"Centurion and Healer","floor":29,"turns":8},{"damage":10,"enemies":"Shelled Parasite and Fungi","floor":30,"turns":3},{"damage":87,"enemies":"Champ","floor":33,"turns":14}],"seed_played":"-8948611584297507219","potions_obtained":[{"floor":8,"key":"Strength Potion"},{"floor":11,"key":"Regen Potion"},{"floor":13,"key":"Weak Potion"}],"is_trial":false,"path_per_floor":["M","T","M","M","?","R","E","M","T","M","?","R","E","M","R","B",null,"M","?","$","?","M","R","M","M","T","M","?","M","M","$","R","B"],"character_chosen":"IRONCLAD","items_purchased":["Immolate","Bag of Preparation","Centennial Puzzle","True Grit","Headbutt"],"campfire_rested":1,"item_purchase_floors":[20,20,20,20,31],"current_hp_per_floor":[77,77,80,80,80,80,28,28,28,28,25,49,30,30,30,25,66,38,38,38,38,38,38,38,38,38,40,40,40,38,38,38,0],"gold":64,"neow_bonus":"REMOVE_CARD","is_prod":false,"is_daily":false,"chose_seed":false,"campfire_upgraded":4,"win_rate":0,"timestamp":1569202474,"path_taken":["M","?","M","M","?","R","E","M","T","M","?","R","E","M","R","BOSS","M","?","$","?","?","R","M","M","T","M","?","?","M","$","R","BOSS"],"build_version":"2019-09-20","purchased_purges":1,"victory":false,"max_hp_per_floor":[80,80,80,80,80,80,80,80,80,80,80,80,80,80,80,80,80,80,80,80,80,80,80,80,80,80,80,80,80,80,80,80,80],"card_choices":[{"not_picked":["Iron Wave","Clothesline"],"picked":"Shrug It Off","floor":1},{"not_picked":["Body Slam","Twin Strike"],"picked":"Havoc","floor":3},{"not_picked":["Berserk","Anger"],"picked":"Metallicize","floor":4},{"not_picked":["Rupture","Perfected Strike"],"picked":"Offering","floor":7},{"not_picked":["Sever Soul","Thunderclap","Wild Strike"],"picked":"SKIP","floor":8},{"not_picked":["Rage","Intimidate","Fire Breathing"],"picked":"SKIP","floor":10},{"not_picked":["Pummel","Perfected Strike"],"picked":"Havoc","floor":11},{"not_picked":["Havoc","Hemokinesis"],"picked":"Inflame","floor":13},{"not_picked":["Pummel","Clothesline"],"picked":"Shrug It Off","floor":14},{"not_picked":["Dark Embrace","Berserk"],"picked":"Juggernaut","floor":16},{"not_picked":["Pommel Strike","Reckless Charge+1"],"picked":"Carnage+1","floor":18},{"not_picked":["Iron Wave","Sword Boomerang","Havoc"],"picked":"SKIP","floor":22},{"not_picked":["True Grit","Iron Wave"],"picked":"Clothesline","floor":24},{"not_picked":["Heavy Blade","Sentinel"],"picked":"Corruption","floor":25},{"not_picked":["Intimidate","Sword Boomerang"],"picked":"Shrug It Off","floor":27},{"not_picked":["Thunderclap+1","Dropkick"],"picked":"Iron Wave","floor":29},{"not_picked":["Havoc","Clash"],"picked":"Burning Pact","floor":30}],"player_experience":418044,"relics_obtained":[{"floor":2,"key":"Champion Belt"},{"floor":7,"key":"InkBottle"},{"floor":9,"key":"MawBank"},{"floor":11,"key":"Odd Mushroom"},{"floor":13,"key":"Pantograph"},{"floor":26,"key":"Blood Vial"}],"event_choices":[{"damage_healed":0,"gold_gain":0,"player_choice":"Left Gold","damage_taken":0,"max_hp_gain":0,"max_hp_loss":0,"event_name":"World of Goop","floor":5,"gold_loss":24},{"damage_healed":0,"gold_gain":0,"player_choice":"Fought Mushrooms","damage_taken":0,"max_hp_gain":0,"max_hp_loss":0,"event_name":"Mushrooms","floor":11,"gold_loss":0},{"damage_healed":0,"gold_gain":0,"cards_transformed":["Strike_R","Strike_R"],"player_choice":"Became Test Subject","damage_taken":0,"max_hp_gain":0,"max_hp_loss":0,"event_name":"Drug Dealer","floor":19,"gold_loss":0,"cards_obtained":["Rupture","Warcry"]},{"damage_healed":0,"gold_gain":0,"player_choice":"Got Potions","damage_taken":0,"max_hp_gain":0,"max_hp_loss":0,"event_name":"Lab","floor":21,"gold_loss":0},{"damage_healed":0,"gold_gain":100,"player_choice":"Bet on Murderer","damage_taken":0,"max_hp_gain":0,"max_hp_loss":0,"event_name":"The Joust","floor":28,"gold_loss":50}],"is_beta":true,"boss_relics":[{"not_picked":["SacredBark","Velvet Choker"],"picked":"Sozu"}],"items_purged_floors":[31],"is_endless":false,"potions_floor_spawned":[8,11,13,14,18,22,30],"killed_by":"Champ","ascension_level":11}