{"gold_per_floor":[112,126,22,37,37,37,70,70,94,94,169,41,70,30,30,133,133,147,161,161,161],"floor_reached":21,"playtime":959,"items_purged":["Strike_B"],"score":185,"play_id":"993c13d3-8e53-4e96-8283-bab385bd2027","local_time":"20190625192538","is_ascension_mode":false,"campfire_choices":[{"floor":6,"key":"REST"},{"data":"Blizzard","floor":10,"key":"SMITH"},{"floor":15,"key":"REST"}],"neow_cost":"PERCENT_DAMAGE","seed_source_timestamp":1135704739526551,"circlet_count":0,"master_deck":["Strike_B","Strike_B","Strike_B","Defend_B+1","Defend_B","Defend_B+1","Defend_B","Zap","Dualcast","Glacier","Sunder","Blizzard+1","Defragment","Conserve Battery","Turbo","Biased Cognition","Defragment","Electrodynamics","Hologram","Leap","Machine Learning","Blind"],"relics":["Cracked Core","Calipers","Ancient Tea Set","Regal Pillow","Strawberry","Fusion Hammer"],"potions_floor_usage":[7,13,18],"damage_taken":[{"damage":1,"enemies":"Cultist","floor":1,"turns":3},{"damage":1,"enemies":"Jaw Worm","floor":2,"turns":6},{"damage":0,"enemies":"2 Louse","floor":4,"turns":2},{"damage":9,"enemies":"3 Sentries","floor":7,"turns":12},{"damage":6,"enemies":"Lagavulin","floor":13,"turns":7},{"damage":73,"enemies":"The Guardian","floor":16,"turns":15},{"damage":12,"enemies":"2 Thieves","floor":18,"turns":4},{"damage":5,"enemies":"Shell Parasite","floor":19,"turns":7},{"damage":0,"enemies":"Centurion and Healer","floor":21,"turns":2}],"seed_played":"-5601456882222405921","potions_obtained":[{"floor":2,"key":"FocusPotion"},{"floor":7,"key":"AttackPotion"},{"floor":16,"key":"Swift Potion"}],"is_trial":false,"path_per_floor":["M","M","$","M","?","R","E","?","T","R","?","$","E","$","R","B",null,"M","M","?","M"],"character_chosen":"DEFECT","items_purchased":["Blizzard","Defragment","Turbo","Defragment"],"campfire_rested":2,"item_purchase_floors":[3,3,12,14],"current_hp_per_floor":[53,52,52,52,37,59,50,50,50,50,39,39,40,40,79,6,82,70,65,65,65],"gold":161,"neow_bonus":"ONE_RARE_RELIC","is_prod":false,"is_daily":false,"chose_seed":false,"campfire_upgraded":1,"win_rate":0,"timestamp":1561505138,"path_taken":["M","?","$","M","?","R","E","?","T","R","?","?","E","$","R","BOSS","M","?","?","M"],"build_version":"2019-01-23","purchased_purges":1,"victory":false,"max_hp_per_floor":[75,75,75,75,75,75,75,75,75,75,75,75,82,82,82,82,82,82,82,82,82],"card_choices":[{"not_picked":["Go for the Eyes","Gash"],"picked":"Glacier","floor":1},{"not_picked":["Aggregate","Barrage"],"picked":"Sunder","floor":2},{"not_picked":["Steam","Ball Lightning"],"picked":"Conserve Battery","floor":4},{"not_picked":["Reboot","Amplify","Barrage"],"picked":"SKIP","floor":7},{"not_picked":["Hologram","Lockon"],"picked":"Biased Cognition","floor":13},{"not_picked":["Amplify","Multi-Cast"],"picked":"Electrodynamics","floor":16},{"not_picked":["Beam Cell","Storm"],"picked":"Hologram","floor":18},{"not_picked":["Rebound","Steam"],"picked":"Leap","floor":19}],"player_experience":245827,"relics_obtained":[{"floor":7,"key":"Ancient Tea Set"},{"floor":9,"key":"Regal Pillow"},{"floor":13,"key":"Strawberry"}],"event_choices":[{"damage_healed":0,"gold_gain":0,"player_choice":"Entered Light","damage_taken":15,"max_hp_gain":0,"max_hp_loss":0,"event_name":"Shining Light","floor":5,"gold_loss":0,"cards_upgraded":["Defend_B","Defend_B"]},{"damage_healed":0,"gold_gain":0,"player_choice":"Ignored","damage_taken":0,"max_hp_gain":0,"max_hp_loss":0,"event_name":"Liars Game","floor":8,"gold_loss":0},{"damage_healed":0,"gold_gain":75,"player_choice":"Gather Gold","damage_taken":11,"max_hp_gain":0,"max_hp_loss":0,"event_name":"World of Goop","floor":11,"gold_loss":0},{"damage_healed":0,"gold_gain":0,"player_choice":"2 cards matched","damage_taken":0,"max_hp_gain":0,"max_hp_loss":0,"event_name":"Match and Keep!","floor":20,"gold_loss":0,"cards_obtained":["Machine Learning","Blind"]}],"is_beta":false,"boss_relics":[{"not_picked":["Empty Cage","White Beast Statue"],"picked":"Fusion Hammer"}],"items_purged_floors":[12],"is_endless":false,"potions_floor_spawned":[2,7,16],"killed_by":"Centurion and Healer","ascension_level":0}