{"gold_per_floor":[109,120,139,151,151,151,180,180,204,8,8,18,34,49,49,124,124,135,121,121,21,21,21,36,36,89,109,109,24,24,24,24,24],"floor_reached":33,"playtime":1158,"items_purged":["Strike_G","Defend_G"],"score":408,"play_id":"808aa128-0abb-4cba-b6ae-61cc6ff338a0","local_time":"20190307071249","is_ascension_mode":true,"campfire_choices":[{"floor":6,"key":"REST"},{"data":"Neutralize","floor":8,"key":"SMITH"},{"data":"Glass Knife","floor":11,"key":"SMITH"},{"floor":15,"key":"REST"},{"data":"Adrenaline","floor":23,"key":"SMITH"},{"data":"Dagger Spray","floor":25,"key":"SMITH"},{"floor":30,"key":"REST"},{"data":"Predator","floor":32,"key":"SMITH"}],"neow_cost":"NONE","seed_source_timestamp":94072855020700,"circlet_count":0,"master_deck":["AscendersBane","Defend_G","Defend_G","Defend_G","Defend_G","Strike_G","Strike_G","Survivor","Neutralize+1","Choke","Glass Knife+1","PiercingWail","Quick Slash","Flying Knee","Predator+1","Deflect","Dagger Spray+1","Escape Plan","Adrenaline+1","PiercingWail","Flying Knee","Skewer+1"],"relics":["Ring of the Snake","Pen Nib","Orichalcum","Juzu Bracelet","Empty Cage","Tiny Chest","PreservedInsect","Pocketwatch"],"potions_floor_usage":[0,1,7,12,16,16,16,24,33],"damage_taken":[{"damage":0,"enemies":"Cultist","floor":1,"turns":6},{"damage":4,"enemies":"Jaw Worm","floor":2,"turns":5},{"damage":12,"enemies":"Small Slimes","floor":3,"turns":3},{"damage":9,"enemies":"2 Fungi Beasts","floor":4,"turns":5},{"damage":32,"enemies":"3 Sentries","floor":7,"turns":8},{"damage":2,"enemies":"Exordium Thugs","floor":12,"turns":3},{"damage":0,"enemies":"Looter","floor":13,"turns":2},{"damage":0,"enemies":"3 Louse","floor":14,"turns":2},{"damage":19,"enemies":"Slime Boss","floor":16,"turns":7},{"damage":5,"enemies":"Chosen","floor":18,"turns":4},{"damage":10,"enemies":"2 Thieves","floor":19,"turns":4},{"damage":6,"enemies":"Snake Plant","floor":24,"turns":3},{"damage":4,"enemies":"Snecko","floor":27,"turns":3},{"damage":64,"enemies":"Champ","floor":33,"turns":10}],"seed_played":"1876540749519033383","potions_obtained":[{"floor":0,"key":"Fruit Juice"},{"floor":0,"key":"Weak Potion"},{"floor":0,"key":"FearPotion"},{"floor":1,"key":"FairyPotion"},{"floor":12,"key":"EntropicBrew"},{"floor":16,"key":"LiquidBronze"},{"floor":18,"key":"GhostInAJar"}],"is_trial":false,"path_per_floor":["M","M","M","M","?","R","E","R","T","$","R","M","M","M","R","B",null,"M","M","?","$","?","R","M","R","T","M","?","?","R","?","R","B"],"character_chosen":"THE_SILENT","items_purchased":["Predator","Block Potion"],"campfire_rested":3,"item_purchase_floors":[10,10],"current_hp_per_floor":[68,64,52,43,40,62,30,30,30,30,30,28,28,28,50,31,64,59,49,49,49,49,49,43,43,43,39,39,39,61,54,54,0],"gold":24,"neow_bonus":"THREE_SMALL_POTIONS","is_prod":false,"is_daily":false,"chose_seed":false,"campfire_upgraded":5,"win_rate":0,"timestamp":1551939169,"path_taken":["M","?","M","M","?","R","E","R","T","$","R","M","M","M","R","BOSS","M","M","?","$","?","R","M","R","T","M","?","?","R","?","R","BOSS"],"build_version":"2019-01-23","purchased_purges":2,"victory":false,"max_hp_per_floor":[75,75,75,75,75,75,75,75,75,75,75,75,75,75,75,75,75,75,75,75,75,75,75,75,75,75,75,75,75,75,75,75,75],"card_choices":[{"not_picked":["Slice","Bane"],"picked":"Choke","floor":1},{"not_picked":["Concentrate","Quick Slash"],"picked":"Glass Knife","floor":2},{"not_picked":["Prepared","Setup"],"picked":"PiercingWail","floor":3},{"not_picked":["Riddle With Holes","Distraction"],"picked":"Quick Slash","floor":4},{"not_picked":["Backflip","Heel Hook"],"picked":"Flying Knee","floor":7},{"not_picked":["Flying Knee","All Out Attack"],"picked":"Deflect","floor":12},{"not_picked":["Noxious Fumes","Tactician"],"picked":"Dagger Spray","floor":13},{"not_picked":["Cloak And Dagger","Quick Slash"],"picked":"Escape Plan","floor":14},{"not_picked":["Venomology","Malaise"],"picked":"Adrenaline","floor":16},{"not_picked":["Heel Hook","Prepared"],"picked":"PiercingWail","floor":18},{"not_picked":["Quick Slash","Distraction","Prepared"],"picked":"SKIP","floor":19},{"not_picked":["Choke","Eviscerate"],"picked":"Flying Knee","floor":24},{"not_picked":["Noxious Fumes","Deadly Poison"],"picked":"Skewer+1","floor":27}],"player_experience":959150,"relics_obtained":[{"floor":7,"key":"Orichalcum"},{"floor":9,"key":"Juzu Bracelet"},{"floor":26,"key":"Tiny Chest"}],"event_choices":[{"damage_healed":0,"gold_gain":0,"player_choice":"Success","damage_taken":3,"relics_obtained":["Pen Nib"],"max_hp_gain":0,"max_hp_loss":0,"event_name":"Scrap Ooze","floor":5,"gold_loss":0},{"damage_healed":0,"gold_gain":0,"player_choice":"Ignored","damage_taken":0,"max_hp_gain":0,"max_hp_loss":0,"event_name":"Ghosts","floor":20,"gold_loss":0},{"damage_healed":0,"gold_gain":0,"player_choice":"Ignored","damage_taken":0,"max_hp_gain":0,"max_hp_loss":0,"event_name":"Beggar","floor":22,"gold_loss":0},{"damage_healed":0,"gold_gain":0,"player_choice":"Opened","damage_taken":0,"relics_obtained":["PreservedInsect"],"max_hp_gain":0,"max_hp_loss":0,"event_name":"The Mausoleum","floor":28,"gold_loss":0},{"damage_healed":0,"gold_gain":0,"player_choice":"Obtained Relic","damage_taken":0,"relics_obtained":["Pocketwatch"],"max_hp_gain":0,"max_hp_loss":0,"event_name":"Addict","floor":29,"gold_loss":85},{"damage_healed":0,"gold_gain":0,"player_choice":"Damaged","damage_taken":7,"max_hp_gain":0,"max_hp_loss":0,"event_name":"Wheel of Change","floor":31,"gold_loss":0}],"is_beta":false,"boss_relics":[{"not_picked":["Ectoplasm","Tiny House"],"picked":"Empty Cage"}],"items_purged_floors":[10,21],"is_endless":false,"potions_floor_spawned":[1,3,12,16,18],"killed_by":"Champ","ascension_level":13}