{"gold_per_floor":[111,111,61,61,80,112,112,131,131,142,154,183,183,196,196,292,292,292],"floor_reached":18,"playtime":884,"items_purged":[],"score":197,"play_id":"da26d5eb-9a0c-411d-8951-4efcce39584d","local_time":"20190626221714","is_ascension_mode":false,"campfire_choices":[{"data":"True Grit","floor":7,"key":"SMITH"},{"data":"Disarm","floor":13,"key":"SMITH"},{"floor":15,"key":"REST"}],"neow_cost":"CURSE","seed_source_timestamp":3026788292982,"circlet_count":0,"master_deck":["Bash+1","Warcry","True Grit+1","Disarm+1","Pommel Strike+1","Shrug It Off","Uppercut+1","Armaments","Dark Embrace","Bloodletting","Berserk","Pommel Strike+1","Shockwave","Rampage+1","Clothesline+1","Spot Weakness","Second Wind"],"relics":["Burning Blood","The Courier","Molten Egg 2","Potion Belt","Pandora\u0027s Box"],"potions_floor_usage":[12,12],"damage_taken":[{"damage":0,"enemies":"2 Louse","floor":1,"turns":4},{"damage":6,"enemies":"Jaw Worm","floor":5,"turns":3},{"damage":56,"enemies":"Lagavulin","floor":6,"turns":7},{"damage":3,"enemies":"Small Slimes","floor":8,"turns":4},{"damage":10,"enemies":"Blue Slaver","floor":10,"turns":4},{"damage":10,"enemies":"2 Fungi Beasts","floor":11,"turns":4},{"damage":6,"enemies":"Gremlin Nob","floor":12,"turns":3},{"damage":24,"enemies":"Large Slime","floor":14,"turns":8},{"damage":15,"enemies":"Hexaghost","floor":16,"turns":14},{"damage":21,"enemies":"3 Byrds","floor":18,"turns":4}],"seed_played":"315654052685815758","potions_obtained":[{"floor":1,"key":"FearPotion"},{"floor":10,"key":"AttackPotion"},{"floor":14,"key":"BloodPotion"},{"floor":16,"key":"SteroidPotion"}],"is_trial":false,"path_per_floor":["M","?","?","?","M","E","R","M","T","M","M","E","R","M","R","B",null,"M"],"character_chosen":"IRONCLAD","items_purchased":[],"campfire_rested":1,"item_purchase_floors":[],"current_hp_per_floor":[96,96,96,96,96,46,46,49,49,45,41,41,41,23,51,42,96,75],"gold":292,"neow_bonus":"TWENTY_PERCENT_HP_BONUS","is_prod":false,"is_daily":false,"chose_seed":false,"campfire_upgraded":2,"win_rate":0,"timestamp":1561601834,"path_taken":["M","?","?","?","M","E","R","?","T","M","M","E","R","M","R","BOSS","M"],"build_version":"2019-01-23","purchased_purges":0,"victory":false,"max_hp_per_floor":[96,96,96,96,96,96,96,96,96,96,96,96,96,96,96,96,96,96],"card_choices":[{"not_picked":["Hemokinesis","Body Slam"],"picked":"Warcry","floor":1},{"not_picked":["Thunderclap","Warcry"],"picked":"True Grit","floor":5},{"not_picked":["Hemokinesis","Wild Strike"],"picked":"Disarm","floor":6},{"not_picked":["Blood for Blood","Rage","Warcry"],"picked":"SKIP","floor":8},{"not_picked":["Clash+1","Wild Strike+1"],"picked":"Pommel Strike+1","floor":10},{"not_picked":["Reckless Charge+1","Thunderclap+1"],"picked":"Shrug It Off","floor":11},{"not_picked":["Havoc","Wild Strike+1"],"picked":"Uppercut+1","floor":12},{"not_picked":["Flex","Fiend Fire+1"],"picked":"Armaments","floor":14},{"not_picked":["Brutality","Demon Form"],"picked":"Dark Embrace","floor":16}],"player_experience":258674,"relics_obtained":[{"floor":6,"key":"The Courier"},{"floor":9,"key":"Molten Egg 2"},{"floor":12,"key":"Potion Belt"}],"event_choices":[{"cards_removed":["Clumsy"],"damage_healed":0,"gold_gain":0,"player_choice":"Forget","damage_taken":0,"max_hp_gain":0,"max_hp_loss":0,"event_name":"Living Wall","floor":2,"gold_loss":0},{"cards_removed":["Strike_R"],"damage_healed":0,"gold_gain":0,"player_choice":"Card Removal","damage_taken":0,"max_hp_gain":0,"max_hp_loss":0,"event_name":"The Cleric","floor":3,"gold_loss":50},{"damage_healed":0,"gold_gain":0,"player_choice":"Forge","damage_taken":0,"max_hp_gain":0,"max_hp_loss":0,"event_name":"Accursed Blacksmith","floor":4,"gold_loss":0,"cards_upgraded":["Bash"]}],"is_beta":false,"boss_relics":[{"not_picked":["Busted Crown","Philosopher\u0027s Stone"],"picked":"Pandora\u0027s Box"}],"items_purged_floors":[],"is_endless":false,"potions_floor_spawned":[1,10,14,16],"killed_by":"3 Byrds","ascension_level":0}