{"gold_per_floor":[115,115,115,126,126,165,165,203,229,244,268,268,301,301,301,400,400,420,439,4,4,0,0,0,0,23,23,23,61,82,98,98,98],"floor_reached":33,"playtime":2407,"items_purged":[],"score":581,"play_id":"b3ca6bc9-03de-439d-882d-f01e216c79bb","local_time":"20190724212049","is_ascension_mode":true,"campfire_choices":[{"data":"Metallicize","floor":7.0,"key":"SMITH"},{"data":"Body Slam","floor":12.0,"key":"SMITH"},{"floor":15.0,"key":"REST"},{"data":"Apotheosis","floor":23,"key":"SMITH"},{"data":"Spot Weakness","floor":25,"key":"SMITH"},{"floor":28,"key":"REST"},{"floor":32,"key":"REST"}],"neow_cost":"NONE","seed_source_timestamp":77302790302800,"circlet_count":0,"master_deck":["AscendersBane","Strike_R","Strike_R","Strike_R","Strike_R","Defend_R","Bash","Anger","Impervious","Body Slam+1","Metallicize+1","Perfected Strike","Spot Weakness+1","Flame Barrier","Wild Strike","Double Tap","Anger+1","Pommel Strike","Apotheosis+1","Thunderclap","Perfected Strike","Shrug It Off"],"special_seed":0,"relics":["Burning Blood","NeowsBlessing","Golden Idol","Red Skull","Strawberry","Bag of Preparation","Bottled Lightning","Empty Cage","Bronze Scales","Nilry\u0027s Codex","Vajra","Blue Candle"],"potions_floor_usage":[18,29,30,31],"damage_taken":[{"damage":0.0,"enemies":"2 Louse","floor":1.0,"turns":1.0},{"damage":0.0,"enemies":"Cultist","floor":4.0,"turns":1.0},{"damage":0.0,"enemies":"Gremlin Nob","floor":6.0,"turns":1.0},{"damage":27.0,"enemies":"3 Sentries","floor":8.0,"turns":12.0},{"damage":8.0,"enemies":"Small Slimes","floor":10.0,"turns":2.0},{"damage":6.0,"enemies":"2 Fungi Beasts","floor":11.0,"turns":3.0},{"damage":28.0,"enemies":"Gremlin Nob","floor":13.0,"turns":4.0},{"damage":44.0,"enemies":"The Guardian","floor":16.0,"turns":11.0},{"damage":15,"enemies":"3 Byrds","floor":18,"turns":3},{"damage":18,"enemies":"Spheric Guardian","floor":19,"turns":6},{"damage":43,"enemies":"Book of Stabbing","floor":29,"turns":4},{"damage":18,"enemies":"Snecko","floor":30,"turns":3},{"damage":2,"enemies":"Snake Plant","floor":31,"turns":3},{"damage":41,"enemies":"Champ","floor":33,"turns":6}],"seed_played":"8337141837852357178","potions_obtained":[{"floor":1.0,"key":"FearPotion"},{"floor":4.0,"key":"Dexterity Potion"},{"floor":10.0,"key":"GamblersBrew"},{"floor":13.0,"key":"Regen Potion"},{"floor":16.0,"key":"LiquidBronze"},{"floor":29,"key":"GamblersBrew"},{"floor":30,"key":"Block Potion"},{"floor":31,"key":"FearPotion"}],"is_trial":false,"path_per_floor":["M","$","?","M","?","E","R","E","T","M","M","R","E","?","R","B",null,"M","M","$","?","?","R","?","R","T","$","R","E","M","M","R","B"],"character_chosen":"IRONCLAD","items_purchased":["Apotheosis","Bronze Scales","EssenceOfSteel"],"campfire_rested":3,"item_purchase_floors":[20,20,20],"current_hp_per_floor":[74,74,74,75,49,55,55,41,41,39,39,39,17,22,48,25,72,63,51,51,30,30,30,30,30,30,30,56,19,7,11,37,0],"gold":98,"neow_bonus":"THREE_ENEMY_KILL","is_prod":false,"is_daily":false,"chose_seed":false,"campfire_upgraded":4,"win_rate":0,"timestamp":1563996049,"path_taken":["M","$","?","?","?","E","R","E","T","M","M","R","E","?","R","BOSS","M","M","$","?","?","R","?","R","T","$","R","E","?","M","R","BOSS"],"build_version":"2019-07-17","purchased_purges":0,"victory":false,"max_hp_per_floor":[75,75,75,75,75,75,75,82,82,82,82,82,82,87,87,87,87,87,87,87,87,87,87,87,87,87,87,87,87,87,87,87,87],"card_choices":[{"not_picked":["Seeing Red","Havoc"],"picked":"Anger","floor":1.0},{"not_picked":["Iron Wave","Thunderclap"],"picked":"Body Slam","floor":4.0},{"not_picked":["Carnage","Flex"],"picked":"Metallicize","floor":6.0},{"not_picked":["Evolve","Sword Boomerang"],"picked":"Perfected Strike","floor":8.0},{"not_picked":["Clash","Entrench"],"picked":"Spot Weakness","floor":10.0},{"not_picked":["Perfected Strike","Dual Wield"],"picked":"Flame Barrier","floor":11.0},{"not_picked":["Searing Blow","Fiend Fire"],"picked":"Wild Strike","floor":13.0},{"not_picked":["Berserk","Feed"],"picked":"Double Tap","floor":16.0},{"not_picked":["Clothesline","Cleave"],"picked":"Anger+1","floor":18},{"not_picked":["Warcry","Twin Strike"],"picked":"Pommel Strike","floor":19},{"not_picked":["Double Tap","Corruption"],"picked":"Thunderclap","floor":29},{"not_picked":["True Grit","Flex"],"picked":"Perfected Strike","floor":30},{"not_picked":["Thunderclap","Armaments"],"picked":"Shrug It Off","floor":31}],"player_experience":1748168,"relics_obtained":[{"floor":6.0,"key":"Red Skull"},{"floor":8.0,"key":"Strawberry"},{"floor":9.0,"key":"Bag of Preparation"},{"floor":13.0,"key":"Bottled Lightning"},{"floor":21,"key":"Nilry\u0027s Codex"},{"floor":26,"key":"Vajra"},{"floor":29,"key":"Blue Candle"}],"event_choices":[{"damage_healed":0.0,"max_hp_gain":0.0,"max_hp_loss":0.0,"gold_gain":0.0,"cards_transformed":["Strike_R"],"event_name":"Transmorgrifier","player_choice":"Transformed","floor":3.0,"gold_loss":0.0,"damage_taken":0.0,"cards_obtained":["Impervious"]},{"damage_healed":0.0,"max_hp_gain":0.0,"max_hp_loss":0.0,"gold_gain":0.0,"event_name":"Golden Idol","player_choice":"Take Damage","floor":5.0,"gold_loss":0.0,"damage_taken":26.0,"relics_obtained":["Golden Idol"]},{"damage_healed":0.0,"max_hp_gain":5.0,"max_hp_loss":0.0,"gold_gain":0.0,"event_name":"Big Fish","player_choice":"Donut","floor":14.0,"gold_loss":0.0,"damage_taken":0.0},{"damage_healed":0,"gold_gain":0,"player_choice":"Obtained Book","damage_taken":21,"max_hp_gain":0,"max_hp_loss":0,"event_name":"Cursed Tome","floor":21,"gold_loss":0},{"damage_healed":0,"gold_gain":0,"player_choice":"Paid Fearfully","damage_taken":0,"max_hp_gain":0,"max_hp_loss":0,"event_name":"Masked Bandits","floor":22,"gold_loss":4},{"cards_removed":["Defend_R"],"damage_healed":0,"gold_gain":0,"player_choice":"Offered Basic","damage_taken":0,"max_hp_gain":0,"max_hp_loss":0,"event_name":"Bonfire Elementals","floor":24,"gold_loss":0}],"is_beta":false,"boss_relics":[{"not_picked":["Philosopher\u0027s Stone","Runic Pyramid"],"picked":"Empty Cage"}],"items_purged_floors":[],"is_endless":false,"potions_floor_spawned":[1,4,10,13,16,29,30,31],"killed_by":"Champ","ascension_level":18}