{"gold_per_floor":[10,21,21,36,56,56,83,83,83,83,143,143,22,42,42,42],"floor_reached":16,"playtime":552,"items_purged":["Strike_R"],"score":170,"play_id":"8ccd6c5d-f98b-4382-81b1-daeeb8516bf1","local_time":"20190325144400","is_ascension_mode":true,"campfire_choices":[{"data":"Bash","floor":6.0,"key":"SMITH"},{"data":"Feel No Pain","floor":8.0,"key":"SMITH"},{"data":"Shrug It Off","floor":10.0,"key":"SMITH"},{"data":"Sword Boomerang","floor":15,"key":"SMITH"}],"neow_cost":"NO_GOLD","seed_source_timestamp":1080070051131499,"circlet_count":0,"master_deck":["AscendersBane","Strike_R","Defend_R","Defend_R","Defend_R","Defend_R","Bash+1","Cleave","Feel No Pain+1","Sword Boomerang","Shrug It Off+1","Rupture","Clash","Clash","Armaments+1","Sword Boomerang+1","Warcry+1","Flex+1"],"special_seed":0,"relics":["Burning Blood","Toxic Egg 2","Matryoshka","Ornamental Fan"],"potions_floor_usage":[16],"damage_taken":[{"damage":2.0,"enemies":"2 Louse","floor":1.0,"turns":2.0},{"damage":14.0,"enemies":"Jaw Worm","floor":2.0,"turns":4.0},{"damage":2.0,"enemies":"Cultist","floor":4.0,"turns":4.0},{"damage":8.0,"enemies":"3 Louse","floor":5.0,"turns":4.0},{"damage":19.0,"enemies":"Lagavulin","floor":7.0,"turns":5.0},{"damage":47.0,"enemies":"Lagavulin Event","floor":11.0,"turns":6.0},{"damage":0.0,"enemies":"Blue Slaver","floor":14.0,"turns":4.0},{"damage":21,"enemies":"Hexaghost","floor":16,"turns":9}],"seed_played":"-2323815689365909993","potions_obtained":[{"floor":2.0,"key":"Explosive Potion"},{"floor":7.0,"key":"Strength Potion"},{"floor":11.0,"key":"FairyPotion"},{"floor":12.0,"key":"Weak Potion"}],"is_trial":false,"path_per_floor":["M","M","?","M","M","R","E","R","T","R","?","?","$","M","R","B"],"character_chosen":"IRONCLAD","items_purchased":["Warcry+1"],"campfire_rested":0,"item_purchase_floors":[13],"current_hp_per_floor":[72,64,64,68,66,66,53,53,53,53,12,12,12,18,18,0],"gold":42,"neow_bonus":"TRANSFORM_TWO_CARDS","is_prod":false,"is_daily":false,"chose_seed":false,"campfire_upgraded":4,"win_rate":0,"timestamp":1553521440,"path_taken":["M","M","?","M","M","R","E","R","T","R","?","?","$","?","R","BOSS"],"build_version":"2019-01-23","purchased_purges":1,"victory":false,"max_hp_per_floor":[75,75,75,75,75,75,75,75,75,75,75,75,75,75,75,75],"card_choices":[{"not_picked":["Heavy Blade","Rage"],"picked":"Sword Boomerang","floor":1.0},{"not_picked":["Disarm","Pommel Strike"],"picked":"Shrug It Off","floor":2.0},{"not_picked":["Perfected Strike","Sentinel"],"picked":"Clash","floor":4.0},{"not_picked":["Clothesline","Flex"],"picked":"Clash","floor":5.0},{"not_picked":["Reaper","Wild Strike"],"picked":"Armaments","floor":7.0},{"not_picked":["Cleave","Twin Strike"],"picked":"Sword Boomerang","floor":11.0},{"not_picked":["Cleave","Shrug It Off+1"],"picked":"Flex+1","floor":14.0}],"player_experience":998178,"relics_obtained":[{"floor":7.0,"key":"Toxic Egg 2"},{"floor":9.0,"key":"Matryoshka"},{"floor":11.0,"key":"Ornamental Fan"}],"event_choices":[{"damage_healed":0.0,"max_hp_gain":0.0,"max_hp_loss":0.0,"gold_gain":0.0,"cards_transformed":["Strike_R"],"event_name":"Living Wall","player_choice":"Change","floor":3.0,"gold_loss":0.0,"damage_taken":0.0,"cards_obtained":["Rupture"]},{"damage_healed":0.0,"max_hp_gain":0.0,"max_hp_loss":0.0,"gold_gain":30.0,"event_name":"Dead Adventurer","player_choice":"Searched \u00272\u0027 times","floor":11.0,"gold_loss":0.0,"damage_taken":0.0},{"damage_healed":0.0,"max_hp_gain":0.0,"max_hp_loss":0.0,"gold_gain":0.0,"event_name":"Lab","player_choice":"Got Potions","floor":12.0,"gold_loss":0.0,"damage_taken":0.0}],"is_beta":false,"boss_relics":[],"items_purged_floors":[13],"is_endless":false,"potions_floor_spawned":[2,7,11],"killed_by":"Hexaghost","ascension_level":14}