{"gold_per_floor":[114,114,114,135,158,158,123,159,159,182,217,238,238,253,253,346,346,360,375,375,22,22],"floor_reached":22,"playtime":1055,"items_purged":["Strike_B"],"score":392,"play_id":"ae04406a-85fd-4ed7-a332-461aec90fbcb","local_time":"20190630223533","is_ascension_mode":true,"campfire_choices":[{"floor":6.0,"key":"REST"},{"floor":13.0,"key":"REST"},{"data":"Rainbow","floor":15.0,"key":"SMITH"}],"neow_cost":"NONE","seed_source_timestamp":1482145016389456,"circlet_count":0,"master_deck":["AscendersBane","Strike_B","Strike_B","Strike_B","Defend_B","Defend_B","Defend_B","Zap","Dualcast","Tempest","Ball Lightning","Ball Lightning","Scrape","Rainbow+1","Sunder","Genetic Algorithm","Streamline","Machine Learning","Rebound","Skim+1","Ball Lightning","Bandage Up","Rainbow"],"special_seed":0,"relics":["Snecko Eye","Golden Idol","Calipers","Ginger","StoneCalendar","Sozu"],"potions_floor_usage":[],"damage_taken":[{"damage":12.0,"enemies":"Cultist","floor":1.0,"turns":4.0},{"damage":7.0,"enemies":"Jaw Worm","floor":4.0,"turns":3.0},{"damage":14.0,"enemies":"2 Louse","floor":5.0,"turns":2.0},{"damage":11.0,"enemies":"Gremlin Nob","floor":8.0,"turns":3.0},{"damage":28.0,"enemies":"Exordium Wildlife","floor":10.0,"turns":5.0},{"damage":10.0,"enemies":"3 Sentries","floor":11.0,"turns":4.0},{"damage":0.0,"enemies":"Gremlin Gang","floor":12.0,"turns":3.0},{"damage":8.0,"enemies":"3 Louse","floor":14.0,"turns":2.0},{"damage":14.0,"enemies":"Hexaghost","floor":16.0,"turns":7.0},{"damage":23.0,"enemies":"Shell Parasite","floor":18.0,"turns":3.0},{"damage":16.0,"enemies":"2 Thieves","floor":19.0,"turns":3.0},{"damage":21,"enemies":"Sentry and Sphere","floor":22,"turns":3}],"seed_played":"2858294036302862800","potions_obtained":[{"floor":5.0,"key":"FearPotion"},{"floor":11.0,"key":"Strength Potion"},{"floor":14.0,"key":"GamblersBrew"}],"is_trial":false,"path_per_floor":["M","?","?","M","M","R","?","E","T","M","E","M","R","M","R","B",null,"M","M","?","$","M"],"character_chosen":"DEFECT","items_purchased":["Bandage Up","Rainbow"],"campfire_rested":2,"item_purchase_floors":[21,21],"current_hp_per_floor":[52,52,52,45,31,50,64,53,53,25,15,15,34,26,26,12,51,28,12,12,12,0],"gold":22,"neow_bonus":"BOSS_RELIC","is_prod":false,"is_daily":false,"chose_seed":false,"campfire_upgraded":1,"win_rate":0,"timestamp":1561926933,"path_taken":["M","?","?","M","M","R","?","E","T","M","E","?","R","M","R","BOSS","M","?","?","$","M"],"build_version":"2019-01-23","purchased_purges":1,"victory":false,"max_hp_per_floor":[71,64,64,64,64,64,64,64,64,64,64,64,64,64,64,64,64,64,64,64,64,64],"card_choices":[{"not_picked":["Barrage","Steam","Beam Cell"],"picked":"SKIP","floor":1.0},{"not_picked":["Gash","Barrage"],"picked":"Ball Lightning","floor":4.0},{"not_picked":["Turbo","Stack"],"picked":"Ball Lightning","floor":5.0},{"not_picked":["Rip and Tear","Leap"],"picked":"Scrape","floor":8.0},{"not_picked":["Darkness","Fusion"],"picked":"Rainbow","floor":10.0},{"not_picked":["Gash","Chill"],"picked":"Sunder","floor":11.0},{"not_picked":["Ball Lightning","Gash"],"picked":"Genetic Algorithm","floor":12.0},{"not_picked":["White Noise","FTL"],"picked":"Streamline","floor":14.0},{"not_picked":["Hyperbeam","Seek"],"picked":"Machine Learning","floor":16.0},{"not_picked":["Gash+1","Go for the Eyes"],"picked":"Rebound","floor":18.0},{"not_picked":["Redo","Beam Cell"],"picked":"Skim+1","floor":19.0}],"player_experience":862238,"relics_obtained":[{"floor":8.0,"key":"Calipers"},{"floor":9.0,"key":"Ginger"},{"floor":11.0,"key":"StoneCalendar"}],"event_choices":[{"damage_healed":0.0,"max_hp_gain":0.0,"max_hp_loss":7.0,"gold_gain":0.0,"event_name":"Golden Idol","player_choice":"Lose Max HP","floor":2.0,"gold_loss":0.0,"damage_taken":0.0,"relics_obtained":["Golden Idol"]},{"damage_healed":0.0,"max_hp_gain":0.0,"max_hp_loss":0.0,"gold_gain":0.0,"cards_transformed":["Defend_B"],"event_name":"Living Wall","player_choice":"Change","floor":3.0,"gold_loss":0.0,"damage_taken":0.0,"cards_obtained":["Tempest"]},{"damage_healed":16.0,"max_hp_gain":0.0,"max_hp_loss":0.0,"gold_gain":0.0,"event_name":"The Cleric","player_choice":"Healed","floor":7.0,"gold_loss":35.0,"damage_taken":0.0},{"damage_healed":0,"gold_gain":0,"player_choice":"1 cards matched","damage_taken":0,"max_hp_gain":0,"max_hp_loss":0,"event_name":"Match and Keep!","floor":20,"gold_loss":0,"cards_obtained":["Ball Lightning"]}],"is_beta":false,"boss_relics":[{"not_picked":["Busted Crown","Eternal Feather"],"picked":"Sozu"}],"items_purged_floors":[21],"is_endless":false,"potions_floor_spawned":[5,11,14,18],"killed_by":"Sentry and Sphere","ascension_level":20}