{"gold_per_floor":[117,39,59,59,59,71,71,100,100,100,122,122,122,151,151,223,223,236,246,265,282,292,292,323,0,0,20,39,58,58,73,73,73],"floor_reached":33,"playtime":1570,"items_purged":["Strike_G"],"score":488,"play_id":"d6cba616-634c-4823-92b7-bf1861ad7f8b","local_time":"20190430214553","is_ascension_mode":true,"campfire_choices":[{"data":"Riddle With Holes","floor":7,"key":"SMITH"},{"data":"Neutralize","floor":10,"key":"SMITH"},{"data":"Endless Agony","floor":13,"key":"SMITH"},{"floor":15,"key":"REST"},{"floor":23,"key":"REST"},{"floor":30,"key":"REST"},{"floor":32,"key":"REST"}],"neow_cost":"NONE","seed_source_timestamp":96344717051200,"circlet_count":0,"master_deck":["AscendersBane","Defend_G","Defend_G+1","Defend_G","Defend_G","Defend_G","Strike_G","Strike_G","Strike_G","Strike_G+1","Survivor","Neutralize+1","Riddle With Holes+1","Well Laid Plans","All Out Attack","Backstab","Endless Agony+1","Sucker Punch","Infinite Blades+1","Envenom+1","Dagger Spray","Dodge and Roll","Dodge and Roll","Catalyst","Deadly Poison","Quick Slash"],"relics":["Ring of the Snake","Ninja Scroll","Frozen Egg 2","Mercury Hourglass","Odd Mushroom","Meat on the Bone","Busted Crown","Blue Candle","Strange Spoon","Happy Flower"],"potions_floor_usage":[3,8,14,14,20,31,33,33,33,33],"damage_taken":[{"damage":7,"enemies":"Cultist","floor":1,"turns":7},{"damage":2,"enemies":"2 Louse","floor":3,"turns":5},{"damage":0,"enemies":"Small Slimes","floor":6,"turns":3},{"damage":4,"enemies":"3 Sentries","floor":8,"turns":6},{"damage":0,"enemies":"The Mushroom Lair","floor":11,"turns":2},{"damage":3,"enemies":"Lagavulin","floor":14,"turns":3},{"damage":27,"enemies":"The Guardian","floor":16,"turns":12},{"damage":0,"enemies":"3 Byrds","floor":18,"turns":4},{"damage":9,"enemies":"Shell Parasite","floor":19,"turns":4},{"damage":1,"enemies":"3 Cultists","floor":20,"turns":3},{"damage":24,"enemies":"Snecko","floor":21,"turns":6},{"damage":19,"enemies":"Snake Plant","floor":22,"turns":3},{"damage":30,"enemies":"Slavers","floor":24,"turns":5},{"damage":2,"enemies":"Centurion and Healer","floor":27,"turns":5},{"damage":14,"enemies":"Shelled Parasite and Fungi","floor":28,"turns":4},{"damage":26,"enemies":"Snake Plant","floor":29,"turns":4},{"damage":7,"enemies":"3 Cultists","floor":31,"turns":4},{"damage":69,"enemies":"Collector","floor":33,"turns":8}],"seed_played":"270935260968358263","potions_obtained":[{"floor":1,"key":"Regen Potion"},{"floor":3,"key":"Block Potion"},{"floor":6,"key":"Swift Potion"},{"floor":12,"key":"Fire Potion"},{"floor":19,"key":"Weak Potion"},{"floor":20,"key":"Energy Potion"},{"floor":27,"key":"Poison Potion"},{"floor":31,"key":"EntropicBrew"}],"is_trial":false,"path_per_floor":["M","$","M","?","?","M","R","E","T","R","?","?","R","E","R","B",null,"M","M","M","M","M","R","E","$","T","M","M","M","R","M","R","B"],"character_chosen":"THE_SILENT","items_purchased":["Well Laid Plans","Strange Spoon","Catalyst"],"campfire_rested":4,"item_purchase_floors":[2,25,25],"current_hp_per_floor":[58,58,70,48,37,37,37,33,33,33,33,33,33,30,51,36,63,63,54,53,41,34,55,37,37,37,47,45,31,52,45,66,0],"gold":73,"neow_bonus":"TEN_PERCENT_HP_BONUS","is_prod":false,"is_daily":false,"chose_seed":false,"campfire_upgraded":3,"win_rate":0,"timestamp":1556653553,"path_taken":["M","?","M","?","?","M","R","E","T","R","?","?","R","E","R","BOSS","M","?","M","?","M","R","E","$","T","M","M","M","R","M","R","BOSS"],"build_version":"2019-01-23","purchased_purges":1,"victory":false,"max_hp_per_floor":[72,72,72,72,72,72,72,72,72,72,72,72,72,72,72,72,72,72,72,72,72,72,72,72,72,72,72,72,72,72,72,72,72],"card_choices":[{"not_picked":["PiercingWail","Blade Dance"],"picked":"Riddle With Holes","floor":1},{"not_picked":["Deadly Poison","PiercingWail"],"picked":"All Out Attack","floor":3},{"not_picked":["Footwork","Choke"],"picked":"Backstab","floor":6},{"not_picked":["Dagger Spray","Catalyst"],"picked":"Endless Agony","floor":8},{"not_picked":["Bouncing Flask","Poisoned Stab"],"picked":"Sucker Punch","floor":11},{"not_picked":["Prepared","Cloak And Dagger"],"picked":"Infinite Blades+1","floor":14},{"not_picked":["Die Die Die","Grand Finale"],"picked":"Envenom+1","floor":16},{"not_picked":["Concentrate"],"picked":"SKIP","floor":18},{"not_picked":[],"picked":"Dagger Spray","floor":19},{"not_picked":["Poisoned Stab+1"],"picked":"SKIP","floor":20},{"not_picked":[],"picked":"Dodge and Roll","floor":21},{"not_picked":[],"picked":"Dodge and Roll","floor":22},{"not_picked":["Sucker Punch"],"picked":"SKIP","floor":24},{"not_picked":[],"picked":"Deadly Poison","floor":27},{"not_picked":["Underhanded Strike"],"picked":"SKIP","floor":28},{"not_picked":[],"picked":"Quick Slash","floor":29},{"not_picked":["Dagger Spray"],"picked":"SKIP","floor":31}],"player_experience":1071084,"relics_obtained":[{"floor":8,"key":"Frozen Egg 2"},{"floor":9,"key":"Mercury Hourglass"},{"floor":11,"key":"Odd Mushroom"},{"floor":14,"key":"Meat on the Bone"},{"floor":24,"key":"Blue Candle"},{"floor":26,"key":"Happy Flower"}],"event_choices":[{"damage_healed":0,"gold_gain":0,"player_choice":"Entered Light","damage_taken":22,"max_hp_gain":0,"max_hp_loss":0,"event_name":"Shining Light","floor":4,"gold_loss":0,"cards_upgraded":["Defend_G","Strike_G"]},{"damage_healed":0,"gold_gain":0,"player_choice":"Success","damage_taken":11,"relics_obtained":["Ninja Scroll"],"max_hp_gain":0,"max_hp_loss":0,"event_name":"Scrap Ooze","floor":5,"gold_loss":0},{"damage_healed":0,"gold_gain":0,"player_choice":"Fought Mushrooms","damage_taken":0,"max_hp_gain":0,"max_hp_loss":0,"event_name":"Mushrooms","floor":11,"gold_loss":0},{"damage_healed":0,"gold_gain":0,"player_choice":"Got Potions","damage_taken":0,"max_hp_gain":0,"max_hp_loss":0,"event_name":"Lab","floor":12,"gold_loss":0}],"is_beta":false,"boss_relics":[{"not_picked":["Eternal Feather","HoveringKite"],"picked":"Busted Crown"}],"items_purged_floors":[25],"is_endless":false,"potions_floor_spawned":[1,3,6,19,20,27,28,31],"killed_by":"Collector","ascension_level":15}