{"gold_per_floor":[18,18,18,18,18,18,34,77,77,77,2,21,21,34,34,129,129,148,148,148,148,48,48,48,67,67,67,67,67,77,88,88,164,164,181,181,200,200,212,245,259,259,259,259,269,269,287,226,226,226],"floor_reached":51,"playtime":2899,"items_purged":["Strike_R","Strike_R+1"],"score":1328,"play_id":"4492d13f-abb0-42af-a16b-8cf968df2b53","local_time":"20191006005400","is_ascension_mode":true,"campfire_choices":[{"data":"Spot Weakness","floor":6.0,"key":"SMITH"},{"data":"Bash","floor":10.0,"key":"SMITH"},{"data":"True Grit","floor":15.0,"key":"SMITH"},{"data":"Limit Break","floor":23.0,"key":"SMITH"},{"data":"Defend_R","floor":28.0,"key":"SMITH"},{"data":"Flame Barrier","floor":32.0,"key":"SMITH"},{"data":"Battle Trance","floor":42,"key":"SMITH"},{"data":"Feel No Pain","floor":44,"key":"SMITH"},{"data":"Offering","floor":46,"key":"SMITH"},{"data":"Defend_R","floor":49,"key":"SMITH"}],"neow_cost":"NO_GOLD","seed_source_timestamp":109524896039796,"circlet_count":0,"master_deck":["AscendersBane","Defend_R","Defend_R+1","Defend_R+1","Spot Weakness+1","Cleave","Reaper","Twin Strike","True Grit+1","Limit Break+1","Flame Barrier+1","True Grit+1","Flame Barrier+1","Offering+1","Feel No Pain+1","Flash of Steel","Battle Trance+1","Entrench+1"],"special_seed":0,"relics":["Burning Blood","Bloody Idol","Darkstone Periapt","PreservedInsect","Eternal Feather","Red Skull","Coffee Dripper","Pen Nib","Paper Frog","Regal Pillow"],"potions_floor_usage":[40],"damage_taken":[{"damage":6.0,"enemies":"Cultist","floor":1.0,"turns":3.0},{"damage":4.0,"enemies":"2 Louse","floor":7.0,"turns":2.0},{"damage":35.0,"enemies":"3 Sentries","floor":8.0,"turns":7.0},{"damage":11.0,"enemies":"Jaw Worm","floor":12.0,"turns":4.0},{"damage":8.0,"enemies":"2 Fungi Beasts","floor":14.0,"turns":4.0},{"damage":33.0,"enemies":"The Guardian","floor":16.0,"turns":13.0},{"damage":32.0,"enemies":"Shell Parasite","floor":18.0,"turns":6.0},{"damage":22.0,"enemies":"3 Byrds","floor":25.0,"turns":7.0},{"damage":0.0,"enemies":"Book of Stabbing","floor":27.0,"turns":1.0},{"damage":52.0,"enemies":"Snake Plant","floor":30.0,"turns":7.0},{"damage":18.0,"enemies":"Centurion and Healer","floor":31.0,"turns":6.0},{"damage":48.0,"enemies":"Champ","floor":33.0,"turns":10.0},{"damage":11.0,"enemies":"3 Shapes","floor":35.0,"turns":14.0},{"damage":65.0,"enemies":"3 Darklings","floor":37.0,"turns":5.0},{"damage":44,"enemies":"Spire Growth","floor":39,"turns":5},{"damage":9,"enemies":"Reptomancer","floor":40,"turns":4},{"damage":28,"enemies":"Jaw Worm Horde","floor":41,"turns":4},{"damage":46,"enemies":"4 Shapes","floor":45,"turns":8},{"damage":33,"enemies":"3 Darklings","floor":47,"turns":3},{"damage":45,"enemies":"Donu and Deca","floor":50,"turns":9}],"seed_played":"-1477414197726686433","potions_obtained":[{"floor":1.0,"key":"Swift Potion"},{"floor":14.0,"key":"SneckoOil"},{"floor":16.0,"key":"FearPotion"},{"floor":24.0,"key":"SmokeBomb"},{"floor":24.0,"key":"EntropicBrew"},{"floor":35.0,"key":"SteroidPotion"},{"floor":40,"key":"Regen Potion"},{"floor":45,"key":"FairyPotion"}],"is_trial":false,"path_per_floor":["M","?","?","$","?","R","M","E","T","R","$","M","?","M","R","B",null,"M","?","$","?","$","R","?","M","T","E","R","?","M","M","R","B",null,"M","?","M","?","M","E","M","R","T","R","M","R","M","?","R","B",null],"character_chosen":"IRONCLAD","items_purchased":[],"campfire_rested":0,"item_purchase_floors":[],"current_hp_per_floor":[68,68,68,68,48,48,50,21,21,21,21,23,23,29,29,8,53,39,39,39,39,39,45,45,43,43,49,55,55,56,68,68,58,66,68,58,49,49,31,68,51,60,60,68,68,68,68,68,68,68],"gold":226,"neow_bonus":"REMOVE_TWO","is_prod":false,"is_daily":false,"chose_seed":false,"campfire_upgraded":10,"win_rate":0,"timestamp":1570348440,"path_taken":["M","?","?","$","?","R","M","E","T","R","$","M","?","?","R","BOSS","M","?","$","?","$","R","?","?","T","E","R","?","M","M","R","BOSS","M","?","M","?","?","E","M","R","T","R","M","R","M","?","R","BOSS"],"build_version":"2019-07-17","purchased_purges":2,"victory":true,"max_hp_per_floor":[75,75,68,68,68,68,68,68,68,68,68,68,68,68,68,68,68,68,68,68,68,68,68,68,68,68,68,68,68,68,68,68,68,68,68,68,68,68,68,68,68,68,68,68,68,68,68,68,68,68],"card_choices":[{"not_picked":["Burning Pact","Perfected Strike"],"picked":"Spot Weakness","floor":1.0},{"not_picked":["Clothesline","Spot Weakness","Hemokinesis"],"picked":"SKIP","floor":7.0},{"not_picked":["Clothesline","Spot Weakness","Hemokinesis"],"picked":"SKIP","floor":7.0},{"not_picked":["Burning Pact","Dual Wield"],"picked":"Reaper","floor":8.0},{"not_picked":["Shrug It Off","Anger"],"picked":"Twin Strike","floor":12.0},{"not_picked":["Rage","Twin Strike"],"picked":"True Grit","floor":14.0},{"not_picked":["Dark Embrace","Juggernaut"],"picked":"Limit Break","floor":16.0},{"not_picked":["Body Slam+1","Reckless Charge"],"picked":"Flame Barrier+1","floor":18.0},{"not_picked":["Bloodletting","Sentinel","Iron Wave"],"picked":"SKIP","floor":25.0},{"not_picked":["Bloodletting","Sentinel","Iron Wave"],"picked":"SKIP","floor":25.0},{"not_picked":["Dual Wield","Pommel Strike+1"],"picked":"True Grit+1","floor":30.0},{"not_picked":["Fire Breathing","Warcry"],"picked":"Flame Barrier","floor":31.0},{"not_picked":["Berserk","Dark Embrace"],"picked":"Offering","floor":33.0},{"not_picked":["Clothesline","Bloodletting+1"],"picked":"Feel No Pain","floor":35.0},{"not_picked":["Impatience","Violence"],"picked":"Flash of Steel","floor":36.0},{"not_picked":["Thunderclap","Twin Strike","Rupture"],"picked":"SKIP","floor":37.0},{"not_picked":["Sword Boomerang","Flex","Thunderclap"],"picked":"SKIP","floor":39},{"not_picked":["Battle Trance+1","Berserk","Pummel"],"picked":"SKIP","floor":40},{"not_picked":["Bloodletting","Infernal Blade","Dropkick"],"picked":"SKIP","floor":41},{"not_picked":["Hemokinesis","Dropkick","True Grit"],"picked":"SKIP","floor":45},{"not_picked":["Clash","True Grit+1"],"picked":"Entrench+1","floor":47}],"player_experience":343806,"relics_obtained":[{"floor":8.0,"key":"Darkstone Periapt"},{"floor":9.0,"key":"PreservedInsect"},{"floor":26.0,"key":"Red Skull"},{"floor":40,"key":"Pen Nib"},{"floor":43,"key":"Paper Frog"}],"event_choices":[{"damage_healed":0.0,"max_hp_gain":0.0,"max_hp_loss":0.0,"gold_gain":0.0,"cards_transformed":["Strike_R"],"event_name":"Living Wall","player_choice":"Change","floor":2.0,"gold_loss":0.0,"damage_taken":0.0,"cards_obtained":["Cleave"]},{"damage_healed":0.0,"max_hp_gain":0.0,"max_hp_loss":7.0,"gold_gain":0.0,"event_name":"Golden Idol","player_choice":"Lose Max HP","floor":3.0,"gold_loss":0.0,"damage_taken":0.0,"relics_obtained":["Golden Idol"]},{"damage_healed":0.0,"max_hp_gain":0.0,"max_hp_loss":0.0,"gold_gain":0.0,"event_name":"Shining Light","player_choice":"Entered Light","floor":5.0,"gold_loss":0.0,"damage_taken":20.0,"cards_upgraded":["Strike_R","Strike_R"]},{"cards_removed":["Strike_R"],"damage_healed":0.0,"max_hp_gain":0.0,"max_hp_loss":0.0,"gold_gain":0.0,"event_name":"Wheel of Change","player_choice":"Card Removal","floor":13.0,"gold_loss":0.0,"damage_taken":0.0},{"damage_healed":0.0,"max_hp_gain":0.0,"max_hp_loss":0.0,"gold_gain":0.0,"event_name":"Forgotten Altar","player_choice":"Gave Idol","floor":19.0,"relics_lost":["Golden Idol"],"gold_loss":0.0,"damage_taken":0.0,"relics_obtained":["Bloody Idol"]},{"damage_healed":0.0,"max_hp_gain":0.0,"max_hp_loss":0.0,"gold_gain":0.0,"event_name":"The Mausoleum","player_choice":"Ignored","floor":21.0,"gold_loss":0.0,"damage_taken":0.0},{"damage_healed":0.0,"max_hp_gain":0.0,"max_hp_loss":0.0,"gold_gain":0.0,"event_name":"Lab","player_choice":"Got Potions","floor":24.0,"gold_loss":0.0,"damage_taken":0.0},{"cards_removed":["Bash"],"damage_healed":0.0,"max_hp_gain":0.0,"max_hp_loss":0.0,"gold_gain":0.0,"event_name":"Back to Basics","player_choice":"Elegance","floor":29.0,"gold_loss":0.0,"damage_taken":0.0},{"damage_healed":0.0,"max_hp_gain":0.0,"max_hp_loss":0.0,"gold_gain":0.0,"event_name":"SensoryStone","player_choice":"Memory 3","floor":36.0,"gold_loss":0.0,"damage_taken":10.0},{"damage_healed":0,"gold_gain":0,"player_choice":"1 cards matched","damage_taken":0,"max_hp_gain":0,"max_hp_loss":0,"event_name":"Match and Keep!","floor":38,"gold_loss":0,"cards_obtained":["Battle Trance"]},{"damage_healed":0,"gold_gain":0,"player_choice":"Paid Gold","damage_taken":0,"relics_obtained":["Regal Pillow"],"max_hp_gain":0,"max_hp_loss":0,"event_name":"WeMeetAgain","floor":48,"gold_loss":61}],"is_beta":false,"boss_relics":[{"not_picked":["Pandora\u0027s Box","Fusion Hammer"],"picked":"Eternal Feather"},{"not_picked":["Calling Bell","Empty Cage"],"picked":"Coffee Dripper"}],"items_purged_floors":[11,22],"is_endless":false,"potions_floor_spawned":[1,14,16,27,35,39,40,45],"ascension_level":19}