{"gold_per_floor":[118,193,193,214,214,257,273,273,273,273,298,313,331,347,347,440,440,460,475,475,400,115,153,153,53,133,133,169,169,169,184,184,279,279,294,315,440,453,453,488,488,488],"floor_reached":42,"playtime":2345,"items_purged":["Slice","Strike_G"],"score":947,"play_id":"5da5a0d6-d9b4-4173-89c0-1d1383c1d630","local_time":"20190707235440","is_ascension_mode":true,"campfire_choices":[{"floor":8,"key":"REST"},{"data":"Neutralize","floor":10,"key":"SMITH"},{"data":"Bane","floor":15,"key":"SMITH"},{"floor":24,"key":"REST"},{"floor":27,"key":"REST"},{"floor":30,"key":"REST"},{"floor":32,"key":"REST"},{"data":"Burst","floor":41,"key":"SMITH"}],"neow_cost":"NONE","seed_source_timestamp":880419356089865,"circlet_count":0,"master_deck":["AscendersBane","Strike_G","Strike_G","Strike_G","Strike_G+1","Defend_G","Defend_G+1","Defend_G","Defend_G","Defend_G","Survivor","Neutralize+1","Deadly Poison","Deadly Poison","Bane+1","Bane","Poisoned Stab","Well Laid Plans","Noxious Fumes","Leg Sweep","After Image","Dodge and Roll","Corpse Explosion","Blade Dance+1","Backflip","Burst+1","Skewer+1","PiercingWail","Catalyst"],"relics":["Ring of the Snake","NeowsBlessing","Golden Idol","Kunai","Bronze Scales","Snecko Eye","Bag of Marbles","Calipers","Mummified Hand","Ginger","Nilry\u0027s Codex","Coffee Dripper","Prayer Wheel","Letter Opener"],"potions_floor_usage":[16,16,23,36,40,42,42,42],"damage_taken":[{"damage":0,"enemies":"Cultist","floor":1,"turns":1},{"damage":0,"enemies":"2 Louse","floor":4,"turns":1},{"damage":0,"enemies":"Lagavulin","floor":6,"turns":1},{"damage":0,"enemies":"Small Slimes","floor":7,"turns":3},{"damage":0,"enemies":"Exordium Wildlife","floor":11,"turns":5},{"damage":5,"enemies":"Large Slime","floor":12,"turns":5},{"damage":11,"enemies":"Exordium Thugs","floor":13,"turns":5},{"damage":0,"enemies":"2 Fungi Beasts","floor":14,"turns":2},{"damage":6,"enemies":"Hexaghost","floor":16,"turns":7},{"damage":6,"enemies":"3 Byrds","floor":18,"turns":3},{"damage":6,"enemies":"Shell Parasite","floor":19,"turns":6},{"damage":34,"enemies":"Slavers","floor":23,"turns":2},{"damage":0,"enemies":"Gremlin Leader","floor":28,"turns":6},{"damage":14,"enemies":"3 Cultists","floor":31,"turns":4},{"damage":11,"enemies":"Champ","floor":33,"turns":11},{"damage":0,"enemies":"3 Darklings","floor":35,"turns":2},{"damage":12,"enemies":"Orb Walker","floor":36,"turns":4},{"damage":0,"enemies":"Mind Bloom Boss Battle","floor":37,"turns":5},{"damage":0,"enemies":"Jaw Worm Horde","floor":38,"turns":2},{"damage":33,"enemies":"Nemesis","floor":40,"turns":7},{"damage":21,"enemies":"Reptomancer","floor":42,"turns":4}],"seed_played":"-5470228881787398803","potions_obtained":[{"floor":6,"key":"SneckoOil"},{"floor":7,"key":"GamblersBrew"},{"floor":12,"key":"FearPotion"},{"floor":13,"key":"LiquidBronze"},{"floor":14,"key":"Regen Potion"},{"floor":23,"key":"SmokeBomb"},{"floor":31,"key":"Ancient Potion"},{"floor":33,"key":"EntropicBrew"},{"floor":35,"key":"Fruit Juice"},{"floor":38,"key":"Energy Potion"}],"is_trial":false,"path_per_floor":["M","?","?","M","?","E","M","R","T","R","M","M","M","M","R","B",null,"M","M","?","?","$","E","R","$","T","R","E","?","R","M","R","B",null,"M","M","?","M","?","E","R","E"],"character_chosen":"THE_SILENT","items_purchased":["Corpse Explosion","Explosive Potion"],"campfire_rested":5,"item_purchase_floors":[22,22],"current_hp_per_floor":[59,48,25,25,5,5,5,24,24,24,24,19,8,8,8,17,54,48,42,42,42,42,8,27,27,27,46,46,25,44,30,49,38,59,59,52,52,52,52,19,19,0],"gold":488,"neow_bonus":"THREE_ENEMY_KILL","is_prod":false,"is_daily":false,"chose_seed":false,"campfire_upgraded":3,"win_rate":0,"timestamp":1562540080,"path_taken":["M","?","?","M","?","E","M","R","T","R","?","M","M","M","R","BOSS","M","M","?","?","$","E","R","?","T","R","E","?","R","?","R","BOSS","M","M","?","M","?","E","R","E"],"build_version":"2019-07-05","purchased_purges":2,"victory":false,"max_hp_per_floor":[66,66,66,66,66,66,66,66,66,66,66,66,66,66,66,66,66,66,66,66,66,66,66,66,66,66,66,66,66,66,66,66,66,66,66,71,71,71,71,71,71,71],"card_choices":[{"not_picked":["Finisher","Reflex"],"picked":"Deadly Poison","floor":1},{"not_picked":["Cloak And Dagger","PiercingWail"],"picked":"Deadly Poison","floor":4},{"not_picked":["Blur","Caltrops"],"picked":"Bane","floor":6},{"not_picked":["Storm of Steel","Prepared"],"picked":"Bane","floor":7},{"not_picked":["Flying Knee","Sucker Punch"],"picked":"Poisoned Stab","floor":11},{"not_picked":["Prepared","Cloak And Dagger"],"picked":"Well Laid Plans","floor":12},{"not_picked":["Masterful Stab","Sucker Punch"],"picked":"Noxious Fumes","floor":13},{"not_picked":["Caltrops","Poisoned Stab"],"picked":"Leg Sweep","floor":14},{"not_picked":["Venomology","Grand Finale"],"picked":"After Image","floor":16},{"not_picked":["Backflip","Dagger Spray"],"picked":"Dodge and Roll","floor":18},{"not_picked":["Deflect","Dagger Throw"],"picked":"Slice","floor":19},{"not_picked":["Noxious Fumes","Tactician"],"picked":"Blade Dance+1","floor":23},{"not_picked":["Concentrate","Deflect"],"picked":"After Image","floor":28},{"not_picked":["Cloak And Dagger","Dodge and Roll"],"picked":"Backflip","floor":31},{"not_picked":["Glass Knife","After Image"],"picked":"Burst","floor":33},{"not_picked":["Dagger Throw","Tactician"],"picked":"Skewer+1","floor":35},{"not_picked":["Tactician","Outmaneuver","Deflect+1"],"picked":"SKIP","floor":36},{"not_picked":["Eviscerate","Noxious Fumes+1"],"picked":"PiercingWail","floor":37},{"not_picked":["Prepared","Deadly Poison","Bane"],"picked":"SKIP","floor":38},{"not_picked":["Slice","Endless Agony","Dagger Spray+1"],"picked":"SKIP","floor":38},{"not_picked":["Storm of Steel","Poisoned Stab"],"picked":"Catalyst","floor":40}],"player_experience":1142564,"relics_obtained":[{"floor":6,"key":"Kunai"},{"floor":9,"key":"Bronze Scales"},{"floor":23,"key":"Calipers"},{"floor":26,"key":"Mummified Hand"},{"floor":28,"key":"Ginger"},{"floor":29,"key":"Nilry\u0027s Codex"},{"floor":37,"key":"Prayer Wheel"},{"floor":40,"key":"Letter Opener"}],"event_choices":[{"damage_healed":0,"gold_gain":75,"player_choice":"Gather Gold","damage_taken":11,"max_hp_gain":0,"max_hp_loss":0,"event_name":"World of Goop","floor":2,"gold_loss":0},{"damage_healed":0,"gold_gain":0,"player_choice":"Take Damage","damage_taken":23,"relics_obtained":["Golden Idol"],"max_hp_gain":0,"max_hp_loss":0,"event_name":"Golden Idol","floor":3,"gold_loss":0},{"damage_healed":0,"gold_gain":0,"player_choice":"Entered Light","damage_taken":20,"max_hp_gain":0,"max_hp_loss":0,"event_name":"Shining Light","floor":5,"gold_loss":0,"cards_upgraded":["Strike_G","Defend_G"]},{"damage_healed":0,"gold_gain":0,"player_choice":"Opened","damage_taken":0,"relics_obtained":["Bag of Marbles"],"max_hp_gain":0,"max_hp_loss":0,"event_name":"The Mausoleum","floor":20,"gold_loss":0,"cards_obtained":["Writhe"]},{"cards_removed":["Writhe"],"damage_healed":0,"gold_gain":0,"player_choice":"Gave Gold","damage_taken":0,"max_hp_gain":0,"max_hp_loss":0,"event_name":"Beggar","floor":21,"gold_loss":75},{"damage_healed":0,"gold_gain":0,"player_choice":"Obtained Book","damage_taken":21,"max_hp_gain":0,"max_hp_loss":0,"event_name":"Cursed Tome","floor":29,"gold_loss":0},{"damage_healed":0,"gold_gain":0,"player_choice":"Fight","damage_taken":0,"max_hp_gain":0,"max_hp_loss":0,"event_name":"MindBloom","floor":37,"gold_loss":0},{"cards_removed":["After Image"],"damage_healed":0,"gold_gain":0,"player_choice":"Removed Power","damage_taken":0,"max_hp_gain":0,"max_hp_loss":0,"event_name":"Falling","floor":39,"gold_loss":0}],"is_beta":false,"boss_relics":[{"not_picked":["White Beast Statue","Busted Crown"],"picked":"Snecko Eye"},{"not_picked":["Runic Dome","Philosopher\u0027s Stone"],"picked":"Coffee Dripper"}],"items_purged_floors":[22,25],"is_endless":false,"potions_floor_spawned":[6,7,11,12,13,14,23,31,33,35,38],"killed_by":"Reptomancer","ascension_level":15}