{"gold_per_floor":[117,133,152,162,17,17,50,50,95,20,20,20,39,55,55,127,127,145,157,172,0,17,17,32,32,32,32,82,107,121,121,121,200,200,213,227,246,246,246,246],"floor_reached":40,"playtime":2563,"items_purged":["Strike_B"],"score":845,"play_id":"3c49a943-e8a5-4209-8b1d-5a7bbe6781a5","local_time":"20190619234942","is_ascension_mode":true,"campfire_choices":[{"data":"Sunder","floor":6.0,"key":"SMITH"},{"data":"Zap","floor":11.0,"key":"SMITH"},{"data":"Conserve Battery","floor":15.0,"key":"SMITH"},{"data":"Hologram","floor":23.0,"key":"SMITH"},{"data":"Tempest","floor":25.0,"key":"SMITH"},{"floor":32.0,"key":"REST"}],"neow_cost":"NONE","seed_source_timestamp":0,"circlet_count":0,"master_deck":["AscendersBane","Defend_B","Defend_B","Defend_B+1","Defend_B","Zap+1","Dualcast+1","Glacier","Ball Lightning","Conserve Battery+1","Cold Snap","Sunder+1","Cold Snap","Cold Snap","Ball Lightning","Glacier","Echo Form","Coolheaded","Hologram+1","Rebound+1","Gash","Tempest+1","Bite","Bite","Bite","Bite","Bite","Machine Learning","Go for the Eyes","Conserve Battery+1","Multi-Cast","Gash+1"],"special_seed":0,"relics":["Cracked Core","Strawberry","Pear","War Paint","Philosopher\u0027s Stone","PreservedInsect","Sundial","DataDisk","Sozu"],"potions_floor_usage":[],"damage_taken":[{"damage":1.0,"enemies":"2 Louse","floor":1.0,"turns":3.0},{"damage":2.0,"enemies":"Small Slimes","floor":2.0,"turns":6.0},{"damage":0.0,"enemies":"Cultist","floor":3.0,"turns":3.0},{"damage":4.0,"enemies":"3 Louse","floor":4.0,"turns":4.0},{"damage":17.0,"enemies":"Lagavulin","floor":7.0,"turns":5.0},{"damage":0.0,"enemies":"2 Fungi Beasts","floor":13.0,"turns":3.0},{"damage":2.0,"enemies":"Gremlin Gang","floor":14.0,"turns":4.0},{"damage":35.0,"enemies":"The Guardian","floor":16.0,"turns":12.0},{"damage":6.0,"enemies":"2 Thieves","floor":18.0,"turns":4.0},{"damage":0.0,"enemies":"Chosen","floor":19.0,"turns":5.0},{"damage":4.0,"enemies":"3 Cultists","floor":20.0,"turns":5.0},{"damage":12.0,"enemies":"Shelled Parasite and Fungi","floor":22.0,"turns":5.0},{"damage":1.0,"enemies":"Sentry and Sphere","floor":24.0,"turns":5.0},{"damage":16.0,"enemies":"Gremlin Leader","floor":29.0,"turns":5.0},{"damage":12.0,"enemies":"Snake Plant","floor":30.0,"turns":4.0},{"damage":47.0,"enemies":"Collector","floor":33.0,"turns":14.0},{"damage":12,"enemies":"3 Shapes","floor":35,"turns":8},{"damage":4,"enemies":"Orb Walker","floor":36,"turns":5},{"damage":14,"enemies":"Sphere and 2 Shapes","floor":37,"turns":6},{"damage":59,"enemies":"Giant Head","floor":40,"turns":7}],"seed_played":"27910763196913987","potions_obtained":[{"floor":2.0,"key":"SpeedPotion"},{"floor":7.0,"key":"LiquidBronze"},{"floor":13.0,"key":"PowerPotion"},{"floor":16.0,"key":"Explosive Potion"},{"floor":18.0,"key":"Energy Potion"},{"floor":22.0,"key":"Dexterity Potion"},{"floor":30.0,"key":"FocusPotion"}],"is_trial":false,"path_per_floor":["M","M","M","M","$","R","E","?","T","$","R","?","M","M","R","B",null,"M","M","M","$","M","R","M","R","T","?","?","E","M","?","R","B",null,"M","M","M","?","?","E"],"character_chosen":"DEFECT","items_purchased":["Sunder","Cold Snap","PreservedInsect"],"campfire_rested":1,"item_purchase_floors":[5,5,21],"current_hp_per_floor":[70,68,68,64,64,64,57,57,57,57,57,57,57,55,55,20,71,65,65,61,61,49,49,48,48,48,48,42,36,28,28,46,19,51,49,49,45,45,45,0],"gold":246,"neow_bonus":"RANDOM_COMMON_RELIC","is_prod":false,"is_daily":false,"chose_seed":false,"campfire_upgraded":5,"win_rate":0,"timestamp":1560980982,"path_taken":["M","M","M","M","$","R","E","?","T","$","R","?","M","M","R","BOSS","M","M","?","$","M","R","M","R","T","?","?","E","?","?","R","BOSS","M","M","?","?","?","E"],"build_version":"2019-01-23","purchased_purges":1,"victory":false,"max_hp_per_floor":[78,78,78,78,78,78,88,88,88,88,88,88,88,88,88,88,88,88,88,88,88,88,88,88,88,88,61,61,61,61,61,61,61,61,61,61,61,61,61,61],"card_choices":[{"not_picked":["Steam","Leap"],"picked":"Glacier","floor":1.0},{"not_picked":["White Noise","Hologram"],"picked":"Ball Lightning","floor":2.0},{"not_picked":["Coolheaded","Hyperbeam"],"picked":"Conserve Battery","floor":3.0},{"not_picked":["Barrage","Coolheaded"],"picked":"Cold Snap","floor":4.0},{"not_picked":["Conserve Battery","Genetic Algorithm"],"picked":"Cold Snap","floor":7.0},{"not_picked":["Streamline","Barrage","Sweeping Beam"],"picked":"SKIP","floor":13.0},{"not_picked":["Creative AI","Auto Shields"],"picked":"Glacier","floor":14.0},{"not_picked":["Reboot","All For One"],"picked":"Echo Form","floor":16.0},{"not_picked":["Doom and Gloom+1","Streamline"],"picked":"Coolheaded","floor":18.0},{"not_picked":["Go for the Eyes","Leap"],"picked":"Hologram","floor":19.0},{"not_picked":["Sunder","Creative AI"],"picked":"Rebound+1","floor":20.0},{"not_picked":["Steam","Conserve Battery"],"picked":"Gash","floor":22.0},{"not_picked":["Hologram","Melter"],"picked":"Tempest","floor":24.0},{"not_picked":["Rebound","Genetic Algorithm"],"picked":"Machine Learning","floor":29.0},{"not_picked":["Barrage","Beam Cell"],"picked":"Go for the Eyes","floor":30.0},{"not_picked":["Rainbow","Meteor Strike"],"picked":"Multi-Cast","floor":33.0},{"not_picked":["Genetic Algorithm","Chaos","Go for the Eyes"],"picked":"SKIP","floor":35},{"not_picked":["FTL","Compile Driver"],"picked":"Gash+1","floor":36},{"not_picked":["Redo","White Noise","Storm"],"picked":"SKIP","floor":37}],"player_experience":847496,"relics_obtained":[{"floor":7.0,"key":"Pear"},{"floor":9.0,"key":"War Paint"},{"floor":26.0,"key":"Sundial"},{"floor":29.0,"key":"DataDisk"}],"event_choices":[{"damage_healed":0.0,"max_hp_gain":0.0,"max_hp_loss":0.0,"gold_gain":0.0,"event_name":"Scrap Ooze","player_choice":"Fled","floor":8.0,"gold_loss":0.0,"damage_taken":0.0},{"damage_healed":0.0,"max_hp_gain":0.0,"max_hp_loss":0.0,"gold_gain":0.0,"event_name":"Match and Keep!","player_choice":"1 cards matched","floor":12.0,"gold_loss":0.0,"damage_taken":0.0,"cards_obtained":["Ball Lightning"]},{"damage_healed":0.0,"max_hp_gain":0.0,"max_hp_loss":27.0,"gold_gain":0.0,"event_name":"Vampires","player_choice":"Became a vampire","floor":27.0,"gold_loss":0.0,"damage_taken":0.0,"cards_obtained":["Bite","Bite","Bite","Bite","Bite"]},{"damage_healed":0.0,"max_hp_gain":0.0,"max_hp_loss":0.0,"gold_gain":50.0,"event_name":"FaceTrader","player_choice":"Touch","floor":28.0,"gold_loss":0.0,"damage_taken":6.0},{"damage_healed":0.0,"max_hp_gain":0.0,"max_hp_loss":0.0,"gold_gain":0.0,"event_name":"Duplicator","player_choice":"Copied","floor":31.0,"gold_loss":0.0,"damage_taken":0.0,"cards_obtained":["Conserve Battery"]},{"damage_healed":0,"gold_gain":0,"player_choice":"Ignored","damage_taken":0,"max_hp_gain":0,"max_hp_loss":0,"event_name":"Mysterious Sphere","floor":38,"gold_loss":0},{"damage_healed":0,"gold_gain":0,"player_choice":"Ignored","damage_taken":0,"max_hp_gain":0,"max_hp_loss":0,"event_name":"Tomb of Lord Red Mask","floor":39,"gold_loss":0}],"is_beta":false,"boss_relics":[{"not_picked":["Pandora\u0027s Box","Coffee Dripper"],"picked":"Philosopher\u0027s Stone"},{"not_picked":["Black Star","Tiny House"],"picked":"Sozu"}],"items_purged_floors":[10],"is_endless":false,"potions_floor_spawned":[2,7,13,16,18,19,22,30,35],"killed_by":"Giant Head","ascension_level":20}