{"gold_per_floor":[109,123,135,66,81,81,95,95,143,159,234,260,277,295,295,369,369,384,400,167,167,181,206,206],"floor_reached":24,"playtime":1246,"items_purged":["Strike_G"],"score":389,"play_id":"687901de-4aae-4f94-a046-2682bad467f3","local_time":"20190714092943","is_ascension_mode":true,"campfire_choices":[{"floor":6,"key":"REST"},{"data":"Skewer","floor":8,"key":"SMITH"},{"floor":15,"key":"REST"}],"neow_cost":"NONE","seed_source_timestamp":301542091030725,"circlet_count":0,"master_deck":["AscendersBane","Strike_G","Strike_G","Strike_G","Strike_G","Defend_G","Defend_G","Defend_G","Defend_G","Defend_G","Survivor","Neutralize","Dodge and Roll","Skewer+1","Escape Plan","Noxious Fumes","Catalyst","Backstab","Poisoned Stab","Malaise","Bouncing Flask","Corpse Explosion"],"relics":["White Beast Statue","Centennial Puzzle","Singing Bowl","Black Star","Smiling Mask","PreservedInsect","Pantograph"],"potions_floor_usage":[3,7,10,12,16,18,18,23,23,24],"damage_taken":[{"damage":1,"enemies":"Cultist","floor":1,"turns":6},{"damage":0,"enemies":"2 Louse","floor":2,"turns":3},{"damage":3,"enemies":"Jaw Worm","floor":3,"turns":3},{"damage":23,"enemies":"Lots of Slimes","floor":5,"turns":5},{"damage":3,"enemies":"Red Slaver","floor":7,"turns":6},{"damage":0,"enemies":"Looter","floor":10,"turns":3},{"damage":11,"enemies":"3 Sentries","floor":12,"turns":6},{"damage":4,"enemies":"Exordium Wildlife","floor":13,"turns":2},{"damage":1,"enemies":"3 Louse","floor":14,"turns":3},{"damage":5,"enemies":"The Guardian","floor":16,"turns":12},{"damage":21,"enemies":"Spheric Guardian","floor":18,"turns":6},{"damage":6,"enemies":"Shell Parasite","floor":19,"turns":7},{"damage":9,"enemies":"Snake Plant","floor":22,"turns":5},{"damage":29,"enemies":"Slavers","floor":23,"turns":2},{"damage":9,"enemies":"Centurion and Healer","floor":24,"turns":6}],"seed_played":"-5788157593332513618","potions_obtained":[{"floor":1,"key":"Energy Potion"},{"floor":2,"key":"Fire Potion"},{"floor":3,"key":"GamblersBrew"},{"floor":7,"key":"Fire Potion"},{"floor":10,"key":"Swift Potion"},{"floor":12,"key":"SpeedPotion"},{"floor":13,"key":"Dexterity Potion"},{"floor":16,"key":"SkillPotion"},{"floor":18,"key":"AttackPotion"},{"floor":19,"key":"PowerPotion"},{"floor":22,"key":"Ancient Potion"},{"floor":23,"key":"Dexterity Potion"}],"is_trial":false,"path_per_floor":["M","M","M","$","M","R","M","R","T","M","?","E","M","M","R","B",null,"M","M","$","?","M","E","M"],"character_chosen":"THE_SILENT","items_purchased":["Noxious Fumes","Corpse Explosion"],"campfire_rested":2,"item_purchase_floors":[4,20],"current_hp_per_floor":[58,58,55,55,32,51,48,48,48,48,37,28,26,27,48,43,65,44,40,40,40,33,6,0],"gold":206,"neow_bonus":"BOSS_RELIC","is_prod":false,"is_daily":false,"chose_seed":false,"campfire_upgraded":1,"win_rate":0,"timestamp":1563092983,"path_taken":["M","M","M","?","M","R","M","R","T","M","?","E","M","M","R","BOSS","M","M","$","?","?","E","M"],"build_version":"2019-07-05","purchased_purges":1,"victory":false,"max_hp_per_floor":[66,66,66,66,66,66,66,66,66,66,66,68,70,72,72,72,72,72,74,74,74,76,78,78],"card_choices":[{"not_picked":["Deflect","Blade Dance"],"picked":"Dodge and Roll","floor":1},{"not_picked":["PiercingWail","Outmaneuver"],"picked":"Skewer","floor":2},{"not_picked":["Acrobatics","Dagger Throw"],"picked":"Escape Plan","floor":3},{"not_picked":["Flying Knee","Heel Hook"],"picked":"Catalyst","floor":5},{"not_picked":["Deflect","Endless Agony"],"picked":"Backstab","floor":7},{"not_picked":["Infinite Blades","Prepared"],"picked":"Poisoned Stab","floor":10},{"not_picked":["Slice","Infinite Blades","Reflex"],"picked":"Singing Bowl","floor":12},{"not_picked":["Reflex","Outmaneuver","Underhanded Strike"],"picked":"Singing Bowl","floor":13},{"not_picked":["Poisoned Stab","Prepared","Eviscerate"],"picked":"Singing Bowl","floor":14},{"not_picked":["Grand Finale","Bullet Time"],"picked":"Malaise","floor":16},{"not_picked":["Dodge and Roll","Riddle With Holes"],"picked":"Bouncing Flask","floor":18},{"not_picked":["Sucker Punch","Acrobatics","Quick Slash"],"picked":"Singing Bowl","floor":19},{"not_picked":["Backflip","Acrobatics","Noxious Fumes"],"picked":"Singing Bowl","floor":22},{"not_picked":["Dagger Throw","All Out Attack","Poisoned Stab"],"picked":"Singing Bowl","floor":23}],"player_experience":1170180,"relics_obtained":[{"floor":9,"key":"Centennial Puzzle"},{"floor":12,"key":"Singing Bowl"},{"floor":23,"key":"PreservedInsect"},{"floor":23,"key":"Pantograph"}],"event_choices":[{"damage_healed":0,"gold_gain":75,"player_choice":"Gather Gold","damage_taken":11,"max_hp_gain":0,"max_hp_loss":0,"event_name":"World of Goop","floor":11,"gold_loss":0},{"damage_healed":0,"gold_gain":0,"player_choice":"Gave Potion","damage_taken":0,"relics_obtained":["Smiling Mask"],"max_hp_gain":0,"max_hp_loss":0,"event_name":"WeMeetAgain","floor":21,"gold_loss":0}],"is_beta":false,"boss_relics":[{"not_picked":["Runic Pyramid","Snecko Eye"],"picked":"Black Star"}],"items_purged_floors":[20],"is_endless":false,"potions_floor_spawned":[1,2,3,5,7,10,12,13,14,16,18,19,22,23],"killed_by":"Centurion and Healer","ascension_level":15}