{"path_per_floor":["M","M","M","$","M","R","$","E","T","R","E","R","M","M","R","B",null,"M","$","M","M","?","R","?","E","T","E","M","$","?","M","R","B",null,"M","?","M","M","M","E","R","M","T","R","M","?","R","?","R","B"],"character_chosen":"IRONCLAD","items_purchased":["Demon Form","Perfected Strike","Lee\u0027s Waffle"],"gold_per_floor":[119,130,147,68,83,83,35,65,65,65,98,98,114,134,134,236,236,253,253,273,283,283,283,198,230,254,288,298,14,14,34,34,134,134,148,0,10,25,43,78,78,97,174,174,193,193,193,193,193,193],"floor_reached":51,"campfire_rested":2,"playtime":3807,"current_hp_per_floor":[80,80,75,75,75,75,75,65,65,65,54,54,62,66,66,9,88,80,80,85,74,74,74,74,54,54,54,60,99,99,82,82,68,99,79,79,78,67,37,14,45,36,36,67,60,105,105,105,105,42],"items_purged":["Defend_R"],"gold":193,"play_id":"150e7ef8-be17-46bb-b46b-f76fbd2470ca","is_prod":false,"is_daily":false,"is_ascension_mode":true,"campfire_upgraded":8,"path_taken":["M","M","M","$","M","R","$","E","T","R","E","R","M","M","R","BOSS","M","$","M","M","?","R","?","E","T","E","?","$","?","M","R","BOSS","M","?","M","M","M","E","R","M","T","R","M","?","R","?","R","BOSS"],"build_version":"2018-02-01-PROD3","purchased_purges":3,"victory":true,"master_deck":["Strike_R+1","Strike_R+1","Strike_R+1","Strike_R+1","Strike_R+1","Defend_R+1","Defend_R+1","Defend_R+1","Shrug It Off+1","Perfected Strike+1","Flex+1","Demon Form+1","Perfected Strike+1","Offering","Shockwave+1","Pommel Strike+1","Double Tap+1","Heavy Blade+1","Offering+1","Warcry+1","Spot Weakness+1","Wild Strike","Pommel Strike+1"],"max_hp_per_floor":[80,80,80,80,80,80,80,80,80,80,82,82,84,86,86,88,88,88,88,90,92,92,92,92,92,92,92,92,99,99,99,99,99,99,101,101,101,101,103,105,105,105,105,105,105,105,105,105,105,105],"relics":["Black Blood","Singing Bowl","Shuriken","Mercury Hourglass","Velvet Choker","Toxic Egg 2","Blue Candle","Oddly Smooth Stone","Bottled Flame","Lee\u0027s Waffle","Red Mask","Dodecahedron","Tiny Chest"],"card_choices":[{"not_picked":["Clothesline","Havoc"],"picked":"Shrug It Off"},{"not_picked":["Havoc","Hemokinesis"],"picked":"Perfected Strike"},{"not_picked":["Iron Wave","Blood for Blood"],"picked":"Flex"},{"not_picked":["Feed","Warcry"],"picked":"Offering"},{"not_picked":["Blood for Blood","Evolve"],"picked":"Shockwave"},{"not_picked":["Rage","Inflame"],"picked":"Disarm"},{"not_picked":["Body Slam","Reckless Charge"],"picked":"Pommel Strike"},{"not_picked":["Metallicize","Power Through"],"picked":"Double Tap"},{"not_picked":["Combust","Carnage"],"picked":"Heavy Blade"},{"not_picked":["Exhume","Bludgeon"],"picked":"Offering"},{"not_picked":["Pummel","Clash"],"picked":"Warcry"},{"not_picked":["Dual Wield","Dark Embrace"],"picked":"Spot Weakness"},{"not_picked":["Cleave","Dropkick"],"picked":"Wild Strike"},{"not_picked":["Dual Wield","Corruption"],"picked":"Pommel Strike"}],"player_experience":151783,"potions_floor_usage":[16,16,16,25,33,37,40,50,50,50],"damage_taken":[{"damage":1,"enemies":"Cultist","floor":1,"turns":3},{"damage":2,"enemies":"2 Louse","floor":2,"turns":3},{"damage":11,"enemies":"Blue Slaver","floor":3,"turns":3},{"damage":6,"enemies":"Exordium Wildlife","floor":5,"turns":2},{"damage":16,"enemies":"Gremlin Nob","floor":8,"turns":3},{"damage":19,"enemies":"Lagavulin","floor":11,"turns":5},{"damage":0,"enemies":"3 Louse","floor":13,"turns":2},{"damage":4,"enemies":"Large Slime","floor":14,"turns":3},{"damage":65,"enemies":"Hexaghost","floor":16,"turns":7},{"damage":14,"enemies":"Shell Parasite","floor":18,"turns":4},{"damage":3,"enemies":"Chosen","floor":20,"turns":4},{"damage":19,"enemies":"Snake Plant","floor":21,"turns":2},{"damage":26,"enemies":"Slavers","floor":25,"turns":4},{"damage":6,"enemies":"Book of Stabbing","floor":27,"turns":5},{"damage":0,"enemies":"Snecko","floor":28,"turns":3},{"damage":23,"enemies":"Cultist and Chosen","floor":31,"turns":4},{"damage":35,"enemies":"Automaton","floor":33,"turns":6},{"damage":32,"enemies":"3 Shapes","floor":35,"turns":4},{"damage":11,"enemies":"3 Darklings","floor":37,"turns":3},{"damage":21,"enemies":"4 Shapes","floor":38,"turns":8},{"damage":42,"enemies":"Sphere and 2 Shapes","floor":39,"turns":4},{"damage":47,"enemies":"2 Orb Walkers","floor":40,"turns":5},{"damage":19,"enemies":"Maw","floor":42,"turns":6},{"damage":17,"enemies":"3 Darklings","floor":45,"turns":5},{"damage":88,"enemies":"Awakened One","floor":50,"turns":8}],"event_choices":[{"event_name":"Back to Basics","player_choice":"Simplicity","floor":22,"damage_taken":0},{"event_name":"Addict","player_choice":"Obtained Relic","floor":24,"damage_taken":0},{"event_name":"Drug Dealer","player_choice":"Ignored","floor":30,"damage_taken":0},{"event_name":"Tomb of Lord Red Mask","player_choice":"Paid","floor":36,"damage_taken":0},{"event_name":"Bonfire Elementals","player_choice":"UNCOMMON","floor":46,"damage_taken":0},{"event_name":"Purifier","player_choice":"One Purge","floor":48,"damage_taken":0}],"boss_relics":[{"not_picked":["Ectoplasm","Runic Cube"],"picked":"Velvet Choker"},{"not_picked":["Astrolabe","Pandora\u0027s Box"],"picked":"Black Blood"}],"potions_floor_spawned":[3,8,11,14,18,25,27,31,35,39,45],"seed_played":"3743429400320312277","ascension_level":4,"is_trial":false}