{"gold_per_floor":[116,133,58,78,97,130,130,185,210,230,288,288],"floor_reached":12,"playtime":393,"items_purged":[],"score":167,"play_id":"3ad0b0f8-ae03-4919-8602-66ccd5a0edc6","local_time":"20190719005731","is_ascension_mode":true,"campfire_choices":[{"data":"Shockwave","floor":7,"key":"SMITH"}],"neow_cost":"NONE","seed_source_timestamp":533891844354599,"circlet_count":0,"master_deck":["AscendersBane","Strike_R","Strike_R","Strike_R","Strike_R","Defend_R","Defend_R","Defend_R","Defend_R","Bash+1","Shockwave+1","Clash","Anger","True Grit","Rampage","Anger","Headbutt","Flame Barrier"],"relics":["Burning Blood","Pear","Tiny Chest","Regal Pillow","Omamori"],"potions_floor_usage":[5,6,11],"damage_taken":[{"damage":5,"enemies":"2 Louse","floor":1,"turns":3},{"damage":14,"enemies":"Small Slimes","floor":2,"turns":5},{"damage":4,"enemies":"Jaw Worm","floor":4,"turns":4},{"damage":4,"enemies":"Red Slaver","floor":5,"turns":3},{"damage":38,"enemies":"3 Sentries","floor":6,"turns":8},{"damage":28,"enemies":"Lagavulin","floor":8,"turns":5},{"damage":4,"enemies":"Blue Slaver","floor":10,"turns":3},{"damage":22,"enemies":"3 Sentries","floor":11,"turns":7},{"damage":8,"enemies":"Large Slime","floor":12,"turns":1}],"seed_played":"1001963463239409793","potions_obtained":[{"floor":4,"key":"Fire Potion"},{"floor":5,"key":"Ancient Potion"},{"floor":8,"key":"FearPotion"}],"is_trial":false,"path_per_floor":["M","M","?","M","M","E","R","E","T","M","?","M"],"character_chosen":"IRONCLAD","items_purchased":[],"campfire_rested":0,"item_purchase_floors":[],"current_hp_per_floor":[69,61,61,63,65,43,43,21,21,23,7,0],"gold":288,"neow_bonus":"UPGRADE_CARD","is_prod":false,"is_daily":false,"chose_seed":false,"campfire_upgraded":1,"win_rate":0,"timestamp":1563490651,"path_taken":["M","M","?","M","M","E","R","E","T","M","?","M"],"build_version":"2019-07-17","purchased_purges":0,"victory":false,"max_hp_per_floor":[75,75,75,75,75,85,85,85,85,85,85,85],"card_choices":[{"not_picked":["Heavy Blade","Cleave"],"picked":"Shockwave","floor":1},{"not_picked":["Sever Soul","Rupture"],"picked":"Clash","floor":2},{"not_picked":["Shrug It Off","Pommel Strike"],"picked":"Anger","floor":4},{"not_picked":["Wild Strike","Fire Breathing"],"picked":"True Grit","floor":5},{"not_picked":["Dark Embrace","Rage"],"picked":"Rampage","floor":6},{"not_picked":["Uppercut","Reckless Charge"],"picked":"Anger","floor":8},{"not_picked":["Searing Blow","Shrug It Off"],"picked":"Headbutt","floor":10},{"not_picked":["Pommel Strike","Shockwave"],"picked":"Flame Barrier","floor":11}],"player_experience":1687546,"relics_obtained":[{"floor":6,"key":"Pear"},{"floor":8,"key":"Tiny Chest"},{"floor":9,"key":"Regal Pillow"},{"floor":11,"key":"Omamori"}],"event_choices":[{"cards_removed":["Strike_R"],"damage_healed":0,"gold_gain":0,"player_choice":"Card Removal","damage_taken":0,"max_hp_gain":0,"max_hp_loss":0,"event_name":"The Cleric","floor":3,"gold_loss":75},{"damage_healed":0,"gold_gain":0,"player_choice":"Searched \u00271\u0027 times","damage_taken":0,"max_hp_gain":0,"max_hp_loss":0,"event_name":"Dead Adventurer","floor":11,"gold_loss":0}],"is_beta":false,"boss_relics":[],"items_purged_floors":[],"is_endless":false,"potions_floor_spawned":[4,5,8],"killed_by":"Large Slime","ascension_level":17}