{"gold_per_floor":[110,128,53,53,65,65,95,113,113,91,91,91,111,127,127,127],"floor_reached":16,"playtime":565,"items_purged":["Strike_B"],"score":173,"play_id":"76341856-8c41-44a6-9ae5-ea3609f43ba2","local_time":"20180912193214","is_ascension_mode":true,"campfire_choices":[{"data":"Dualcast","floor":6,"key":"SMITH"},{"floor":11,"key":"REST"},{"data":"Streamline","floor":15,"key":"SMITH"}],"neow_cost":"NONE","seed_source_timestamp":174250767822069,"circlet_count":0,"master_deck":["Strike_B","Strike_B","Defend_B","Defend_B","Defend_B","Defend_B","Zap+1","Dualcast+1","AscendersBane","Cold Snap","Steam","Conserve Battery","Streamline+1","Sweeping Beam","Go for the Eyes","Aggregate","Leap","Defragment"],"relics":["Cracked Core","Strawberry","Darkstone Periapt"],"potions_floor_usage":[7,13,13],"damage_taken":[{"damage":8,"enemies":"2 Louse","floor":1,"turns":2},{"damage":0,"enemies":"Cultist","floor":2,"turns":3},{"damage":1,"enemies":"Jaw Worm","floor":5,"turns":3},{"damage":39,"enemies":"Gremlin Nob","floor":7,"turns":5},{"damage":1,"enemies":"2 Fungi Beasts","floor":8,"turns":4},{"damage":5,"enemies":"Gremlin Gang","floor":13,"turns":4},{"damage":17,"enemies":"Lots of Slimes","floor":14,"turns":4},{"damage":27,"enemies":"The Guardian","floor":16,"turns":2}],"seed_played":"-7122156657575948815","potions_obtained":[{"floor":1,"key":"LiquidBronze"},{"floor":8,"key":"EntropicBrew"}],"is_trial":false,"path_per_floor":["M","M","$","?","M","R","E","M","T","$","R","?","M","M","R"],"character_chosen":"DEFECT","items_purchased":["Sweeping Beam"],"campfire_rested":1,"item_purchase_floors":[10],"current_hp_per_floor":[56,56,56,56,55,55,23,22,22,22,45,45,40,23,23,0],"gold":127,"neow_bonus":"UPGRADE_CARD","is_prod":false,"is_daily":false,"chose_seed":false,"campfire_upgraded":2,"win_rate":0,"timestamp":1536777134,"path_taken":["M","M","$","?","M","R","E","M","T","$","R","?","M","M","R","BOSS"],"build_version":"2018-09-06","purchased_purges":1,"victory":false,"max_hp_per_floor":[71,71,71,71,71,71,78,78,78,78,78,78,78,78,78,78],"card_choices":[{"not_picked":["Darkness","Compile Driver"],"picked":"Cold Snap","floor":1},{"not_picked":["Tempest","Barrage"],"picked":"Steam","floor":2},{"not_picked":["Double Energy","Fusion"],"picked":"Conserve Battery","floor":5},{"not_picked":["Stack","Steam","Coolheaded"],"picked":"SKIP","floor":7},{"not_picked":["Fission","Coolheaded"],"picked":"Streamline","floor":8},{"not_picked":["Barrage","Turbo"],"picked":"Leap","floor":13},{"not_picked":["Blizzard","Auto Shields"],"picked":"Defragment","floor":14}],"player_experience":739198,"relics_obtained":[{"floor":7,"key":"Strawberry"},{"floor":9,"key":"Darkstone Periapt"}],"event_choices":[{"event_name":"Bonfire Elementals","player_choice":"BASIC","floor":4,"damage_taken":0},{"event_name":"Match and Keep!","player_choice":"2 cards matched","floor":12,"damage_taken":0}],"is_beta":false,"boss_relics":[],"items_purged_floors":[3],"is_endless":false,"potions_floor_spawned":[1,8],"killed_by":"The Guardian","ascension_level":14}