{"gold_per_floor":[110,128,146,129,129,129,147,147,172,172,136,136,155,166,166,270,320,340,329,329,349,349,349,359,35,35,35,52,2,2],"floor_reached":30,"playtime":2707,"items_purged":[],"score":249,"play_id":"d85baf1f-adf1-467d-9756-a41fc43d739d","local_time":"20190526202708","is_ascension_mode":false,"campfire_choices":[{"data":"Crippling Poison","floor":6.0,"key":"SMITH"},{"data":"Neutralize","floor":8.0,"key":"SMITH"},{"floor":10.0,"key":"REST"},{"data":"Masterful Stab","floor":15.0,"key":"SMITH"},{"floor":23,"key":"REST"},{"floor":27,"key":"REST"}],"neow_cost":"NONE","seed_source_timestamp":180646914562184,"circlet_count":0,"master_deck":["Defend_G","Defend_G","Defend_G","Defend_G","Defend_G","Strike_G","Strike_G","Strike_G+1","Strike_G+1","Strike_G","Survivor","Neutralize+1","Crippling Poison+1","Noxious Fumes","Night Terror+1","Masterful Stab+1","Escape Plan","Adrenaline","Backstab","Expertise+1","Outmaneuver","Backstab","Quick Slash+1","Wraith Form v2","The Bomb","Burst"],"special_seed":0,"relics":["Ring of the Snake","Whetstone","Tiny House","Unceasing Top"],"potions_floor_usage":[21,24,30,30],"damage_taken":[{"damage":2.0,"enemies":"Small Slimes","floor":1.0,"turns":5.0},{"damage":3.0,"enemies":"Jaw Worm","floor":2.0,"turns":5.0},{"damage":0.0,"enemies":"2 Louse","floor":3.0,"turns":3.0},{"damage":12.0,"enemies":"Exordium Thugs","floor":4.0,"turns":4.0},{"damage":0.0,"enemies":"2 Fungi Beasts","floor":7.0,"turns":5.0},{"damage":9.0,"enemies":"Gremlin Gang","floor":13.0,"turns":3.0},{"damage":10.0,"enemies":"Looter","floor":14.0,"turns":2.0},{"damage":7.0,"enemies":"Slime Boss","floor":16.0,"turns":9.0},{"damage":0.0,"enemies":"Spheric Guardian","floor":18.0,"turns":2.0},{"damage":11,"enemies":"2 Thieves","floor":19,"turns":4},{"damage":16,"enemies":"Colosseum Slavers","floor":20,"turns":3},{"damage":55,"enemies":"3 Cultists","floor":21,"turns":7},{"damage":10,"enemies":"Shelled Parasite and Fungi","floor":24,"turns":7},{"damage":33,"enemies":"Snake Plant","floor":28,"turns":6},{"damage":32,"enemies":"Gremlin Leader","floor":30,"turns":4}],"seed_played":"-4012148542500218804","potions_obtained":[{"floor":1.0,"key":"Dexterity Potion"},{"floor":2.0,"key":"Explosive Potion"},{"floor":7.0,"key":"Strength Potion"},{"floor":17.0,"key":"Energy Potion"},{"floor":18,"key":"Regen Potion"}],"is_trial":false,"path_per_floor":["M","M","M","M","?","R","M","R","T","R","?","?","M","M","R","B",null,"M","M","?","M","?","R","M","$","T","R","M","$","E"],"character_chosen":"THE_SILENT","items_purchased":["Wraith Form v2","The Bomb","SkillPotion"],"campfire_rested":3,"item_purchase_floors":[25,25,29],"current_hp_per_floor":[75,72,72,60,65,65,65,65,65,82,82,82,73,63,63,56,87,87,76,60,19,19,45,35,35,35,61,28,28,0],"gold":2,"neow_bonus":"TEN_PERCENT_HP_BONUS","is_prod":false,"is_daily":false,"chose_seed":false,"campfire_upgraded":3,"win_rate":0.0,"timestamp":1558916828,"path_taken":["M","M","M","M","?","R","M","R","T","R","?","?","M","M","R","BOSS","M","M","?","M","?","R","?","$","T","R","?","$","E"],"build_version":"2019-01-23","purchased_purges":0,"victory":false,"max_hp_per_floor":[77,77,77,77,82,82,82,82,82,82,82,82,82,82,82,82,87,87,87,87,87,87,87,87,87,87,87,87,87,87],"card_choices":[{"not_picked":["Quick Slash","Eviscerate"],"picked":"Crippling Poison","floor":1.0},{"not_picked":["Sucker Punch","Deadly Poison","Flying Knee"],"picked":"SKIP","floor":2.0},{"not_picked":["Deadly Poison","Finisher"],"picked":"Noxious Fumes","floor":3.0},{"not_picked":["Prepared","Sucker Punch","Slice"],"picked":"SKIP","floor":4.0},{"not_picked":["Sucker Punch","Backflip"],"picked":"Night Terror","floor":7.0},{"not_picked":["Flying Knee","Noxious Fumes"],"picked":"Masterful Stab","floor":13.0},{"not_picked":["Deadly Poison","Prepared"],"picked":"Escape Plan","floor":14.0},{"not_picked":["Envenom","Malaise"],"picked":"Adrenaline","floor":16.0},{"not_picked":["Caltrops","Escape Plan"],"picked":"Backstab","floor":17.0},{"not_picked":["Flying Knee","Eviscerate"],"picked":"Expertise+1","floor":18},{"not_picked":["Poisoned Stab","Bouncing Flask","Deadly Poison"],"picked":"SKIP","floor":19},{"not_picked":["Terror","Deadly Poison+1"],"picked":"Outmaneuver","floor":21},{"not_picked":["PiercingWail","Dagger Throw"],"picked":"Quick Slash+1","floor":24},{"not_picked":["Noxious Fumes","Riddle With Holes+1"],"picked":"Burst","floor":28}],"player_experience":9369,"relics_obtained":[{"floor":9.0,"key":"Whetstone"},{"floor":26,"key":"Unceasing Top"}],"event_choices":[{"damage_healed":0.0,"max_hp_gain":5.0,"max_hp_loss":0.0,"gold_gain":0.0,"event_name":"Big Fish","player_choice":"Donut","floor":5.0,"gold_loss":0.0,"damage_taken":0.0},{"damage_healed":0.0,"max_hp_gain":0.0,"max_hp_loss":0.0,"gold_gain":0.0,"event_name":"World of Goop","player_choice":"Left Gold","floor":11.0,"gold_loss":36.0,"damage_taken":0.0},{"damage_healed":0.0,"max_hp_gain":0.0,"max_hp_loss":0.0,"gold_gain":0.0,"event_name":"FaceTrader","player_choice":"Leave","floor":12.0,"gold_loss":0.0,"damage_taken":0.0},{"damage_healed":0,"gold_gain":0,"player_choice":"Fight","damage_taken":0,"max_hp_gain":0,"max_hp_loss":0,"event_name":"Colosseum","floor":20,"gold_loss":0},{"damage_healed":0,"gold_gain":0,"player_choice":"Fled From Nobs","damage_taken":0,"max_hp_gain":0,"max_hp_loss":0,"event_name":"Colosseum","floor":20,"gold_loss":0},{"damage_healed":0,"gold_gain":0,"player_choice":"Copied","damage_taken":0,"max_hp_gain":0,"max_hp_loss":0,"event_name":"Duplicator","floor":22,"gold_loss":0,"cards_obtained":["Backstab"]}],"is_beta":false,"boss_relics":[{"not_picked":["Empty Cage","Velvet Choker"],"picked":"Tiny House"}],"items_purged_floors":[],"is_endless":false,"potions_floor_spawned":[1,2,7,18],"killed_by":"Gremlin Leader","ascension_level":0}