{"gold_per_floor":[114,114,125,125,275,2,20,32,103,3,3,17,17,30,30,129,129,113,133,42,61,61,61,61,90,90,90,106,106],"floor_reached":29,"playtime":1262,"items_purged":["Doubt","Strike_G"],"score":468,"play_id":"818cc7bd-e4c5-4a28-97ee-7822c74e39c0","local_time":"20190623022353","is_ascension_mode":true,"campfire_choices":[{"data":"Neutralize","floor":11,"key":"SMITH"},{"data":"Magnetism","floor":13,"key":"SMITH"},{"data":"Caltrops","floor":15,"key":"SMITH"},{"floor":23,"key":"REST"},{"data":"Footwork","floor":27,"key":"SMITH"}],"neow_cost":"TEN_PERCENT_HP_LOSS","seed_source_timestamp":439272786464700,"circlet_count":0,"master_deck":["AscendersBane","Defend_G","Defend_G","Defend_G","Defend_G","Defend_G","Strike_G","Survivor","Neutralize+1","Violence","Finesse","Deflect","Dagger Spray","Magnetism+1","Noxious Fumes","Caltrops","Caltrops+1","Quick Slash","Malaise","Cloak And Dagger+1","A Thousand Cuts+1","Cloak And Dagger+1","Deadly Poison","Well Laid Plans","Bandage Up","Footwork+1","Shame","Venomology","Poisoned Stab"],"relics":["Ring of the Snake","Bottled Lightning","Sundial","Astrolabe","Mummified Hand","Ginger","Paper Crane"],"potions_floor_usage":[12,14,19,25,28,29,29],"damage_taken":[{"damage":5,"enemies":"Cultist","floor":1,"turns":4},{"damage":0,"enemies":"Jaw Worm","floor":3,"turns":5},{"damage":2,"enemies":"2 Louse","floor":7,"turns":4},{"damage":2,"enemies":"Blue Slaver","floor":8,"turns":6},{"damage":6,"enemies":"3 Louse","floor":12,"turns":3},{"damage":3,"enemies":"Looter","floor":14,"turns":4},{"damage":35,"enemies":"The Guardian","floor":16,"turns":9},{"damage":24,"enemies":"2 Thieves","floor":18,"turns":4},{"damage":6,"enemies":"Chosen","floor":19,"turns":6},{"damage":24,"enemies":"Centurion and Healer","floor":21,"turns":8},{"damage":0,"enemies":"Gremlin Leader","floor":25,"turns":6},{"damage":24,"enemies":"3 Cultists","floor":28,"turns":5},{"damage":14,"enemies":"Sentry and Sphere","floor":29,"turns":3}],"seed_played":"-2700372264861494740","potions_obtained":[{"floor":1,"key":"Ancient Potion"},{"floor":8,"key":"EssenceOfSteel"},{"floor":12,"key":"Block Potion"},{"floor":16,"key":"FearPotion"},{"floor":28,"key":"Strength Potion"}],"is_trial":false,"path_per_floor":["M","?","M","T","?","$","M","M","T","$","R","M","R","M","R","B",null,"M","M","$","M","?","R","?","E","T","R","M","M"],"character_chosen":"THE_SILENT","items_purchased":["Magnetism","Bandage Up"],"campfire_rested":1,"item_purchase_floors":[6,20],"current_hp_per_floor":[54,59,59,59,59,59,57,55,55,55,55,49,49,46,46,11,52,28,22,22,2,2,21,21,25,25,25,5,0],"gold":106,"neow_bonus":"RANDOM_COLORLESS_2","is_prod":false,"is_daily":false,"chose_seed":false,"campfire_upgraded":4,"win_rate":0,"timestamp":1561249433,"path_taken":["M","?","M","?","?","$","M","M","T","?","R","M","R","M","R","BOSS","M","M","$","M","?","R","?","E","T","R","M","M"],"build_version":"2019-01-23","purchased_purges":2,"victory":false,"max_hp_per_floor":[60,65,65,65,65,65,65,65,65,65,65,65,65,65,65,65,65,65,65,65,65,65,65,65,65,65,65,65,65],"card_choices":[{"not_picked":["Underhanded Strike","Outmaneuver"],"picked":"Deflect","floor":1},{"not_picked":["Blade Dance","Choke"],"picked":"Dagger Spray","floor":3},{"not_picked":["Blade Dance","Deflect"],"picked":"Noxious Fumes","floor":7},{"not_picked":["Sucker Punch","Deflect"],"picked":"Caltrops","floor":8},{"not_picked":["Poisoned Stab","Noxious Fumes"],"picked":"Caltrops","floor":12},{"not_picked":["Outmaneuver","Heel Hook"],"picked":"Quick Slash","floor":14},{"not_picked":["Envenom","Doppelganger"],"picked":"Malaise","floor":16},{"not_picked":["Slice","Dagger Throw"],"picked":"Deadly Poison","floor":18},{"not_picked":["Acrobatics","Catalyst"],"picked":"Well Laid Plans","floor":19},{"not_picked":["Bouncing Flask+1","Prepared"],"picked":"Footwork","floor":21},{"not_picked":["Well Laid Plans","Expertise"],"picked":"Venomology","floor":25},{"not_picked":["Cloak And Dagger","Deadly Poison"],"picked":"Poisoned Stab","floor":28}],"player_experience":1451417,"relics_obtained":[{"floor":4,"key":"Bottled Lightning"},{"floor":9,"key":"Sundial"},{"floor":25,"key":"Ginger"},{"floor":26,"key":"Paper Crane"}],"event_choices":[{"damage_healed":0,"gold_gain":0,"player_choice":"Donut","damage_taken":0,"max_hp_gain":5,"max_hp_loss":0,"event_name":"Big Fish","floor":2,"gold_loss":0},{"damage_healed":0,"gold_gain":150,"player_choice":"AGREE","damage_taken":0,"max_hp_gain":0,"max_hp_loss":0,"event_name":"Liars Game","floor":5,"gold_loss":0,"cards_obtained":["Doubt"]},{"damage_healed":0,"gold_gain":0,"player_choice":"Ignored","damage_taken":0,"max_hp_gain":0,"max_hp_loss":0,"event_name":"Cursed Tome","floor":22,"gold_loss":0},{"damage_healed":0,"gold_gain":0,"player_choice":"Stole Relic","damage_taken":0,"relics_obtained":["Mummified Hand"],"max_hp_gain":0,"max_hp_loss":0,"event_name":"Addict","floor":24,"gold_loss":0,"cards_obtained":["Shame"]}],"is_beta":false,"boss_relics":[{"not_picked":["Black Star","Coffee Dripper"],"picked":"Astrolabe"}],"items_purged_floors":[6,10],"is_endless":false,"potions_floor_spawned":[1,8,12,16,28],"killed_by":"Sentry and Sphere","ascension_level":16}