{"gold_per_floor":[115,115,65,65,78,78,110,110,134,151,208,107,139,139,139,218,218,233,233,233,243,261,261,276,276,325,357,357,272,272,292,292,292],"floor_reached":33,"playtime":1787,"items_purged":["Strike_G","Strike_G"],"score":474,"play_id":"aebc9653-2fc1-4684-b860-2167912cdb98","local_time":"20190527182313","is_ascension_mode":true,"campfire_choices":[{"data":"Underhanded Strike","floor":6.0,"key":"SMITH"},{"floor":8.0,"key":"REST"},{"floor":15.0,"key":"REST"},{"floor":23,"key":"REST"},{"data":"Envenom","floor":25,"key":"SMITH"},{"floor":28,"key":"REST"},{"data":"Catalyst","floor":32,"key":"SMITH"}],"neow_cost":"NONE","seed_source_timestamp":0,"circlet_count":0,"master_deck":["AscendersBane","Defend_G+1","Defend_G","Defend_G","Defend_G","Defend_G","Survivor","Neutralize+1","Backflip","Underhanded Strike+1","Deadly Poison","Backflip+1","Dash","Envenom+1","Dash+1","Venomology+1","Storm of Steel+1","Cloak And Dagger","Poisoned Stab","Catalyst+1","Leg Sweep","Poisoned Stab"],"special_seed":0,"relics":["Ring of the Snake","Smiling Mask","Question Card","Snake Skull","War Paint","Astrolabe","Bag of Preparation","The Courier","Ninja Scroll"],"potions_floor_usage":[22,22,24,27,27,27,31,33],"damage_taken":[{"damage":6.0,"enemies":"Small Slimes","floor":1.0,"turns":4.0},{"damage":0.0,"enemies":"Jaw Worm","floor":5.0,"turns":5.0},{"damage":37.0,"enemies":"Gremlin Nob","floor":7.0,"turns":5.0},{"damage":0.0,"enemies":"Cultist","floor":10.0,"turns":3.0},{"damage":27.0,"enemies":"Lagavulin","floor":13.0,"turns":7.0},{"damage":14.0,"enemies":"Hexaghost","floor":16.0,"turns":13.0},{"damage":1.0,"enemies":"2 Thieves","floor":18.0,"turns":5.0},{"damage":13.0,"enemies":"Shell Parasite","floor":21.0,"turns":9.0},{"damage":7,"enemies":"Centurion and Healer","floor":22,"turns":8},{"damage":6,"enemies":"Snake Plant","floor":24,"turns":5},{"damage":19,"enemies":"Slavers","floor":27,"turns":8},{"damage":0,"enemies":"Snecko","floor":31,"turns":7},{"damage":61,"enemies":"Automaton","floor":33,"turns":6}],"seed_played":"-2030000516686986709","potions_obtained":[{"floor":5.0,"key":"Strength Potion"},{"floor":10.0,"key":"FairyPotion"},{"floor":16.0,"key":"Dexterity Potion"},{"floor":21.0,"key":"Energy Potion"},{"floor":24,"key":"Dexterity Potion"},{"floor":27,"key":"AttackPotion"}],"is_trial":false,"path_per_floor":["M","?","$","?","M","R","E","R","T","M","?","$","E","?","R","B",null,"M","?","?","M","M","R","M","R","T","E","R","?","?","M","R","B"],"character_chosen":"THE_SILENT","items_purchased":["Fire Potion"],"campfire_rested":4,"item_purchase_floors":[12],"current_hp_per_floor":[53,53,53,53,53,53,16,35,35,35,35,35,8,13,34,20,58,57,57,37,24,17,39,33,33,33,14,36,36,51,51,51,0],"gold":292,"neow_bonus":"RANDOM_COMMON_RELIC","is_prod":false,"is_daily":false,"chose_seed":false,"campfire_upgraded":3,"win_rate":0,"timestamp":1558977793,"path_taken":["M","?","$","?","M","R","E","R","T","?","?","$","E","?","R","BOSS","M","?","?","M","M","R","M","R","T","E","R","?","?","M","R","BOSS"],"build_version":"2019-01-23","purchased_purges":2,"victory":false,"max_hp_per_floor":[66,66,66,66,66,66,66,66,66,66,66,66,66,71,71,71,71,71,71,76,76,76,76,76,76,76,76,76,76,76,76,76,76],"card_choices":[{"not_picked":["Bane","Terror"],"picked":"Backflip","floor":1.0},{"not_picked":["Bane","Sucker Punch"],"picked":"Underhanded Strike","floor":5.0},{"not_picked":["Tools of the Trade","All Out Attack"],"picked":"Deadly Poison","floor":7.0},{"not_picked":["Underhanded Strike","Quick Slash","Distraction"],"picked":"Backflip","floor":10.0},{"not_picked":["Adrenaline","Tools of the Trade","All Out Attack"],"picked":"Dash","floor":13.0},{"not_picked":["Night Terror","Unload","Wraith Form v2"],"picked":"Envenom","floor":16.0},{"not_picked":["Dodge and Roll","Flying Knee","Blade Dance"],"picked":"Cloak And Dagger","floor":18.0},{"not_picked":["Deflect","Cloak And Dagger","Quick Slash","Backflip"],"picked":"SKIP","floor":21.0},{"not_picked":["Acrobatics","Tactician","Calculated Gamble+1"],"picked":"Poisoned Stab","floor":22},{"not_picked":["Deflect","Finisher","Expertise"],"picked":"Catalyst","floor":24},{"not_picked":["Prepared","Backflip","A Thousand Cuts"],"picked":"Leg Sweep","floor":27},{"not_picked":["Tactician","Slice+1","Terror"],"picked":"Poisoned Stab","floor":31}],"player_experience":1051986,"relics_obtained":[{"floor":7.0,"key":"Question Card"},{"floor":9.0,"key":"Snake Skull"},{"floor":13.0,"key":"War Paint"},{"floor":26,"key":"Bag of Preparation"},{"floor":27,"key":"The Courier"}],"event_choices":[{"damage_healed":0.0,"max_hp_gain":0.0,"max_hp_loss":0.0,"gold_gain":0.0,"event_name":"Living Wall","player_choice":"Grow","floor":2.0,"gold_loss":0.0,"damage_taken":0.0,"cards_upgraded":["Neutralize"]},{"damage_healed":0.0,"max_hp_gain":0.0,"max_hp_loss":0.0,"gold_gain":0.0,"event_name":"Match and Keep!","player_choice":"0 cards matched","floor":4.0,"gold_loss":0.0,"damage_taken":0.0,"cards_obtained":[]},{"damage_healed":0.0,"max_hp_gain":0.0,"max_hp_loss":0.0,"gold_gain":57.0,"event_name":"Golden Wing","player_choice":"Gained Gold","floor":11.0,"gold_loss":0.0,"damage_taken":0.0},{"damage_healed":0.0,"max_hp_gain":5.0,"max_hp_loss":0.0,"gold_gain":0.0,"event_name":"Big Fish","player_choice":"Donut","floor":14.0,"gold_loss":0.0,"damage_taken":0.0},{"damage_healed":0.0,"max_hp_gain":0.0,"max_hp_loss":0.0,"gold_gain":0.0,"event_name":"Ghosts","player_choice":"Ignored","floor":19.0,"gold_loss":0.0,"damage_taken":0.0},{"damage_healed":0.0,"max_hp_gain":5.0,"max_hp_loss":0.0,"gold_gain":0.0,"event_name":"Forgotten Altar","player_choice":"Shed Blood","floor":20.0,"gold_loss":0.0,"damage_taken":25.0},{"damage_healed":0,"gold_gain":0,"player_choice":"Obtained Relic","damage_taken":0,"relics_obtained":["Ninja Scroll"],"max_hp_gain":0,"max_hp_loss":0,"event_name":"Addict","floor":29,"gold_loss":85},{"damage_healed":15,"gold_gain":0,"player_choice":"Heal","damage_taken":0,"max_hp_gain":0,"max_hp_loss":0,"event_name":"The Library","floor":30,"gold_loss":0}],"is_beta":false,"boss_relics":[{"not_picked":["White Beast Statue","Runic Dome"],"picked":"Astrolabe"}],"items_purged_floors":[3,12],"is_endless":false,"potions_floor_spawned":[5,10,16,21,24,27],"killed_by":"Automaton","ascension_level":15}