{"gold_per_floor":[119,129,129,404,424,424,424,424,447,447,465,491,501,501],"floor_reached":14,"playtime":460,"items_purged":[],"score":171,"play_id":"cb7069ef-a459-48ac-ace4-2b4781b54824","local_time":"20190812235451","is_ascension_mode":true,"campfire_choices":[{"data":"Feel No Pain","floor":6,"key":"SMITH"},{"data":"Bash","floor":8,"key":"SMITH"},{"data":"Perfected Strike","floor":10,"key":"SMITH"}],"neow_cost":"NONE","seed_source_timestamp":889196501301800,"circlet_count":0,"master_deck":["AscendersBane","Strike_R","Strike_R","Strike_R","Strike_R","Defend_R","Defend_R","Defend_R","Defend_R","Bash+1","Feel No Pain+1","True Grit+1","Perfected Strike+1","Regret","Iron Wave","Sentinel","Limit Break","Rupture"],"relics":["Burning Blood","NeowsBlessing","Blood Vial","Sundial"],"potions_floor_usage":[11,11,12],"damage_taken":[{"damage":0,"enemies":"Small Slimes","floor":1,"turns":1},{"damage":0,"enemies":"2 Louse","floor":2,"turns":1},{"damage":0,"enemies":"Cultist","floor":5,"turns":1},{"damage":26,"enemies":"Large Slime","floor":11,"turns":8},{"damage":16,"enemies":"3 Sentries","floor":12,"turns":9},{"damage":16,"enemies":"Lots of Slimes","floor":13,"turns":7},{"damage":48,"enemies":"Gremlin Nob","floor":14,"turns":4}],"seed_played":"-7599521929596240170","potions_obtained":[{"floor":1,"key":"Dexterity Potion"},{"floor":2,"key":"Swift Potion"},{"floor":11,"key":"AttackPotion"}],"is_trial":false,"path_per_floor":["M","M","?","?","M","R","?","R","T","R","M","E","M","E"],"character_chosen":"IRONCLAD","items_purchased":[],"campfire_rested":0,"item_purchase_floors":[],"current_hp_per_floor":[74,75,75,75,75,75,75,75,75,75,55,47,39,0],"gold":501,"neow_bonus":"THREE_ENEMY_KILL","is_prod":false,"is_daily":false,"chose_seed":false,"campfire_upgraded":3,"win_rate":0,"timestamp":1565646891,"path_taken":["M","M","?","?","?","R","?","R","T","R","?","E","M","E"],"build_version":"2019-07-17","purchased_purges":0,"victory":false,"max_hp_per_floor":[75,75,75,75,75,75,75,75,75,75,75,75,75,75],"card_choices":[{"not_picked":["Inflame","Second Wind"],"picked":"Feel No Pain","floor":1},{"not_picked":["Sword Boomerang","Shrug It Off"],"picked":"True Grit","floor":2},{"not_picked":["Warcry","Havoc"],"picked":"Iron Wave","floor":5},{"not_picked":["Clash","Searing Blow"],"picked":"Sentinel","floor":11},{"not_picked":["Headbutt","Entrench"],"picked":"Limit Break","floor":12},{"not_picked":["Cleave","Iron Wave"],"picked":"Rupture","floor":13}],"player_experience":1855695,"relics_obtained":[{"floor":9,"key":"Blood Vial"},{"floor":12,"key":"Sundial"}],"event_choices":[{"damage_healed":0,"gold_gain":0,"cards_transformed":["Strike_R"],"player_choice":"Change","damage_taken":0,"max_hp_gain":0,"max_hp_loss":0,"event_name":"Living Wall","floor":3,"gold_loss":0,"cards_obtained":["Perfected Strike"]},{"damage_healed":0,"gold_gain":275,"player_choice":"Desecrate","damage_taken":0,"max_hp_gain":0,"max_hp_loss":0,"event_name":"Golden Shrine","floor":4,"gold_loss":0,"cards_obtained":["Regret"]},{"damage_healed":0,"gold_gain":0,"player_choice":"Upgraded","damage_taken":0,"max_hp_gain":0,"max_hp_loss":0,"event_name":"Upgrade Shrine","floor":7,"gold_loss":0,"cards_upgraded":["True Grit"]}],"is_beta":false,"boss_relics":[],"items_purged_floors":[],"is_endless":false,"potions_floor_spawned":[1,2,11],"killed_by":"Gremlin Nob","ascension_level":18}