{"gold_per_floor":[117,127,144,156,231,231,263,263,263,263,263,263,31,44,44,44],"floor_reached":16,"playtime":462,"items_purged":["Bash"],"score":200,"play_id":"b2d46d86-3479-46ea-95d1-62aab1dc996e","local_time":"20190126102925","is_ascension_mode":true,"campfire_choices":[{"data":"Perfected Strike","floor":6,"key":"SMITH"},{"floor":8,"key":"REST"},{"floor":10,"key":"REST"},{"data":"Perfected Strike","floor":15,"key":"SMITH"}],"neow_cost":"NONE","seed_source_timestamp":1439532335147360,"circlet_count":0,"master_deck":["AscendersBane","Strike_R","Strike_R","Strike_R","Strike_R","Strike_R","Defend_R","Defend_R","Defend_R","Defend_R","Perfected Strike+1","Shrug It Off","Perfected Strike+1","Corruption","Disarm","Inflame","Spot Weakness","Pommel Strike"],"relics":["Burning Blood","Boot","Potion Belt","Orichalcum","Golden Idol"],"potions_floor_usage":[4],"damage_taken":[{"damage":2,"enemies":"Cultist","floor":1,"turns":4},{"damage":7,"enemies":"Jaw Worm","floor":2,"turns":3},{"damage":0,"enemies":"2 Louse","floor":3,"turns":2},{"damage":26,"enemies":"Exordium Thugs","floor":4,"turns":5},{"damage":42,"enemies":"3 Sentries","floor":7,"turns":11},{"damage":7,"enemies":"Red Slaver","floor":14,"turns":3},{"damage":51,"enemies":"Hexaghost","floor":16,"turns":9}],"seed_played":"1088570758503830016","potions_obtained":[{"floor":1,"key":"GamblersBrew"},{"floor":3,"key":"SmokeBomb"},{"floor":4,"key":"SpeedPotion"}],"is_trial":false,"path_per_floor":["M","M","M","M","?","R","E","R","T","R","?","T","$","M","R","B"],"character_chosen":"IRONCLAD","items_purchased":["Inflame","Spot Weakness"],"campfire_rested":2,"item_purchase_floors":[13,13],"current_hp_per_floor":[72,71,75,55,44,44,8,30,30,52,52,52,52,51,51,0],"gold":44,"neow_bonus":"RANDOM_COMMON_RELIC","is_prod":false,"is_daily":false,"chose_seed":false,"campfire_upgraded":2,"win_rate":0,"timestamp":1548494965,"path_taken":["M","M","M","M","?","R","E","R","T","R","?","?","$","M","R","BOSS"],"build_version":"2019-01-23","purchased_purges":1,"victory":false,"max_hp_per_floor":[75,75,75,75,75,75,75,75,75,75,68,68,68,68,68,68],"card_choices":[{"not_picked":["Infernal Blade","Shockwave"],"picked":"Perfected Strike","floor":1},{"not_picked":["Evolve","Wild Strike"],"picked":"Shrug It Off","floor":2},{"not_picked":["Dropkick","Corruption"],"picked":"Perfected Strike","floor":3},{"not_picked":["Thunderclap","Headbutt"],"picked":"Corruption","floor":4},{"not_picked":["Twin Strike","Clash"],"picked":"Disarm","floor":7},{"not_picked":["Searing Blow","Thunderclap"],"picked":"Pommel Strike","floor":14}],"player_experience":616307,"relics_obtained":[{"floor":7,"key":"Potion Belt"},{"floor":9,"key":"Orichalcum"}],"event_choices":[{"damage_healed":0,"gold_gain":75,"player_choice":"Gather Gold","damage_taken":11,"max_hp_gain":0,"max_hp_loss":0,"event_name":"World of Goop","floor":5,"gold_loss":0},{"damage_healed":0,"gold_gain":0,"player_choice":"Lose Max HP","damage_taken":0,"relics_obtained":["Golden Idol"],"max_hp_gain":0,"max_hp_loss":7,"event_name":"Golden Idol","floor":11,"gold_loss":0}],"is_beta":false,"boss_relics":[],"items_purged_floors":[13],"is_endless":false,"potions_floor_spawned":[1,3,4],"killed_by":"Hexaghost","ascension_level":20}