{"gold_per_floor":[111,111,111,126,126,156,167,192,241,267,267,283,208,221,221,295,295,306,164,175,190,105,132,132,159,185,23,57,72,89,89,89,166,166,180,49,49,49,59,87,101,101,125,154,154,154,167,186,186,186],"floor_reached":50,"playtime":2759,"items_purged":["Strike_G","Strike_G","Strike_G"],"score":1339,"play_id":"6c9ba254-371f-4800-8b0a-121fcfe15186","local_time":"20190521004016","is_ascension_mode":true,"campfire_choices":[{"floor":11,"key":"REST"},{"data":"Footwork","floor":15,"key":"SMITH"},{"data":"Wraith Form v2","floor":24,"key":"SMITH"},{"data":"Footwork","floor":32,"key":"SMITH"},{"data":"Envenom","floor":45,"key":"SMITH"},{"floor":49,"key":"REST"}],"neow_cost":"NONE","seed_source_timestamp":607869213289700,"circlet_count":0,"master_deck":["AscendersBane","Defend_G+1","Defend_G+1","Strike_G+1","Neutralize+1","Flying Knee+1","Leg Sweep","Footwork+1","Backstab+1","Backstab+1","PiercingWail","Dodge and Roll+1","Wraith Form v2+1","Finisher+1","Footwork+1","Deflect+1","Dagger Spray+1","Doppelganger","Predator+1","Slice+1","Quick Slash+1","Blur","Blade Dance","Dagger Throw+1","Endless Agony+1","Envenom+1","Caltrops+1","Endless Agony+1","Catalyst","Night Terror","Blade Dance+1","Choke+1","Backflip+1","Madness","Madness","Sucker Punch+1","Distraction","After Image"],"relics":["Ring of the Serpent","NeowsBlessing","Molten Egg 2","Oddly Smooth Stone","Bronze Scales","Gremlin Horn","Thread and Needle","Smiling Mask","Pantograph","War Paint","Anchor","Empty Cage","Shuriken","Whetstone","Strawberry"],"potions_floor_usage":[8,25,30,33,33,41,44,48],"damage_taken":[{"damage":0,"enemies":"Jaw Worm","floor":1,"turns":1},{"damage":0,"enemies":"Small Slimes","floor":4,"turns":1},{"damage":0,"enemies":"3 Sentries","floor":6,"turns":1},{"damage":0,"enemies":"Cultist","floor":7,"turns":4},{"damage":13,"enemies":"Lagavulin","floor":8,"turns":9},{"damage":2,"enemies":"Gremlin Nob","floor":10,"turns":4},{"damage":0,"enemies":"3 Louse","floor":12,"turns":2},{"damage":0,"enemies":"Looter","floor":14,"turns":2},{"damage":0,"enemies":"The Guardian","floor":16,"turns":15},{"damage":4,"enemies":"2 Thieves","floor":18,"turns":5},{"damage":0,"enemies":"Shell Parasite","floor":20,"turns":8},{"damage":0,"enemies":"Cultist and Chosen","floor":21,"turns":10},{"damage":0,"enemies":"Gremlin Leader","floor":23,"turns":12},{"damage":5,"enemies":"Slavers","floor":25,"turns":5},{"damage":0,"enemies":"Book of Stabbing","floor":28,"turns":7},{"damage":0,"enemies":"Centurion and Healer","floor":29,"turns":5},{"damage":0,"enemies":"Shelled Parasite and Fungi","floor":30,"turns":5},{"damage":46,"enemies":"Collector","floor":33,"turns":18},{"damage":0,"enemies":"3 Shapes","floor":35,"turns":7},{"damage":0,"enemies":"Orb Walker","floor":39,"turns":2},{"damage":22,"enemies":"Nemesis","floor":40,"turns":7},{"damage":8,"enemies":"3 Darklings","floor":41,"turns":5},{"damage":0,"enemies":"Reptomancer","floor":44,"turns":4},{"damage":7,"enemies":"Sphere and 2 Shapes","floor":47,"turns":3},{"damage":3,"enemies":"Transient","floor":48,"turns":5},{"damage":55,"enemies":"Awakened One","floor":50,"turns":15}],"seed_played":"-5300435708031739306","potions_obtained":[{"floor":4,"key":"GamblersBrew"},{"floor":6,"key":"GhostInAJar"},{"floor":7,"key":"Energy Potion"},{"floor":10,"key":"Weak Potion"},{"floor":23,"key":"Energy Potion"},{"floor":29,"key":"Regen Potion"},{"floor":30,"key":"GamblersBrew"},{"floor":33,"key":"Poison Potion"},{"floor":40,"key":"Poison Potion"},{"floor":47,"key":"EssenceOfSteel"}],"is_trial":false,"path_per_floor":["M","?","?","M","?","E","M","E","T","E","R","M","$","M","R","B",null,"M","$","M","M","?","E","R","E","T","$","E","M","M","?","R","B",null,"M","$","?","?","M","E","M","?","T","E","R","?","M","M","R","B"],"character_chosen":"THE_SILENT","items_purchased":["Footwork","Predator+1","Slice+1","Endless Agony+1","Catalyst"],"campfire_rested":2,"item_purchase_floors":[19,27,27,36,36],"current_hp_per_floor":[59,39,39,39,32,32,32,19,19,17,36,36,36,36,36,36,59,55,55,55,55,55,55,55,50,50,50,50,50,65,65,65,20,55,55,55,55,55,55,33,25,13,13,20,20,16,9,6,27,0],"gold":186,"neow_bonus":"THREE_ENEMY_KILL","is_prod":false,"is_daily":false,"chose_seed":false,"campfire_upgraded":4,"win_rate":0,"timestamp":1558392016,"path_taken":["M","?","?","?","?","E","M","E","T","E","R","M","$","M","R","BOSS","M","$","M","M","?","E","R","E","T","$","E","M","M","?","R","BOSS","M","$","?","?","M","E","?","?","T","E","R","?","M","?","R","BOSS"],"build_version":"2019-01-23","purchased_purges":3,"victory":false,"max_hp_per_floor":[66,66,66,66,66,66,66,66,66,66,66,66,66,66,66,66,66,66,66,66,66,66,66,66,66,66,66,66,66,66,66,66,66,66,66,66,66,66,66,66,66,66,66,73,73,73,73,73,73,73],"card_choices":[{"not_picked":["Quick Slash","Accuracy"],"picked":"Flying Knee","floor":1},{"not_picked":["Tactician","Bouncing Flask"],"picked":"Leg Sweep","floor":4},{"not_picked":["Prepared","Dodge and Roll"],"picked":"Footwork","floor":6},{"not_picked":["Dagger Throw+1","Deflect"],"picked":"Backstab+1","floor":7},{"not_picked":["Underhanded Strike+1","Caltrops"],"picked":"Quick Slash+1","floor":8},{"not_picked":["Cloak And Dagger","Bane+1"],"picked":"Backstab+1","floor":10},{"not_picked":["Blade Dance","Bane+1"],"picked":"PiercingWail","floor":12},{"not_picked":["Slice+1","Prepared"],"picked":"Dodge and Roll","floor":14},{"not_picked":["Glass Knife+1","Malaise"],"picked":"Wraith Form v2","floor":16},{"not_picked":["Heel Hook+1","Expertise"],"picked":"Finisher+1","floor":18},{"not_picked":["Caltrops","All Out Attack+1"],"picked":"Deflect+1","floor":20},{"not_picked":["Prepared","Bane+1"],"picked":"Dagger Spray+1","floor":21},{"not_picked":["Deflect","Eviscerate+1"],"picked":"Doppelganger","floor":23},{"not_picked":["Deadly Poison","Deflect"],"picked":"Blade Dance","floor":25},{"not_picked":["Dodge and Roll","Outmaneuver"],"picked":"Quick Slash+1","floor":28},{"not_picked":["Prepared","PiercingWail"],"picked":"Blur","floor":29},{"not_picked":["Riddle With Holes+1","Terror"],"picked":"Blade Dance","floor":30},{"not_picked":["Wraith Form v2","Unload+1"],"picked":"Envenom","floor":33},{"not_picked":["Infinite Blades","Acrobatics+1"],"picked":"Caltrops+1","floor":35},{"not_picked":["Bane+1","Calculated Gamble"],"picked":"Blade Dance+1","floor":39},{"not_picked":["Quick Slash+1","Predator+1"],"picked":"Choke+1","floor":40},{"not_picked":["Escape Plan","Footwork"],"picked":"Backflip+1","floor":41},{"not_picked":["Cloak And Dagger","Outmaneuver"],"picked":"Sucker Punch+1","floor":44},{"not_picked":["Deflect+1","Outmaneuver"],"picked":"Distraction","floor":47},{"not_picked":["Sucker Punch+1","Acrobatics"],"picked":"After Image","floor":48}],"player_experience":1179256,"relics_obtained":[{"floor":6,"key":"Molten Egg 2"},{"floor":8,"key":"Oddly Smooth Stone"},{"floor":9,"key":"Bronze Scales"},{"floor":10,"key":"Gremlin Horn"},{"floor":23,"key":"Smiling Mask"},{"floor":25,"key":"Pantograph"},{"floor":26,"key":"War Paint"},{"floor":28,"key":"Anchor"},{"floor":40,"key":"Shuriken"},{"floor":43,"key":"Whetstone"},{"floor":44,"key":"Strawberry"}],"event_choices":[{"damage_healed":0,"gold_gain":0,"player_choice":"Entered Light","damage_taken":20,"max_hp_gain":0,"max_hp_loss":0,"event_name":"Shining Light","floor":2,"gold_loss":0,"cards_upgraded":["Defend_G","Strike_G"]},{"damage_healed":0,"gold_gain":0,"player_choice":"Upgraded","damage_taken":0,"max_hp_gain":0,"max_hp_loss":0,"event_name":"Upgrade Shrine","floor":3,"gold_loss":0,"cards_upgraded":["Neutralize"]},{"cards_removed":["Strike_G"],"damage_healed":0,"gold_gain":0,"player_choice":"Card Removal","damage_taken":7,"max_hp_gain":0,"max_hp_loss":0,"event_name":"Golden Wing","floor":5,"gold_loss":0},{"damage_healed":0,"gold_gain":0,"player_choice":"Obtained Relic","damage_taken":0,"relics_obtained":["Thread and Needle"],"max_hp_gain":0,"max_hp_loss":0,"event_name":"Addict","floor":22,"gold_loss":85},{"damage_healed":0,"gold_gain":0,"cards_transformed":["Defend_G","Defend_G"],"player_choice":"Became Test Subject","damage_taken":0,"max_hp_gain":0,"max_hp_loss":0,"event_name":"Drug Dealer","floor":31,"gold_loss":0,"cards_obtained":["Dagger Throw","Endless Agony"]},{"cards_removed":["Quick Slash"],"damage_healed":0,"gold_gain":0,"player_choice":"Removed Attack","damage_taken":0,"max_hp_gain":0,"max_hp_loss":0,"event_name":"Falling","floor":37,"gold_loss":0},{"damage_healed":0,"gold_gain":0,"cards_transformed":["Blade Dance"],"player_choice":"Transformed","damage_taken":0,"max_hp_gain":0,"max_hp_loss":0,"event_name":"Transmorgrifier","floor":38,"gold_loss":0,"cards_obtained":["Night Terror"]},{"damage_healed":0,"gold_gain":0,"player_choice":"Embrace Madness","damage_taken":12,"max_hp_gain":0,"max_hp_loss":0,"event_name":"Winding Halls","floor":42,"gold_loss":0,"cards_obtained":["Madness","Madness"]},{"damage_healed":0,"gold_gain":0,"player_choice":"Bought 0 Potions","damage_taken":0,"max_hp_gain":0,"max_hp_loss":0,"event_name":"The Woman in Blue","floor":46,"gold_loss":0}],"is_beta":false,"boss_relics":[{"not_picked":["Coffee Dripper","Snecko Eye"],"picked":"Ring of the Serpent"},{"not_picked":["HoveringKite","Cursed Key"],"picked":"Empty Cage"}],"items_purged_floors":[13,19,27],"is_endless":false,"potions_floor_spawned":[4,6,7,10,12,21,23,29,30,33,40,47],"killed_by":"Awakened One","ascension_level":16}