{"gold_per_floor":[113,132,146,146,159,159,159,159,238,238,256,256,406,122,122,122],"floor_reached":16,"playtime":409,"items_purged":["Doubt"],"score":162,"play_id":"f3b279fd-14b5-493d-a161-278bf27dee13","local_time":"20190523182043","is_ascension_mode":true,"campfire_choices":[{"data":"Whirlwind","floor":6,"key":"SMITH"},{"data":"True Grit","floor":10,"key":"SMITH"},{"data":"Flame Barrier","floor":12,"key":"SMITH"},{"data":"Bash","floor":15,"key":"SMITH"}],"neow_cost":"NONE","seed_source_timestamp":846659868186000,"circlet_count":0,"master_deck":["AscendersBane","Strike_R","Strike_R","Strike_R","Strike_R","Strike_R+1","Defend_R","Defend_R","Defend_R","Defend_R+1","Bash+1","Exhume","True Grit+1","Whirlwind+1","Flame Barrier+1","Injury","Evolve","Metallicize"],"relics":["Burning Blood","Golden Idol","Singing Bowl","Pen Nib"],"potions_floor_usage":[16,16],"damage_taken":[{"damage":5,"enemies":"Small Slimes","floor":1,"turns":4},{"damage":1,"enemies":"Cultist","floor":2,"turns":3},{"damage":11,"enemies":"2 Louse","floor":3,"turns":3},{"damage":10,"enemies":"Blue Slaver","floor":5,"turns":5},{"damage":18,"enemies":"Large Slime","floor":11,"turns":6},{"damage":32,"enemies":"Hexaghost","floor":16,"turns":12}],"seed_played":"8987649745502538875","potions_obtained":[{"floor":1,"key":"FearPotion"},{"floor":2,"key":"AttackPotion"},{"floor":8,"key":"EssenceOfSteel"}],"is_trial":false,"path_per_floor":["M","M","M","?","M","R","?","?","T","R","M","R","?","$","R","B"],"character_chosen":"IRONCLAD","items_purchased":["Pen Nib","Metallicize"],"campfire_rested":0,"item_purchase_floors":[14,14],"current_hp_per_floor":[69,74,69,69,65,65,42,42,42,42,32,32,32,32,32,0],"gold":122,"neow_bonus":"ONE_RANDOM_RARE_CARD","is_prod":false,"is_daily":false,"chose_seed":false,"campfire_upgraded":4,"win_rate":0,"timestamp":1558628443,"path_taken":["M","M","M","?","M","R","?","?","T","R","?","R","?","$","R","BOSS"],"build_version":"2019-01-23","purchased_purges":1,"victory":false,"max_hp_per_floor":[75,75,75,75,75,75,75,75,75,75,77,77,77,77,77,77],"card_choices":[{"not_picked":["Body Slam","Intimidate"],"picked":"True Grit","floor":1},{"not_picked":["Pommel Strike","Fire Breathing"],"picked":"Whirlwind","floor":2},{"not_picked":["Feel No Pain","Shrug It Off"],"picked":"Flame Barrier","floor":3},{"not_picked":["Reckless Charge","Perfected Strike"],"picked":"Evolve","floor":5},{"not_picked":["Infernal Blade","Clash","Rupture"],"picked":"Singing Bowl","floor":11}],"player_experience":1189962,"relics_obtained":[{"floor":9,"key":"Singing Bowl"}],"event_choices":[{"damage_healed":0,"gold_gain":0,"player_choice":"Take Wound","damage_taken":0,"relics_obtained":["Golden Idol"],"max_hp_gain":0,"max_hp_loss":0,"event_name":"Golden Idol","floor":4,"gold_loss":0,"cards_obtained":["Injury"]},{"damage_healed":0,"gold_gain":0,"player_choice":"Entered Light","damage_taken":23,"max_hp_gain":0,"max_hp_loss":0,"event_name":"Shining Light","floor":7,"gold_loss":0,"cards_upgraded":["Defend_R","Strike_R"]},{"damage_healed":0,"gold_gain":0,"player_choice":"Got Potions","damage_taken":0,"max_hp_gain":0,"max_hp_loss":0,"event_name":"Lab","floor":8,"gold_loss":0},{"damage_healed":0,"gold_gain":150,"player_choice":"AGREE","damage_taken":0,"max_hp_gain":0,"max_hp_loss":0,"event_name":"Liars Game","floor":13,"gold_loss":0,"cards_obtained":["Doubt"]}],"is_beta":false,"boss_relics":[],"items_purged_floors":[14],"is_endless":false,"potions_floor_spawned":[1,2,5],"killed_by":"Hexaghost","ascension_level":16}