{"gold_per_floor":[115,115,115,140,154,154,189,28,28,28],"floor_reached":10,"playtime":323,"items_purged":[],"score":119,"play_id":"dde47ef5-4599-4084-ba41-f0ce3a77c353","local_time":"20190611033035","is_ascension_mode":true,"campfire_choices":[{"data":"Neutralize","floor":6,"key":"SMITH"}],"neow_cost":"NONE","seed_source_timestamp":14636711979600,"circlet_count":0,"master_deck":["AscendersBane","Defend_G","Defend_G","Defend_G","Defend_G","Defend_G","Strike_G","Strike_G","Strike_G","Strike_G","Strike_G","Survivor","Neutralize+1","Blade Dance","Injury","Leg Sweep","Bouncing Flask","Dodge and Roll"],"relics":["Ring of the Snake","Golden Idol","Mummified Hand","Snake Skull","Bottled Lightning"],"potions_floor_usage":[7],"damage_taken":[{"damage":1,"enemies":"Small Slimes","floor":1,"turns":5},{"damage":6,"enemies":"2 Louse","floor":4,"turns":5},{"damage":0,"enemies":"Cultist","floor":5,"turns":4},{"damage":34,"enemies":"Gremlin Nob","floor":7,"turns":5},{"damage":32,"enemies":"3 Sentries","floor":10,"turns":6}],"seed_played":"-899230983415620076","potions_obtained":[{"floor":4,"key":"Weak Potion"},{"floor":7,"key":"Ancient Potion"}],"is_trial":false,"path_per_floor":["M","?","?","M","M","R","E","$","T","E"],"character_chosen":"THE_SILENT","items_purchased":["Snake Skull"],"campfire_rested":0,"item_purchase_floors":[8],"current_hp_per_floor":[64,69,69,63,63,63,29,29,29,0],"gold":28,"neow_bonus":"TEN_PERCENT_HP_BONUS","is_prod":false,"is_daily":false,"chose_seed":false,"campfire_upgraded":1,"win_rate":0,"timestamp":1560216635,"path_taken":["M","?","?","M","M","R","E","$","T","E"],"build_version":"2019-01-23","purchased_purges":0,"victory":false,"max_hp_per_floor":[72,77,77,77,77,77,77,77,77,77],"card_choices":[{"not_picked":["Deflect","Dodge and Roll"],"picked":"Blade Dance","floor":1},{"not_picked":["Setup","Deflect"],"picked":"Leg Sweep","floor":4},{"not_picked":["Blur","Prepared"],"picked":"Bouncing Flask","floor":5},{"not_picked":["Accuracy","Slice"],"picked":"Dodge and Roll","floor":7}],"player_experience":1297814,"relics_obtained":[{"floor":7,"key":"Mummified Hand"},{"floor":9,"key":"Bottled Lightning"}],"event_choices":[{"damage_healed":0,"gold_gain":0,"player_choice":"Donut","damage_taken":0,"max_hp_gain":5,"max_hp_loss":0,"event_name":"Big Fish","floor":2,"gold_loss":0},{"damage_healed":0,"gold_gain":0,"player_choice":"Take Wound","damage_taken":0,"relics_obtained":["Golden Idol"],"max_hp_gain":0,"max_hp_loss":0,"event_name":"Golden Idol","floor":3,"gold_loss":0,"cards_obtained":["Injury"]}],"is_beta":false,"boss_relics":[],"items_purged_floors":[],"is_endless":false,"potions_floor_spawned":[4,7],"killed_by":"3 Sentries","ascension_level":16}