{"gold_per_floor":[360,360,379,253,332,352,352,366,392,186,186,200,200,200,200,325,325,340,45,45,65,65,106,106],"floor_reached":24,"playtime":1203,"items_purged":["Clumsy"],"score":326,"play_id":"c9da875d-416c-47e8-bfcb-75c8a2338cb2","local_time":"20180902203119","is_ascension_mode":true,"campfire_choices":[{"data":"Clothesline","floor":7,"key":"SMITH"},{"data":"Discovery","floor":11,"key":"SMITH"},{"data":"Infernal Blade","floor":15,"key":"SMITH"}],"neow_cost":"CURSE","seed_source_timestamp":1330150371898373,"circlet_count":0,"master_deck":["Strike_R","Strike_R","Strike_R","Strike_R","Strike_R","Defend_R","Defend_R","Defend_R","Defend_R","Bash","AscendersBane","Infernal Blade+1","Clothesline+1","Headbutt","Shrug It Off","Discovery+1","Anger","Sword Boomerang","Demon Form","Seeing Red","Metallicize"],"relics":["Burning Blood","Golden Idol","Boot","Cursed Key","Dead Branch","MutagenicStrength","Anchor"],"potions_floor_usage":[16,23,24],"damage_taken":[{"damage":8,"enemies":"2 Louse","floor":1,"turns":3},{"damage":0,"enemies":"Small Slimes","floor":3,"turns":3},{"damage":9,"enemies":"Cultist","floor":6,"turns":4},{"damage":14,"enemies":"Looter","floor":8,"turns":3},{"damage":29,"enemies":"Large Slime","floor":12,"turns":5},{"damage":41,"enemies":"Hexaghost","floor":16,"turns":10},{"damage":25,"enemies":"Spheric Guardian","floor":18,"turns":4},{"damage":7,"enemies":"Chosen","floor":21,"turns":3},{"damage":24,"enemies":"Gremlin Leader","floor":23,"turns":7},{"damage":21,"enemies":"Snake Plant","floor":24,"turns":3}],"seed_played":"-112821019619938177","potions_obtained":[{"floor":8,"key":"Fire Potion"},{"floor":21,"key":"SteroidPotion"},{"floor":23,"key":"GamblersBrew"}],"is_trial":false,"path_per_floor":["M","?","M","$","?","M","R","M","T","$","R","M","?","?","R","B",null,"M","$","?","M","$","E"],"character_chosen":"IRONCLAD","items_purchased":["Clothesline","Discovery","Anger","SpeedPotion","Dead Branch"],"campfire_rested":0,"item_purchase_floors":[4,10,10,10,19],"current_hp_per_floor":[70,70,74,74,74,71,71,66,66,66,66,43,43,43,43,8,58,39,39,39,38,38,20,0],"gold":106,"neow_bonus":"TWO_FIFTY_GOLD","is_prod":false,"is_daily":false,"chose_seed":false,"campfire_upgraded":3,"win_rate":0,"timestamp":1535916679,"path_taken":["M","?","M","$","?","M","R","M","T","$","R","?","?","?","R","BOSS","M","$","?","?","$","E","M"],"build_version":"2018-08-30","purchased_purges":1,"victory":false,"max_hp_per_floor":[80,74,74,74,74,74,74,74,74,74,74,74,74,74,74,74,74,74,74,74,74,74,74,74],"card_choices":[{"not_picked":["Bloodletting","Warcry","Body Slam"],"picked":"SKIP","floor":1},{"not_picked":["True Grit","Heavy Blade"],"picked":"Infernal Blade","floor":3},{"not_picked":["Clash","Twin Strike"],"picked":"Headbutt","floor":6},{"not_picked":["Iron Wave","Reaper"],"picked":"Shrug It Off","floor":8},{"not_picked":["Dropkick","Warcry"],"picked":"Sword Boomerang","floor":12},{"not_picked":["Fiend Fire","Brutality"],"picked":"Demon Form","floor":16},{"not_picked":["Wild Strike","Bloodletting+1","Rupture"],"picked":"SKIP","floor":18},{"not_picked":["Uppercut","Battle Trance"],"picked":"Seeing Red","floor":21},{"not_picked":["Twin Strike","Anger"],"picked":"Metallicize","floor":23}],"player_experience":618741,"relics_obtained":[{"floor":9,"key":"Boot"},{"floor":23,"key":"Anchor"}],"event_choices":[{"event_name":"Golden Idol","player_choice":"Lose Max HP","floor":2,"damage_taken":0},{"event_name":"Golden Wing","player_choice":"Gained Gold","floor":5,"damage_taken":0},{"event_name":"Dead Adventurer","player_choice":"Searched \u00270\u0027 times","floor":13,"damage_taken":0},{"event_name":"The Lab","player_choice":"Got Potions","floor":14,"damage_taken":0},{"event_name":"Drug Dealer","player_choice":"Inject Mutagens","floor":20,"damage_taken":0}],"is_beta":false,"boss_relics":[{"not_picked":["Velvet Choker","Eternal Feather"],"picked":"Cursed Key"}],"items_purged_floors":[4],"is_endless":false,"potions_floor_spawned":[8,12,21,23],"killed_by":"Snake Plant","ascension_level":12}