{"gold_per_floor":[16,16,27,102,118,118,118,128,151,177,177,177,188,218,218,293,293,304,322,42,42,60,60,128,154,154,154,171,65,65,76,76,76],"floor_reached":33,"playtime":1167,"items_purged":["Strike_B","Defend_B"],"score":481,"play_id":"45fbd7bc-1082-484a-8800-174de2ee91bd","local_time":"20190515203403","is_ascension_mode":true,"campfire_choices":[{"data":"Apotheosis","floor":7,"key":"SMITH"},{"data":"Zap","floor":11,"key":"SMITH"},{"floor":15,"key":"REST"},{"floor":23,"key":"REST"},{"floor":27,"key":"REST"},{"floor":32,"key":"REST"}],"neow_cost":"NO_GOLD","seed_source_timestamp":162676077912500,"circlet_count":0,"master_deck":["AscendersBane","Defend_B","Defend_B","Zap+1","Dualcast","Apotheosis+1","Deep Breath","Conserve Battery","Ball Lightning","Gash","Tempest","Beam Cell","Cold Snap","Electrodynamics","Self Repair","Glacier","Reinforced Body","Echo Form","Redo","Go for the Eyes","Capacitor","Panache","Compile Driver","Blizzard","Stack","Capacitor","Defragment"],"relics":["Cracked Core","Lantern","Omamori","Vajra","Empty Cage","The Courier","Potion Belt","Ginger"],"potions_floor_usage":[10,10,18,33,33],"damage_taken":[{"damage":2,"enemies":"Cultist","floor":1,"turns":4},{"damage":0,"enemies":"2 Louse","floor":3,"turns":3},{"damage":2,"enemies":"Jaw Worm","floor":5,"turns":4},{"damage":0,"enemies":"Exordium Wildlife","floor":8,"turns":3},{"damage":10,"enemies":"Gremlin Nob","floor":10,"turns":3},{"damage":9,"enemies":"2 Fungi Beasts","floor":13,"turns":3},{"damage":4,"enemies":"Lagavulin","floor":14,"turns":6},{"damage":28,"enemies":"Slime Boss","floor":16,"turns":7},{"damage":1,"enemies":"3 Byrds","floor":18,"turns":4},{"damage":0,"enemies":"Spheric Guardian","floor":19,"turns":3},{"damage":13,"enemies":"Snecko","floor":22,"turns":5},{"damage":45,"enemies":"Book of Stabbing","floor":25,"turns":8},{"damage":48,"enemies":"Shelled Parasite and Fungi","floor":28,"turns":6},{"damage":12,"enemies":"Chosen and Byrds","floor":31,"turns":6},{"damage":45,"enemies":"Collector","floor":33,"turns":3}],"seed_played":"-6741895498228300093","potions_obtained":[{"floor":1,"key":"Swift Potion"},{"floor":3,"key":"SteroidPotion"},{"floor":13,"key":"Energy Potion"},{"floor":18,"key":"Strength Potion"},{"floor":22,"key":"FearPotion"},{"floor":31,"key":"Dexterity Potion"}],"is_trial":false,"path_per_floor":["M","?","M","?","M","?","R","M","T","E","R","?","M","E","R","B",null,"M","M","$","$","M","R","T","E","T","R","M","$","?","M","R","B"],"character_chosen":"DEFECT","items_purchased":["Capacitor","Panache","Capacitor"],"campfire_rested":4,"item_purchase_floors":[20,20,29],"current_hp_per_floor":[62,67,67,56,54,54,54,54,54,44,44,44,42,38,60,32,65,64,71,71,71,58,76,76,38,38,60,32,32,32,20,42,0],"gold":76,"neow_bonus":"RANDOM_COLORLESS_2","is_prod":false,"is_daily":false,"chose_seed":false,"campfire_upgraded":2,"win_rate":0,"timestamp":1557945243,"path_taken":["M","?","M","?","M","?","R","?","T","E","R","?","M","E","R","BOSS","M","?","?","$","M","R","?","E","T","R","M","$","?","M","R","BOSS"],"build_version":"2019-01-23","purchased_purges":2,"victory":false,"max_hp_per_floor":[71,76,76,76,76,76,76,76,76,76,76,76,76,76,76,76,76,76,76,76,76,76,76,76,76,76,76,76,76,76,76,76,76],"card_choices":[{"not_picked":["Turbo","Darkness"],"picked":"Conserve Battery","floor":1},{"not_picked":["Coolheaded","Conserve Battery"],"picked":"Ball Lightning","floor":3},{"not_picked":["Tempest","Darkness"],"picked":"Gash","floor":5},{"not_picked":["Heatsinks","Rebound"],"picked":"Beam Cell","floor":8},{"not_picked":["BootSequence","Storm"],"picked":"Cold Snap","floor":10},{"not_picked":["Melter","Leap"],"picked":"Glacier","floor":13},{"not_picked":["Conserve Battery","Reboot"],"picked":"Reinforced Body","floor":14},{"not_picked":["Hyperbeam","Creative AI"],"picked":"Echo Form","floor":16},{"not_picked":["Ball Lightning","Cold Snap"],"picked":"Redo","floor":18},{"not_picked":["Turbo","Coolheaded"],"picked":"Go for the Eyes","floor":19},{"not_picked":["Leap","Barrage"],"picked":"Compile Driver","floor":22},{"not_picked":["Steam","Turbo"],"picked":"Blizzard","floor":25},{"not_picked":["Redo","Turbo"],"picked":"Stack","floor":28},{"not_picked":["Static Discharge","Lockon"],"picked":"Defragment","floor":31}],"player_experience":1098772,"relics_obtained":[{"floor":9,"key":"Lantern"},{"floor":10,"key":"Omamori"},{"floor":14,"key":"Vajra"},{"floor":24,"key":"The Courier"},{"floor":25,"key":"Potion Belt"},{"floor":26,"key":"Ginger"}],"event_choices":[{"damage_healed":0,"gold_gain":0,"player_choice":"Donut","damage_taken":0,"max_hp_gain":5,"max_hp_loss":0,"event_name":"Big Fish","floor":2,"gold_loss":0},{"damage_healed":0,"gold_gain":75,"player_choice":"Gather Gold","damage_taken":11,"max_hp_gain":0,"max_hp_loss":0,"event_name":"World of Goop","floor":4,"gold_loss":0},{"damage_healed":0,"gold_gain":0,"cards_transformed":["Strike_B"],"player_choice":"Change","damage_taken":0,"max_hp_gain":0,"max_hp_loss":0,"event_name":"Living Wall","floor":6,"gold_loss":0,"cards_obtained":["Tempest"]},{"damage_healed":0,"gold_gain":0,"player_choice":"2 cards matched","damage_taken":0,"max_hp_gain":0,"max_hp_loss":0,"event_name":"Match and Keep!","floor":12,"gold_loss":0,"cards_obtained":["Electrodynamics","Self Repair"]},{"cards_removed":["Defend_B"],"damage_healed":0,"gold_gain":0,"player_choice":"Purged","damage_taken":0,"max_hp_gain":0,"max_hp_loss":0,"event_name":"Purifier","floor":30,"gold_loss":0}],"is_beta":false,"boss_relics":[{"not_picked":["Ectoplasm","Busted Crown"],"picked":"Empty Cage"}],"items_purged_floors":[20,29],"is_endless":false,"potions_floor_spawned":[1,3,13,18,22,31],"killed_by":"Collector","ascension_level":15}