{"path_per_floor":["M","?","M","M","$","R","M","R","T","E","$","M","M","M","R","B",null,"M","M","?","M","M","M","E","$","T","R","M","R","M","M","R"],"character_chosen":"THE_SILENT","items_purchased":["Infinite Blades","Footwork","Shuriken"],"gold_per_floor":[112,112,131,149,69,69,90,90,90,134,11,35,53,78,78,198,198,223,243,243,261,275,293,319,33,33,33,43,43,53,67,67,67],"floor_reached":33,"campfire_rested":1,"playtime":3244,"current_hp_per_floor":[70,53,53,49,49,49,17,38,38,31,31,26,25,25,25,9,70,66,59,59,40,43,34,33,33,33,33,30,30,35,22,22,0],"items_purged":["Strike_G","Defend_G"],"gold":67,"score":330,"play_id":"b9b56c6e-6add-4884-b7df-bbde63896bb0","local_time":"20180519155755","is_prod":false,"is_daily":false,"chose_seed":false,"is_ascension_mode":true,"campfire_upgraded":5,"timestamp":1526741875,"campfire_choices":[{"data":"Infinite Blades","floor":6.0,"key":"SMITH"},{"floor":8,"key":"REST"},{"data":"Footwork","floor":15,"key":"SMITH"},{"data":"Wraith Form v2","floor":27,"key":"SMITH"},{"data":"Noxious Fumes","floor":29,"key":"SMITH"},{"data":"Leg Sweep","floor":32,"key":"SMITH"}],"path_taken":["M","?","M","M","$","R","M","R","T","E","$","M","M","M","R","BOSS","M","?","?","M","M","M","E","$","T","R","M","R","M","M","R","BOSS"],"build_version":"2018-05-17","seed_source_timestamp":0,"purchased_purges":2,"victory":false,"master_deck":["Defend_G","Defend_G","Defend_G","Defend_G","Strike_G","Strike_G","Strike_G","Strike_G","Survivor","Neutralize+1","Leg Sweep+1","Well Laid Plans","Escape Plan","Infinite Blades+1","Backflip","Footwork+1","Backstab","Blur","PiercingWail","Wraith Form v2+1","Deadly Poison","Noxious Fumes+1","Predator+1","Injury","Heel Hook+1","Skewer+1"],"max_hp_per_floor":[70,70,70,70,70,70,70,70,70,70,70,70,70,70,70,70,70,70,70,70,70,70,70,70,70,70,70,70,70,70,70,70,70],"relics":["Ring of the Snake","Bloody Idol","The Courier","Dodecahedron","Cursed Key","Bag of Preparation","Shuriken","Omamori"],"card_choices":[{"not_picked":["Acrobatics","PiercingWail"],"picked":"Leg Sweep","floor":1.0},{"not_picked":["Sucker Punch","Bane"],"picked":"Well Laid Plans","floor":3.0},{"not_picked":["Distraction","Deflect"],"picked":"Escape Plan","floor":4.0},{"not_picked":["Accuracy","Outmaneuver","Quick Slash"],"picked":"SKIP","floor":7},{"not_picked":["Bane","Underhanded Strike"],"picked":"Backflip","floor":10},{"not_picked":["Endless Agony","Blade Dance"],"picked":"Backstab","floor":12},{"not_picked":["Poisoned Stab","All Out Attack"],"picked":"Blur","floor":13},{"not_picked":["Backflip","Masterful Stab"],"picked":"PiercingWail","floor":14},{"not_picked":["Night Terror","Tools of the Trade"],"picked":"Wraith Form v2","floor":16},{"not_picked":["Bouncing Flask","Bane"],"picked":"Deadly Poison","floor":18},{"not_picked":["Deflect","Dagger Throw","Slice"],"picked":"SKIP","floor":19},{"not_picked":["Escape Plan","Backflip"],"picked":"Noxious Fumes","floor":21},{"not_picked":["Blade Dance","Dagger Spray","Concentrate"],"picked":"SKIP","floor":22},{"not_picked":["Expertise","Acrobatics"],"picked":"Predator+1","floor":23},{"not_picked":["Backflip","Quick Slash","Predator"],"picked":"SKIP","floor":24},{"not_picked":["Setup+1","Escape Plan","Predator"],"picked":"SKIP","floor":28},{"not_picked":["Dagger Spray","Bane"],"picked":"Heel Hook+1","floor":30},{"not_picked":["Prepared","Adrenaline"],"picked":"Skewer+1","floor":31}],"player_experience":317006,"potions_floor_usage":[16,16,24],"damage_taken":[{"damage":0.0,"enemies":"2 Louse","floor":1.0,"turns":5.0},{"damage":0.0,"enemies":"Small Slimes","floor":3.0,"turns":3.0},{"damage":4.0,"enemies":"Jaw Worm","floor":4.0,"turns":5.0},{"damage":32,"enemies":"Lots of Slimes","floor":7,"turns":5},{"damage":7,"enemies":"3 Sentries","floor":10,"turns":11},{"damage":5,"enemies":"2 Fungi Beasts","floor":12,"turns":5},{"damage":1,"enemies":"Looter","floor":13,"turns":3},{"damage":0,"enemies":"Large Slime","floor":14,"turns":6},{"damage":16,"enemies":"Slime Boss","floor":16,"turns":10},{"damage":4,"enemies":"Spheric Guardian","floor":18,"turns":8},{"damage":7,"enemies":"3 Byrds","floor":19,"turns":8},{"damage":24,"enemies":"Snake Plant","floor":21,"turns":8},{"damage":2,"enemies":"Cultist and Chosen","floor":22,"turns":10},{"damage":14,"enemies":"3 Cultists","floor":23,"turns":8},{"damage":6,"enemies":"Book of Stabbing","floor":24,"turns":6},{"damage":8,"enemies":"Centurion and Healer","floor":28,"turns":8},{"damage":0,"enemies":"Snecko","floor":30,"turns":5},{"damage":18,"enemies":"Slaver and Parasite","floor":31,"turns":7},{"damage":24,"enemies":"Automaton","floor":33,"turns":6}],"relics_obtained":[{"floor":9,"key":"The Courier"},{"floor":10,"key":"Dodecahedron"},{"floor":24,"key":"Bag of Preparation"},{"floor":26,"key":"Omamori"}],"event_choices":[{"event_name":"Golden Idol","player_choice":"Take Damage","floor":2.0,"damage_taken":0.0},{"event_name":"Forgotten Altar","player_choice":"Gave Idol","floor":20,"damage_taken":0}],"boss_relics":[{"not_picked":["Snecko Eye","Sozu"],"picked":"Cursed Key"}],"potions_floor_spawned":[1,7,13,14,22,23,24,28],"seed_played":"-2134580930229459995","killed_by":"Automaton","ascension_level":4,"potions_obtained":[{"floor":1.0,"key":"FairyPotion"},{"floor":7,"key":"Fire Potion"},{"floor":13,"key":"Fire Potion"},{"floor":14,"key":"SkillPotion"},{"floor":22,"key":"Energy Potion"},{"floor":23,"key":"Fire Potion"},{"floor":24,"key":"Fire Potion"}],"is_trial":false}