{"gold_per_floor":[109,184,184,18,36,67,67,83,135,155,185,200,200,2,2,2],"floor_reached":16,"playtime":552,"items_purged":["Regret"],"score":121,"play_id":"394805f8-798b-45d8-b8c5-5d52807d844f","local_time":"20191012000014","is_ascension_mode":true,"campfire_choices":[{"data":"Neutralize","floor":7,"key":"SMITH"},{"data":"Dagger Spray","floor":15,"key":"SMITH"}],"neow_cost":"NONE","seed_source_timestamp":100551775003600,"circlet_count":0,"master_deck":["Strike_G","Strike_G","Strike_G","Strike_G","Defend_G","Defend_G","Defend_G","Defend_G","Defend_G","Survivor","Neutralize+1","All Out Attack","Deadly Poison","PiercingWail","Backstab","Deadly Poison","Deflect","Skewer","Dagger Spray+1"],"relics":["Ring of the Snake","Membership Card","Potion Belt","Pen Nib","Pantograph","Centennial Puzzle","Sling","Blood Vial"],"potions_floor_usage":[0,1,6],"damage_taken":[{"damage":0,"enemies":"Cultist","floor":1,"turns":3},{"damage":0,"enemies":"Small Slimes","floor":5,"turns":3},{"damage":14,"enemies":"Gremlin Nob","floor":6,"turns":5},{"damage":0,"enemies":"2 Louse","floor":8,"turns":1},{"damage":0,"enemies":"2 Fungi Beasts","floor":10,"turns":3},{"damage":28,"enemies":"3 Sentries","floor":11,"turns":6},{"damage":4,"enemies":"Blue Slaver","floor":12,"turns":2},{"damage":51,"enemies":"Slime Boss","floor":16,"turns":5}],"seed_played":"7305548814922169722","potions_obtained":[{"floor":0,"key":"LiquidBronze"},{"floor":0,"key":"FearPotion"},{"floor":0,"key":"Fruit Juice"},{"floor":5,"key":"Block Potion"},{"floor":8,"key":"SmokeBomb"}],"is_trial":false,"path_per_floor":["M","?","?","$","M","E","R","M","T","M","E","M","?","$","R","B"],"character_chosen":"THE_SILENT","items_purchased":["Membership Card","Deadly Poison","Sling","Blood Vial","Dagger Spray"],"campfire_rested":0,"item_purchase_floors":[4,4,14,14,14],"current_hp_per_floor":[75,64,64,64,64,50,50,50,50,50,22,18,18,18,18,0],"gold":2,"neow_bonus":"THREE_SMALL_POTIONS","is_prod":false,"is_daily":false,"chose_seed":false,"campfire_upgraded":2,"win_rate":0,"timestamp":1570852814,"path_taken":["M","?","?","$","M","E","R","M","T","M","E","?","?","$","R","BOSS"],"build_version":"2019-10-11","purchased_purges":1,"victory":false,"max_hp_per_floor":[75,75,75,75,75,75,75,75,75,75,75,75,75,75,75,75],"card_choices":[{"not_picked":["Expertise","Prepared"],"picked":"All Out Attack","floor":1},{"not_picked":["Slice","Outmaneuver"],"picked":"PiercingWail","floor":5},{"not_picked":["Backflip","Choke"],"picked":"Backstab","floor":6},{"not_picked":["Outmaneuver","Sucker Punch","Acrobatics"],"picked":"SKIP","floor":8},{"not_picked":["Poisoned Stab","Cloak And Dagger"],"picked":"Deadly Poison","floor":10},{"not_picked":["Quick Slash","Heel Hook"],"picked":"Deflect","floor":11},{"not_picked":["Caltrops","Flechettes"],"picked":"Skewer","floor":12}],"player_experience":514632,"relics_obtained":[{"floor":6,"key":"Potion Belt"},{"floor":9,"key":"Pen Nib"},{"floor":11,"key":"Pantograph"}],"event_choices":[{"damage_healed":0,"gold_gain":75,"player_choice":"Gather Gold","damage_taken":11,"max_hp_gain":0,"max_hp_loss":0,"event_name":"World of Goop","floor":2,"gold_loss":0},{"cards_removed":["Strike_G"],"damage_healed":0,"gold_gain":0,"player_choice":"Purged","damage_taken":0,"max_hp_gain":0,"max_hp_loss":0,"event_name":"Purifier","floor":3,"gold_loss":0},{"damage_healed":0,"gold_gain":0,"player_choice":"Box","damage_taken":0,"relics_obtained":["Centennial Puzzle"],"max_hp_gain":0,"max_hp_loss":0,"event_name":"Big Fish","floor":13,"gold_loss":0,"cards_obtained":["Regret"]}],"is_beta":true,"boss_relics":[],"items_purged_floors":[14],"is_endless":false,"potions_floor_spawned":[5,8],"killed_by":"Slime Boss","ascension_level":2}