{"gold_per_floor":[117,117,134,153,153,179,179,189,189,189,189,215,248,262,262,336,386,404,679,689,22,22,22,22,22,22,35,35,64,11,22,22,99,99,111,11,11,27,27,27,38,38,38,49,66,81,99,99,99,99,99],"floor_reached":51,"playtime":2302,"items_purged":["Regret","Shame"],"score":1454,"play_id":"e74b5105-d840-475f-a43e-a7ed9c249c02","local_time":"20190308221704","is_ascension_mode":true,"campfire_choices":[{"data":"Steam","floor":7.0,"key":"SMITH"},{"floor":10.0,"key":"REST"},{"data":"Scrape","floor":15.0,"key":"SMITH"},{"data":"Coolheaded","floor":23.0,"key":"SMITH"},{"floor":32.0,"key":"REST"},{"floor":40.0,"key":"REST"},{"floor":42.0,"key":"RECALL"},{"data":"Machine Learning","floor":49.0,"key":"SMITH"}],"neow_cost":"NONE","seed_source_timestamp":1763012383997397,"circlet_count":0,"master_deck":["AscendersBane","Strike_B+1","Strike_B+1","Strike_B+1","Strike_B+1","Defend_B+1","Defend_B+1","Defend_B+1","Defend_B+1","Dualcast+1","Gash","Cold Snap","Conserve Battery","Steam+1","Steam","Ball Lightning","Scrape+1","Glacier","Steam","BootSequence","Echo Form","Gash","Coolheaded+1","Gash","Capacitor","Tempest+1","Echo Form","Scrape+1","Cold Snap","Chill","Chill","Hologram","Glacier+1","Conserve Battery","Gash","Coolheaded","Gash","White Noise+1","Machine Learning+1","Rebound+1","Gash","Stack+1","Stack","Capacitor+1","Steam+1","Steam","Parasite"],"special_seed":0,"relics":["Cracked Core","NeowsBlessing","Prayer Wheel","Gremlin Horn","Mercury Hourglass","Odd Mushroom","Incense Burner","Tiny House","DollysMirror","Potion Belt","Pen Nib","StoneCalendar","Dream Catcher","Busted Crown"],"potions_floor_usage":[50,51],"damage_taken":[{"damage":0.0,"enemies":"2 Louse","floor":1.0,"turns":1.0},{"damage":0.0,"enemies":"Cultist","floor":3.0,"turns":1.0},{"damage":0.0,"enemies":"Small Slimes","floor":4.0,"turns":1.0},{"damage":28.0,"enemies":"3 Sentries","floor":6.0,"turns":16.0},{"damage":4.0,"enemies":"Looter","floor":8.0,"turns":3.0},{"damage":3.0,"enemies":"The Mushroom Lair","floor":12.0,"turns":4.0},{"damage":13.0,"enemies":"Lagavulin","floor":13.0,"turns":6.0},{"damage":0.0,"enemies":"Large Slime","floor":14.0,"turns":6.0},{"damage":0.0,"enemies":"The Guardian","floor":16.0,"turns":10.0},{"damage":0.0,"enemies":"3 Byrds","floor":18.0,"turns":3.0},{"damage":13.0,"enemies":"Shell Parasite","floor":20.0,"turns":5.0},{"damage":0.0,"enemies":"Centurion and Healer","floor":27.0,"turns":6.0},{"damage":22.0,"enemies":"Book of Stabbing","floor":29.0,"turns":5.0},{"damage":0.0,"enemies":"3 Cultists","floor":31.0,"turns":6.0},{"damage":50.0,"enemies":"Collector","floor":33.0,"turns":10.0},{"damage":5.0,"enemies":"3 Darklings","floor":35.0,"turns":7.0},{"damage":0.0,"enemies":"3 Shapes","floor":38.0,"turns":7.0},{"damage":0.0,"enemies":"3 Darklings","floor":41.0,"turns":3.0},{"damage":15.0,"enemies":"Jaw Worm Horde","floor":44.0,"turns":4.0},{"damage":12.0,"enemies":"Transient","floor":45.0,"turns":6.0},{"damage":0.0,"enemies":"Writhing Mass","floor":46.0,"turns":6.0},{"damage":0.0,"enemies":"Sphere and 2 Shapes","floor":47.0,"turns":7.0},{"damage":36,"enemies":"Time Eater","floor":50,"turns":12},{"damage":27,"enemies":"Awakened One","floor":51,"turns":2}],"seed_played":"-3763551764263069416","potions_obtained":[{"floor":1.0,"key":"FearPotion"},{"floor":3.0,"key":"Fire Potion"},{"floor":12.0,"key":"PowerPotion"},{"floor":14.0,"key":"Explosive Potion"},{"floor":16.0,"key":"Energy Potion"},{"floor":17.0,"key":"EssenceOfSteel"},{"floor":18.0,"key":"LiquidBronze"},{"floor":29.0,"key":"Swift Potion"},{"floor":41.0,"key":"Weak Potion"},{"floor":44.0,"key":"Fire Potion"},{"floor":46.0,"key":"EssenceOfSteel"},{"floor":47.0,"key":"Block Potion"}],"is_trial":false,"path_per_floor":["M","?","M","M","?","E","R","M","T","R","?","?","E","M","R","B",null,"M","?","M","$","?","R","?","?","T","M","$","E","$","M","R","B",null,"M","$","?","M","?","R","M","R","T","M","M","M","M","?","R","B","B"],"character_chosen":"DEFECT","items_purchased":["Echo Form","DollysMirror","Potion Belt","Cold Snap","Gash"],"campfire_rested":3,"item_purchase_floors":[21,21,21,21,30],"current_hp_per_floor":[64,64,64,64,64,36,36,32,32,53,53,50,37,37,37,37,68,68,68,55,55,55,55,55,55,55,55,55,33,33,33,55,5,58,53,53,53,53,42,64,64,64,64,49,37,37,37,62,62,26,0],"gold":99,"neow_bonus":"THREE_ENEMY_KILL","is_prod":false,"is_daily":false,"chose_seed":false,"campfire_upgraded":4,"win_rate":0,"timestamp":1552079824,"path_taken":["M","?","M","?","?","E","R","M","T","R","?","?","E","M","R","BOSS","M","?","?","$","?","R","?","?","T","M","?","E","$","M","R","BOSS","M","$","?","?","?","R","M","R","T","M","M","M","?","?","R","BOSS","BOSS"],"build_version":"2019-01-23","purchased_purges":2,"victory":false,"max_hp_per_floor":[71,71,71,71,71,71,71,71,71,71,71,71,71,71,71,71,76,76,76,76,76,76,76,76,76,76,76,76,76,76,76,76,76,76,76,76,76,76,76,76,76,76,76,76,76,76,76,62,62,62,62],"card_choices":[{"not_picked":["Fusion","Melter"],"picked":"Gash","floor":1.0},{"not_picked":["Double Energy","Doom and Gloom"],"picked":"Cold Snap","floor":3.0},{"not_picked":["Go for the Eyes","Streamline"],"picked":"Conserve Battery","floor":3.0},{"not_picked":["Chaos","Turbo"],"picked":"Steam","floor":4.0},{"not_picked":["Beam Cell","Rip and Tear"],"picked":"Steam","floor":4.0},{"not_picked":["Skim","Thunder Strike"],"picked":"Ball Lightning","floor":6.0},{"not_picked":["FTL","Barrage"],"picked":"Scrape","floor":8.0},{"not_picked":["Fusion","Hologram"],"picked":"Glacier","floor":8.0},{"not_picked":["Compile Driver","Melter"],"picked":"Steam","floor":12.0},{"not_picked":["Leap","Auto Shields"],"picked":"BootSequence","floor":13.0},{"not_picked":["Compile Driver","Melter"],"picked":"Sunder","floor":14.0},{"not_picked":["Streamline","Chaos","Redo"],"picked":"SKIP","floor":14.0},{"not_picked":["Seek","Biased Cognition"],"picked":"Echo Form","floor":16.0},{"not_picked":["Streamline","Barrage"],"picked":"Gash","floor":17.0},{"not_picked":["Genetic Algorithm","Beam Cell"],"picked":"Coolheaded","floor":18.0},{"not_picked":["Leap","Hologram"],"picked":"Gash","floor":18.0},{"not_picked":["Go for the Eyes","Leap"],"picked":"Capacitor","floor":20.0},{"not_picked":["Go for the Eyes","Rebound"],"picked":"Tempest+1","floor":20.0},{"not_picked":["Ball Lightning","Leap"],"picked":"Hologram","floor":27.0},{"not_picked":["Gash+1","Lockon"],"picked":"Glacier+1","floor":27.0},{"not_picked":["Meteor Strike","Stack"],"picked":"Conserve Battery","floor":29.0},{"not_picked":["Stack","Reinforced Body"],"picked":"Coolheaded","floor":31.0},{"not_picked":["Barrage","Steam"],"picked":"Gash","floor":31.0},{"not_picked":["Compile Driver","Steam"],"picked":"White Noise+1","floor":32.0},{"not_picked":["Reboot","Meteor Strike"],"picked":"Machine Learning","floor":33.0},{"not_picked":[],"picked":"Rebound+1","floor":35.0},{"not_picked":["Consume"],"picked":"SKIP","floor":35.0},{"not_picked":[],"picked":"Gash","floor":38.0},{"not_picked":["Turbo+1"],"picked":"SKIP","floor":38.0},{"not_picked":[],"picked":"Stack+1","floor":40.0},{"not_picked":[],"picked":"Stack","floor":41.0},{"not_picked":["Turbo"],"picked":"SKIP","floor":41.0},{"not_picked":[],"picked":"Capacitor+1","floor":44.0},{"not_picked":["Aggregate"],"picked":"SKIP","floor":44.0},{"not_picked":[],"picked":"Steam+1","floor":45.0},{"not_picked":[],"picked":"Steam","floor":45.0},{"not_picked":["Darkness"],"picked":"SKIP","floor":46.0},{"not_picked":["Barrage+1"],"picked":"SKIP","floor":46.0},{"not_picked":["Ball Lightning"],"picked":"SKIP","floor":47.0},{"not_picked":["BootSequence"],"picked":"SKIP","floor":47.0}],"player_experience":687908,"relics_obtained":[{"floor":6.0,"key":"Gremlin Horn"},{"floor":9.0,"key":"Mercury Hourglass"},{"floor":12.0,"key":"Odd Mushroom"},{"floor":13.0,"key":"Incense Burner"},{"floor":26.0,"key":"StoneCalendar"},{"floor":29.0,"key":"Dream Catcher"}],"event_choices":[{"damage_healed":0.0,"max_hp_gain":0.0,"max_hp_loss":0.0,"gold_gain":0.0,"event_name":"WeMeetAgain","player_choice":"Gave Potion","floor":2.0,"gold_loss":0.0,"damage_taken":0.0,"relics_obtained":["Prayer Wheel"]},{"damage_healed":0.0,"max_hp_gain":0.0,"max_hp_loss":0.0,"gold_gain":0.0,"event_name":"Scrap Ooze","player_choice":"Fled","floor":5.0,"gold_loss":0.0,"damage_taken":0.0},{"damage_healed":0.0,"max_hp_gain":0.0,"max_hp_loss":0.0,"gold_gain":0.0,"event_name":"Shining Light","player_choice":"Ignored","floor":11.0,"gold_loss":0.0,"damage_taken":0.0},{"damage_healed":0.0,"max_hp_gain":0.0,"max_hp_loss":0.0,"gold_gain":0.0,"event_name":"Mushrooms","player_choice":"Fought Mushrooms","floor":12.0,"gold_loss":0.0,"damage_taken":0.0},{"damage_healed":0.0,"max_hp_gain":0.0,"max_hp_loss":0.0,"gold_gain":275.0,"event_name":"Golden Shrine","player_choice":"Desecrate","floor":19.0,"gold_loss":0.0,"damage_taken":0.0,"cards_obtained":["Regret"]},{"damage_healed":0.0,"max_hp_gain":0.0,"max_hp_loss":0.0,"gold_gain":0.0,"event_name":"Back to Basics","player_choice":"Simplicity","floor":22.0,"gold_loss":0.0,"damage_taken":0.0,"cards_upgraded":["Strike_B","Strike_B","Strike_B","Strike_B","Defend_B","Defend_B","Defend_B","Defend_B"]},{"damage_healed":0.0,"max_hp_gain":0.0,"max_hp_loss":0.0,"gold_gain":0.0,"event_name":"Addict","player_choice":"Stole Relic","floor":24.0,"gold_loss":0.0,"damage_taken":0.0,"relics_obtained":["Pen Nib"],"cards_obtained":["Shame"]},{"damage_healed":0.0,"max_hp_gain":0.0,"max_hp_loss":0.0,"gold_gain":0.0,"cards_transformed":["Zap","Sunder"],"event_name":"Drug Dealer","player_choice":"Became Test Subject","floor":25.0,"gold_loss":0.0,"damage_taken":0.0,"cards_obtained":["Chill","Chill"]},{"damage_healed":0.0,"max_hp_gain":0.0,"max_hp_loss":0.0,"gold_gain":0.0,"event_name":"SecretPortal","player_choice":"Ignored","floor":37.0,"gold_loss":0.0,"damage_taken":0.0},{"damage_healed":0.0,"max_hp_gain":0.0,"max_hp_loss":0.0,"gold_gain":0.0,"event_name":"Wheel of Change","player_choice":"Damaged","floor":39.0,"gold_loss":0.0,"damage_taken":11.0},{"damage_healed":62.0,"max_hp_gain":0.0,"max_hp_loss":14.0,"gold_gain":0.0,"event_name":"The Moai Head","player_choice":"Heal","floor":48.0,"gold_loss":0.0,"damage_taken":0.0}],"is_beta":false,"boss_relics":[{"not_picked":["Calling Bell","Runic Pyramid"],"picked":"Tiny House"},{"not_picked":["Cursed Key","Snecko Eye"],"picked":"Busted Crown"}],"items_purged_floors":[21,36],"is_endless":false,"potions_floor_spawned":[1,3,12,14,16,18,20,29,41,44,46,47],"killed_by":"Awakened One","ascension_level":20}