{"gold_per_floor":[115,133,152,152,152,152,171,183,183,183,208,218,27,27],"floor_reached":14,"playtime":549,"items_purged":[],"score":166,"play_id":"6d6c6220-9f67-4aea-8d2e-7d3d861bbbc6","local_time":"20190617112804","is_ascension_mode":true,"campfire_choices":[{"data":"Bullet Time","floor":6,"key":"SMITH"}],"neow_cost":"NONE","seed_source_timestamp":31084952937400,"circlet_count":0,"master_deck":["AscendersBane","Defend_G","Defend_G","Defend_G","Defend_G","Defend_G","Strike_G","Strike_G","Strike_G","Strike_G","Survivor","Neutralize","Bullet Time+1","Deadly Poison","Flying Knee","Well Laid Plans","Finisher+1","Backflip","Endless Agony+1","Masterful Stab+1","Apotheosis"],"relics":["Ring of the Snake","Molten Egg 2","Shuriken","Bottled Tornado"],"potions_floor_usage":[11,11,12],"damage_taken":[{"damage":4,"enemies":"Cultist","floor":1,"turns":4},{"damage":0,"enemies":"2 Louse","floor":2,"turns":5},{"damage":3,"enemies":"Jaw Worm","floor":3,"turns":5},{"damage":15,"enemies":"Exordium Thugs","floor":7,"turns":7},{"damage":6,"enemies":"Large Slime","floor":8,"turns":8},{"damage":30,"enemies":"3 Sentries","floor":11,"turns":10},{"damage":10,"enemies":"3 Louse","floor":12,"turns":3},{"damage":12,"enemies":"Exordium Wildlife","floor":14,"turns":1}],"seed_played":"6606838626042467145","potions_obtained":[{"floor":7,"key":"LiquidBronze"},{"floor":8,"key":"LiquidBronze"},{"floor":11,"key":"Strength Potion"},{"floor":12,"key":"Ancient Potion"}],"is_trial":false,"path_per_floor":["M","M","M","?","T","R","M","M","T","?","E","M","$","M"],"character_chosen":"THE_SILENT","items_purchased":["Apotheosis"],"campfire_rested":0,"item_purchase_floors":[13],"current_hp_per_floor":[55,55,52,45,45,45,30,24,24,46,16,6,6,0],"gold":27,"neow_bonus":"ONE_RANDOM_RARE_CARD","is_prod":false,"is_daily":false,"chose_seed":false,"campfire_upgraded":1,"win_rate":0,"timestamp":1560763684,"path_taken":["M","?","M","?","?","R","M","?","T","?","E","M","$","M"],"build_version":"2019-01-23","purchased_purges":0,"victory":false,"max_hp_per_floor":[66,66,66,66,66,66,66,66,66,66,66,66,66,66],"card_choices":[{"not_picked":["Dodge and Roll","Bane"],"picked":"Deadly Poison","floor":1},{"not_picked":["Cloak And Dagger","Slice"],"picked":"Flying Knee","floor":2},{"not_picked":["Catalyst","Riddle With Holes"],"picked":"Well Laid Plans","floor":3},{"not_picked":["Deflect","PiercingWail"],"picked":"Finisher+1","floor":7},{"not_picked":["Cloak And Dagger","Acrobatics"],"picked":"Backflip","floor":8},{"not_picked":["Bane+1","Noxious Fumes"],"picked":"Endless Agony+1","floor":11},{"not_picked":["Bouncing Flask","All Out Attack+1"],"picked":"Masterful Stab+1","floor":12}],"player_experience":1393111,"relics_obtained":[{"floor":5,"key":"Molten Egg 2"},{"floor":9,"key":"Shuriken"},{"floor":11,"key":"Bottled Tornado"}],"event_choices":[{"cards_removed":["Strike_G"],"damage_healed":0,"gold_gain":0,"player_choice":"Card Removal","damage_taken":7,"max_hp_gain":0,"max_hp_loss":0,"event_name":"Golden Wing","floor":4,"gold_loss":0},{"damage_healed":22,"gold_gain":0,"player_choice":"Banana","damage_taken":0,"max_hp_gain":0,"max_hp_loss":0,"event_name":"Big Fish","floor":10,"gold_loss":0}],"is_beta":false,"boss_relics":[],"items_purged_floors":[],"is_endless":false,"potions_floor_spawned":[7,8,11,12],"killed_by":"Exordium Wildlife","ascension_level":16}