{"gold_per_floor":[117,133,147,36,51,51,51,51,51,51,85,85,85,103,103,232,232,253,266,266],"floor_reached":20,"playtime":691,"items_purged":["Strike_B"],"score":270,"play_id":"7d1beec3-ef41-456b-aa28-e6432d2f6f01","local_time":"20190217184518","is_ascension_mode":true,"campfire_choices":[{"data":"Zap","floor":6.0,"key":"SMITH"},{"data":"Self Repair","floor":8.0,"key":"SMITH"},{"data":"Gash","floor":10.0,"key":"SMITH"},{"floor":15.0,"key":"REST"}],"neow_cost":"NONE","seed_source_timestamp":0,"circlet_count":0,"master_deck":["AscendersBane","Strike_B","Strike_B","Defend_B","Defend_B","Defend_B","Defend_B","Zap+1","Dualcast","Leap+1","Gash+1","Self Repair+1","Ball Lightning","Coolheaded+1","Injury","Storm","Multi-Cast","Hologram","Fusion+1"],"special_seed":0,"relics":["Cracked Core","WingedGreaves","Matryoshka","Golden Idol","Lizard Tail"],"potions_floor_usage":[20],"damage_taken":[{"damage":4.0,"enemies":"Jaw Worm","floor":1.0,"turns":4.0},{"damage":1.0,"enemies":"Small Slimes","floor":2.0,"turns":2.0},{"damage":6.0,"enemies":"2 Louse","floor":3.0,"turns":3.0},{"damage":13.0,"enemies":"Blue Slaver","floor":5.0,"turns":3.0},{"damage":26.0,"enemies":"3 Sentries","floor":11.0,"turns":9.0},{"damage":7.0,"enemies":"3 Louse","floor":14.0,"turns":3.0},{"damage":39.0,"enemies":"Slime Boss","floor":16.0,"turns":11.0},{"damage":16.0,"enemies":"Chosen","floor":18.0,"turns":6.0},{"damage":93,"enemies":"3 Byrds","floor":19,"turns":7},{"damage":18,"enemies":"Snake Plant","floor":20,"turns":2}],"seed_played":"-6714715880029696114","potions_obtained":[{"floor":2.0,"key":"Ancient Potion"},{"floor":14.0,"key":"Energy Potion"},{"floor":16.0,"key":"Strength Potion"}],"is_trial":false,"path_per_floor":["M","M","M","$","M","R","?","R","T","R","E","?","?","M","R","B",null,"M","M","M"],"character_chosen":"DEFECT","items_purchased":["Self Repair"],"campfire_rested":1,"item_purchase_floors":[4],"current_hp_per_floor":[71,70,64,64,58,58,51,51,51,51,35,19,19,22,46,17,66,60,18,0],"gold":266,"neow_bonus":"TEN_PERCENT_HP_BONUS","is_prod":false,"is_daily":false,"chose_seed":false,"campfire_upgraded":3,"win_rate":0,"timestamp":1550425518,"path_taken":["M","M","M","$","M","R","?","R","T","R","E","?","?","M","R","BOSS","M","M","M"],"build_version":"2019-01-23","purchased_purges":1,"victory":false,"max_hp_per_floor":[82,82,82,82,82,82,82,82,82,82,82,82,82,82,82,82,82,82,82,82],"card_choices":[{"not_picked":["Redo","Beam Cell"],"picked":"Leap","floor":1.0},{"not_picked":["Aggregate","Force Field","Blizzard"],"picked":"SKIP","floor":2.0},{"not_picked":["Aggregate","Hologram"],"picked":"Gash","floor":3.0},{"not_picked":["Cold Snap","Static Discharge"],"picked":"Ball Lightning","floor":5.0},{"not_picked":["Reboot","Compile Driver"],"picked":"Coolheaded","floor":11.0},{"not_picked":["Rip and Tear","Reprogram"],"picked":"Storm","floor":14.0},{"not_picked":["Thunder Strike","Reboot"],"picked":"Multi-Cast","floor":16.0},{"not_picked":["Leap","Streamline"],"picked":"Hologram","floor":18.0},{"not_picked":["Cold Snap","Compile Driver"],"picked":"Fusion+1","floor":19}],"player_experience":789010,"relics_obtained":[{"floor":9.0,"key":"WingedGreaves"},{"floor":11.0,"key":"Matryoshka"}],"event_choices":[{"cards_removed":["Strike_B"],"damage_healed":0.0,"max_hp_gain":0.0,"max_hp_loss":0.0,"gold_gain":0.0,"event_name":"Golden Wing","player_choice":"Card Removal","floor":7.0,"gold_loss":0.0,"damage_taken":7.0},{"damage_healed":0.0,"max_hp_gain":0.0,"max_hp_loss":0.0,"gold_gain":0.0,"event_name":"Shining Light","player_choice":"Entered Light","floor":12.0,"gold_loss":0.0,"damage_taken":16.0,"cards_upgraded":["Coolheaded","Leap"]},{"damage_healed":0.0,"max_hp_gain":0.0,"max_hp_loss":0.0,"gold_gain":0.0,"event_name":"Golden Idol","player_choice":"Take Wound","floor":13.0,"gold_loss":0.0,"damage_taken":0.0,"relics_obtained":["Golden Idol"],"cards_obtained":["Injury"]}],"is_beta":false,"boss_relics":[{"not_picked":["Orrery","Busted Crown"],"picked":"Lizard Tail"}],"items_purged_floors":[4],"is_endless":false,"potions_floor_spawned":[2,14,16],"killed_by":"Snake Plant","ascension_level":11}