{"gold_per_floor":[212,212,212,212,223,223,8,8,31,31,60,77,77,112,112,213,213,225,225,237,255,28,28,28,28,28,28,38,52,52,68,68,167,167,187,41,41,58,58,0,13,13,82,82,93,13,13,33,33,33],"floor_reached":51,"playtime":1078,"items_purged":["Writhe","Strike_R"],"score":703,"play_id":"edb79ac7-af6a-429a-ad2e-a890470bd1c0","local_time":"20190102173450","is_ascension_mode":false,"campfire_choices":[{"data":"Trip","floor":6.0,"key":"SMITH"},{"data":"Carnage","floor":8.0,"key":"SMITH"},{"data":"Whirlwind","floor":10.0,"key":"SMITH"},{"data":"Uppercut","floor":13.0,"key":"SMITH"},{"data":"Bludgeon","floor":15.0,"key":"SMITH"},{"data":"Body Slam","floor":23.0,"key":"SMITH"},{"data":"True Grit","floor":30.0,"key":"SMITH"},{"floor":32.0,"key":"REST"},{"floor":42.0,"key":"REST"},{"data":"Double Tap","floor":44.0,"key":"SMITH"},{"data":"Evolve","floor":47.0,"key":"SMITH"},{"floor":49.0,"key":"REST"}],"neow_cost":"NONE","seed_source_timestamp":979805240597680,"circlet_count":0,"master_deck":["Strike_R","Strike_R","Strike_R","Defend_R","Defend_R","Defend_R","Defend_R","Bash","Thunderclap","True Grit+1","Combust","Trip+1","Cleave","Whirlwind+1","Carnage+1","Shrug It Off","Bludgeon+1","Uppercut+1","Uppercut","Impervious","Body Slam+1","True Grit+1","Double Tap+1","Evolve+1","Madness","Madness"],"special_seed":0,"relics":["Black Blood","Lantern","Strawberry","Blood Vial","The Courier","Medical Kit","Singing Bowl","Busted Crown","Red Mask","Sundial"],"potions_floor_usage":[50,50,50],"damage_taken":[{"damage":2.0,"enemies":"Small Slimes","floor":1.0,"turns":4.0},{"damage":7.0,"enemies":"Cultist","floor":5.0,"turns":3.0},{"damage":17.0,"enemies":"Gremlin Nob","floor":11.0,"turns":3.0},{"damage":12.0,"enemies":"2 Louse","floor":12.0,"turns":2.0},{"damage":31.0,"enemies":"Lagavulin","floor":14.0,"turns":4.0},{"damage":47.0,"enemies":"The Guardian","floor":16.0,"turns":8.0},{"damage":12.0,"enemies":"2 Thieves","floor":18.0,"turns":3.0},{"damage":10.0,"enemies":"Chosen","floor":20.0,"turns":4.0},{"damage":48.0,"enemies":"Centurion and Healer","floor":21.0,"turns":7.0},{"damage":4.0,"enemies":"Chosen and Byrds","floor":28.0,"turns":4.0},{"damage":13.0,"enemies":"Sentry and Sphere","floor":29.0,"turns":4.0},{"damage":22.0,"enemies":"Snake Plant","floor":31.0,"turns":3.0},{"damage":59.0,"enemies":"Champ","floor":33.0,"turns":11.0},{"damage":11.0,"enemies":"3 Shapes","floor":35.0,"turns":5.0},{"damage":2.0,"enemies":"Orb Walker","floor":38.0,"turns":2.0},{"damage":36.0,"enemies":"Sphere and 2 Shapes","floor":41.0,"turns":5.0},{"damage":35.0,"enemies":"Spire Growth","floor":45.0,"turns":4.0},{"damage":52.0,"enemies":"Writhing Mass","floor":48.0,"turns":6.0},{"damage":69,"enemies":"Donu and Deca","floor":50,"turns":11}],"seed_played":"-376545293130077400","potions_obtained":[{"floor":14.0,"key":"Energy Potion"},{"floor":16.0,"key":"Poison Potion"},{"floor":27.0,"key":"Fire Potion"},{"floor":28.0,"key":"PowerPotion"},{"floor":29.0,"key":"Block Potion"},{"floor":38.0,"key":"Poison Potion"},{"floor":45.0,"key":"LiquidBronze"}],"is_trial":false,"path_per_floor":["M","?","?","?","M","R","$","R","T","R","E","M","R","E","R","B",null,"M","?","M","M","$","R","?","?","T","?","M","M","R","M","R","B",null,"M","$","?","M","?","?","M","R","T","R","M","$","R","M","R","B",null],"character_chosen":"IRONCLAD","items_purchased":["Whirlwind","Carnage","Shrug It Off","Medical Kit","Evolve","SkillPotion","Dexterity Potion"],"campfire_rested":3,"item_purchase_floors":[7,7,7,22,36,46,46],"current_hp_per_floor":[80,80,85,85,84,84,84,84,84,84,80,74,74,49,49,10,92,90,90,92,54,54,54,54,54,54,54,64,65,65,57,86,39,98,99,99,101,104,91,91,69,100,100,100,79,79,79,41,74,17],"gold":33,"neow_bonus":"HUNDRED_GOLD","is_prod":false,"is_daily":false,"chose_seed":false,"campfire_upgraded":9,"win_rate":0,"timestamp":1546446890,"path_taken":["M","?","?","?","?","R","?","R","T","R","E","M","R","E","R","BOSS","M","?","M","M","$","R","?","?","T","?","?","M","R","M","R","BOSS","M","$","?","M","?","?","M","R","T","R","M","$","R","M","R","BOSS"],"build_version":"2018-12-20","purchased_purges":2,"victory":true,"max_hp_per_floor":[80,80,85,85,85,85,85,85,85,85,92,92,92,92,92,92,92,92,92,92,92,92,92,92,92,92,92,94,96,96,98,98,98,98,100,100,102,104,104,104,106,106,106,106,108,108,108,110,110,110],"card_choices":[{"not_picked":["Rupture","Headbutt"],"picked":"Thunderclap","floor":1.0},{"not_picked":["Twin Strike","Burning Pact"],"picked":"Cleave","floor":5.0},{"not_picked":["Battle Trance","Havoc"],"picked":"Bludgeon","floor":11.0},{"not_picked":["Dual Wield","Flex"],"picked":"Uppercut","floor":12.0},{"not_picked":["Twin Strike","Thunderclap"],"picked":"Uppercut","floor":14.0},{"not_picked":["Immolate","Berserk"],"picked":"Impervious","floor":16.0},{"not_picked":["Heavy Blade","Combust"],"picked":"Body Slam","floor":18.0},{"not_picked":["Havoc","Clash"],"picked":"True Grit+1","floor":20.0},{"not_picked":["True Grit+1","Armaments","Burning Pact"],"picked":"SKIP","floor":21.0},{"not_picked":["Pommel Strike","Dual Wield","Flex"],"picked":"Singing Bowl","floor":28.0},{"not_picked":["Flex","True Grit+1","Anger"],"picked":"Singing Bowl","floor":29.0},{"not_picked":["Pommel Strike","Sever Soul","Rampage"],"picked":"Singing Bowl","floor":31.0},{"not_picked":["Feed","Reaper"],"picked":"Double Tap","floor":33.0},{"not_picked":["Reckless Charge+1"],"picked":"Singing Bowl","floor":35.0},{"not_picked":["Dark Shackles"],"picked":"Singing Bowl","floor":37.0},{"not_picked":["Dropkick+1"],"picked":"Singing Bowl","floor":38.0},{"not_picked":["True Grit"],"picked":"Singing Bowl","floor":41.0},{"not_picked":["Armaments"],"picked":"Singing Bowl","floor":45.0},{"not_picked":["Searing Blow"],"picked":"Singing Bowl","floor":48.0}],"player_experience":564637,"relics_obtained":[{"floor":9.0,"key":"Lantern"},{"floor":11.0,"key":"Strawberry"},{"floor":14.0,"key":"Blood Vial"},{"floor":26.0,"key":"Singing Bowl"},{"floor":43.0,"key":"Sundial"}],"event_choices":[{"damage_healed":0.0,"max_hp_gain":0.0,"max_hp_loss":0.0,"gold_gain":0.0,"cards_transformed":["Strike_R"],"event_name":"Living Wall","player_choice":"Change","floor":2.0,"gold_loss":0.0,"damage_taken":0.0,"cards_obtained":["True Grit"]},{"damage_healed":0.0,"max_hp_gain":5.0,"max_hp_loss":0.0,"gold_gain":0.0,"event_name":"Big Fish","player_choice":"Donut","floor":3.0,"gold_loss":0.0,"damage_taken":0.0},{"damage_healed":0.0,"max_hp_gain":0.0,"max_hp_loss":0.0,"gold_gain":0.0,"event_name":"Match and Keep!","player_choice":"2 cards matched","floor":4.0,"gold_loss":0.0,"damage_taken":0.0,"cards_obtained":["Combust","Trip"]},{"damage_healed":0.0,"max_hp_gain":0.0,"max_hp_loss":0.0,"gold_gain":0.0,"event_name":"The Mausoleum","player_choice":"Opened","floor":19.0,"gold_loss":0.0,"damage_taken":0.0,"relics_obtained":["The Courier"],"cards_obtained":["Writhe"]},{"damage_healed":0.0,"max_hp_gain":0.0,"max_hp_loss":0.0,"gold_gain":0.0,"event_name":"Ghosts","player_choice":"Ignored","floor":24.0,"gold_loss":0.0,"damage_taken":0.0},{"damage_healed":0.0,"max_hp_gain":0.0,"max_hp_loss":0.0,"gold_gain":0.0,"event_name":"Beggar","player_choice":"Ignored","floor":25.0,"gold_loss":0.0,"damage_taken":0.0},{"damage_healed":0.0,"max_hp_gain":0.0,"max_hp_loss":0.0,"gold_gain":0.0,"event_name":"Lab","player_choice":"Got Potions","floor":27.0,"gold_loss":0.0,"damage_taken":0.0},{"damage_healed":0.0,"max_hp_gain":0.0,"max_hp_loss":0.0,"gold_gain":0.0,"event_name":"SensoryStone","player_choice":"Memory 1","floor":37.0,"gold_loss":0.0,"damage_taken":0.0},{"damage_healed":0.0,"max_hp_gain":0.0,"max_hp_loss":0.0,"gold_gain":0.0,"event_name":"Winding Halls","player_choice":"Embrace Madness","floor":39.0,"gold_loss":0.0,"damage_taken":13.0,"cards_obtained":["Madness","Madness"]},{"damage_healed":0.0,"max_hp_gain":0.0,"max_hp_loss":0.0,"gold_gain":0.0,"event_name":"Tomb of Lord Red Mask","player_choice":"Paid","floor":40.0,"gold_loss":58.0,"damage_taken":0.0,"relics_obtained":["Red Mask"]}],"is_beta":false,"boss_relics":[{"not_picked":["Empty Cage","Pandora\u0027s Box"],"picked":"Black Blood"},{"not_picked":["Eternal Feather","Cursed Key"],"picked":"Busted Crown"}],"items_purged_floors":[22,36],"is_endless":false,"potions_floor_spawned":[14,16,28,29,38,45],"ascension_level":0}