{"gold_per_floor":[111,36,54,329,345,345,373,392,392,392,392,392,28,46,46,46],"floor_reached":16,"playtime":580,"items_purged":["Strike_G","Strike_G"],"score":180,"play_id":"be094ed9-618e-4ca6-a57e-3c903954db9d","local_time":"20190609140639","is_ascension_mode":true,"campfire_choices":[{"data":"Bullet Time","floor":6,"key":"SMITH"},{"floor":10,"key":"REST"},{"floor":12,"key":"REST"},{"data":"Noxious Fumes","floor":15,"key":"SMITH"}],"neow_cost":"NONE","seed_source_timestamp":206905623641600,"circlet_count":0,"master_deck":["AscendersBane","Defend_G","Defend_G","Defend_G","Defend_G","Defend_G","Strike_G","Strike_G","Strike_G","Survivor","Neutralize","Bullet Time+1","Backflip","Noxious Fumes+1","PiercingWail","Dagger Throw","Flying Knee","Wraith Form v2"],"relics":["Ring of the Snake","The Specimen","Dodecahedron","Letter Opener"],"potions_floor_usage":[7,7,16],"damage_taken":[{"damage":0,"enemies":"2 Louse","floor":1,"turns":3},{"damage":1,"enemies":"Cultist","floor":3,"turns":5},{"damage":5,"enemies":"Jaw Worm","floor":5,"turns":4},{"damage":23,"enemies":"3 Sentries","floor":7,"turns":7},{"damage":21,"enemies":"Red Slaver","floor":8,"turns":5},{"damage":0,"enemies":"Blue Slaver","floor":14,"turns":4},{"damage":54,"enemies":"Slime Boss","floor":16,"turns":10}],"seed_played":"-7308373331230348090","potions_obtained":[{"floor":3,"key":"AttackPotion"},{"floor":5,"key":"EssenceOfSteel"},{"floor":8,"key":"GamblersBrew"}],"is_trial":false,"path_per_floor":["M","$","M","?","M","R","E","M","T","R","?","R","$","M","R","B"],"character_chosen":"THE_SILENT","items_purchased":["Letter Opener"],"campfire_rested":2,"item_purchase_floors":[13],"current_hp_per_floor":[59,59,58,58,53,53,30,9,9,28,28,47,47,47,47,0],"gold":46,"neow_bonus":"ONE_RANDOM_RARE_CARD","is_prod":false,"is_daily":false,"chose_seed":false,"campfire_upgraded":2,"win_rate":0,"timestamp":1560081999,"path_taken":["M","$","M","?","?","R","E","?","T","R","?","R","$","M","R","BOSS"],"build_version":"2019-01-23","purchased_purges":2,"victory":false,"max_hp_per_floor":[66,66,66,66,66,66,66,66,66,66,66,66,66,66,66,66],"card_choices":[{"not_picked":["Dagger Throw","Bane"],"picked":"Backflip","floor":1},{"not_picked":["Reflex","Expertise"],"picked":"Noxious Fumes","floor":3},{"not_picked":["Outmaneuver","Blade Dance"],"picked":"PiercingWail","floor":5},{"not_picked":["Prepared","Cloak And Dagger"],"picked":"Dagger Throw","floor":7},{"not_picked":["Dagger Throw","Cloak And Dagger"],"picked":"Flying Knee","floor":8},{"not_picked":["Bouncing Flask","Backstab"],"picked":"Wraith Form v2","floor":14}],"player_experience":1254575,"relics_obtained":[{"floor":7,"key":"The Specimen"},{"floor":9,"key":"Dodecahedron"}],"event_choices":[{"damage_healed":0,"gold_gain":275,"player_choice":"Desecrate","damage_taken":0,"max_hp_gain":0,"max_hp_loss":0,"event_name":"Golden Shrine","floor":4,"gold_loss":0,"cards_obtained":["Regret"]},{"cards_removed":["Regret"],"damage_healed":0,"gold_gain":0,"player_choice":"Card Removal","damage_taken":0,"max_hp_gain":0,"max_hp_loss":0,"event_name":"Wheel of Change","floor":11,"gold_loss":0}],"is_beta":false,"boss_relics":[],"items_purged_floors":[2,13],"is_endless":false,"potions_floor_spawned":[3,5,8],"killed_by":"Slime Boss","ascension_level":16}