{"gold_per_floor":[112,112,112,127,146,146,180,180,180,26,26,26,39,69,69,69],"floor_reached":16,"playtime":326,"items_purged":["Strike_B"],"score":200,"play_id":"074def85-11d9-47ee-845d-45d119185bed","local_time":"20190722045437","is_ascension_mode":true,"campfire_choices":[{"data":"Zap","floor":6,"key":"SMITH"},{"data":"White Noise","floor":8,"key":"SMITH"},{"data":"Double Energy","floor":12,"key":"SMITH"},{"data":"Fusion","floor":15,"key":"SMITH"}],"neow_cost":"NONE","seed_source_timestamp":68892845029400,"circlet_count":0,"master_deck":["AscendersBane","Strike_B","Strike_B","Strike_B","Defend_B","Defend_B","Defend_B","Defend_B","Zap+1","Dualcast","Sunder+1","Redo","White Noise+1","Double Energy+1","Melter","Fusion+1","Core Surge"],"relics":["Cracked Core","NeowsBlessing","Question Card","Ornamental Fan","Turnip"],"potions_floor_usage":[14,14,16],"damage_taken":[{"damage":0,"enemies":"Jaw Worm","floor":1,"turns":1},{"damage":0,"enemies":"Cultist","floor":4,"turns":1},{"damage":0,"enemies":"Small Slimes","floor":5,"turns":1},{"damage":20,"enemies":"Lagavulin","floor":7,"turns":6},{"damage":15,"enemies":"Gremlin Gang","floor":13,"turns":3},{"damage":10,"enemies":"3 Sentries","floor":14,"turns":4},{"damage":43,"enemies":"Slime Boss","floor":16,"turns":5}],"seed_played":"-4874846655852702376","potions_obtained":[{"floor":1,"key":"Energy Potion"},{"floor":13,"key":"Swift Potion"},{"floor":14,"key":"Poison Potion"}],"is_trial":false,"path_per_floor":["M","$","?","M","M","R","E","R","T","$","?","R","M","E","R","B"],"character_chosen":"DEFECT","items_purchased":["Melter"],"campfire_rested":0,"item_purchase_floors":[10],"current_hp_per_floor":[64,64,71,71,71,71,51,51,51,51,51,51,36,26,26,0],"gold":69,"neow_bonus":"THREE_ENEMY_KILL","is_prod":false,"is_daily":false,"chose_seed":false,"campfire_upgraded":4,"win_rate":0,"timestamp":1563764077,"path_taken":["M","$","?","M","?","R","E","R","T","$","?","R","?","E","R","BOSS"],"build_version":"2019-07-17","purchased_purges":1,"victory":false,"max_hp_per_floor":[71,71,71,71,71,71,71,71,71,71,71,71,71,71,71,71],"card_choices":[{"not_picked":["Recycle","Coolheaded"],"picked":"Sunder","floor":1},{"not_picked":["Lockon","Steam"],"picked":"Redo","floor":4},{"not_picked":["Melter","Stack"],"picked":"White Noise","floor":5},{"not_picked":["Sweeping Beam","Force Field"],"picked":"Double Energy","floor":7},{"not_picked":["Chill","Coolheaded","Steam"],"picked":"Fusion","floor":13},{"not_picked":["Sunder","Compile Driver","Static Discharge"],"picked":"Core Surge","floor":14}],"player_experience":1734684,"relics_obtained":[{"floor":7,"key":"Question Card"},{"floor":9,"key":"Ornamental Fan"},{"floor":14,"key":"Turnip"}],"event_choices":[{"damage_healed":7,"gold_gain":0,"player_choice":"Full Heal","damage_taken":0,"max_hp_gain":0,"max_hp_loss":0,"event_name":"Wheel of Change","floor":3,"gold_loss":0},{"damage_healed":0,"gold_gain":0,"player_choice":"Upgraded","damage_taken":0,"max_hp_gain":0,"max_hp_loss":0,"event_name":"Upgrade Shrine","floor":11,"gold_loss":0,"cards_upgraded":["Sunder"]}],"is_beta":false,"boss_relics":[],"items_purged_floors":[10],"is_endless":false,"potions_floor_spawned":[1,13,14],"killed_by":"Slime Boss","ascension_level":17}