{"gold_per_floor":[111,111,111,111,124,151,151,177,177,191,191,209,209,238,238,340,340,324,324,66,86,86,117,117,117],"floor_reached":25,"playtime":1248,"items_purged":[],"score":308,"play_id":"eea3a838-94a4-4def-b313-feea6be1ba32","local_time":"20191011232939","is_ascension_mode":true,"campfire_choices":[{"floor":7,"key":"REST"},{"data":"Capacitor","floor":11,"key":"SMITH"},{"data":"Rainbow","floor":15,"key":"SMITH"},{"floor":24,"key":"REST"}],"neow_cost":"NONE","seed_source_timestamp":98017975873290,"circlet_count":0,"master_deck":["Strike_B","Strike_B+1","Defend_B","Defend_B","Defend_B","Defend_B","Zap+1","Dualcast","Rainbow+1","Capacitor+1","Coolheaded","Core Surge","Core Surge","Coolheaded","Compile Driver+1","Undo","Chaos","Machine Learning+1","Turbo"],"relics":["Snecko Eye","White Beast Statue","Meat on the Bone","Dream Catcher","Mummified Hand","Nuclear Battery","Frozen Egg 2","Shovel"],"potions_floor_usage":[10,14,16,23,25],"damage_taken":[{"damage":0,"enemies":"Cultist","floor":1,"turns":2},{"damage":8,"enemies":"Small Slimes","floor":5,"turns":4},{"damage":26,"enemies":"Gremlin Nob","floor":6,"turns":5},{"damage":8,"enemies":"Lagavulin","floor":8,"turns":5},{"damage":13,"enemies":"2 Louse","floor":10,"turns":2},{"damage":7,"enemies":"Red Slaver","floor":12,"turns":3},{"damage":24,"enemies":"3 Sentries","floor":14,"turns":9},{"damage":20,"enemies":"Hexaghost","floor":16,"turns":8},{"damage":43,"enemies":"2 Thieves","floor":18,"turns":4},{"damage":10,"enemies":"Chosen","floor":21,"turns":4},{"damage":15,"enemies":"Gremlin Leader","floor":23,"turns":9},{"damage":56,"enemies":"Book of Stabbing","floor":25,"turns":6}],"seed_played":"-4351381385214277784","potions_obtained":[{"floor":6,"key":"Ancient Potion"},{"floor":8,"key":"Explosive Potion"},{"floor":10,"key":"Fire Potion"},{"floor":12,"key":"FocusPotion"},{"floor":14,"key":"FocusPotion"},{"floor":16,"key":"FearPotion"},{"floor":23,"key":"Dexterity Potion"}],"is_trial":false,"path_per_floor":["M","$","?","?","M","E","R","E","T","M","R","M","?","E","R","B",null,"M","?","$","M","?","E","R","E"],"character_chosen":"DEFECT","items_purchased":["Frozen Egg 2"],"campfire_rested":2,"item_purchase_floors":[20],"current_hp_per_floor":[68,68,53,53,45,19,41,33,33,32,32,37,62,38,38,30,64,33,33,33,35,35,32,54,0],"gold":117,"neow_bonus":"BOSS_RELIC","is_prod":false,"is_daily":false,"chose_seed":false,"campfire_upgraded":2,"win_rate":0,"timestamp":1570850979,"path_taken":["M","?","?","?","M","E","R","E","T","?","R","M","?","E","R","BOSS","M","?","$","M","?","E","R","E"],"build_version":"2019-10-11","purchased_purges":0,"victory":false,"max_hp_per_floor":[75,75,75,75,75,75,75,75,75,75,75,75,75,75,75,75,75,75,75,75,75,75,75,75,75],"card_choices":[{"not_picked":["Rebound","Steam","Rip and Tear"],"picked":"SKIP","floor":1},{"not_picked":["Scrape","Gash","Steam"],"picked":"SKIP","floor":5},{"not_picked":["Redo","Hologram","Rip and Tear"],"picked":"SKIP","floor":6},{"not_picked":["Gash","Rebound"],"picked":"Capacitor","floor":8},{"not_picked":["Streamline","Beam Cell","Conserve Battery"],"picked":"SKIP","floor":10},{"not_picked":["Lockon","Steam Power"],"picked":"Coolheaded","floor":12},{"not_picked":["Conserve Battery","Hologram"],"picked":"Core Surge","floor":14},{"not_picked":["Multi-Cast","Rainbow"],"picked":"Core Surge","floor":16},{"not_picked":["Blizzard+1","Beam Cell+1"],"picked":"Coolheaded","floor":18},{"not_picked":["Barrage","Rebound"],"picked":"Compile Driver+1","floor":21},{"not_picked":["Fusion","Multi-Cast"],"picked":"Machine Learning+1","floor":23},{"not_picked":["Stack","Skim"],"picked":"Turbo","floor":24}],"player_experience":512175,"relics_obtained":[{"floor":6,"key":"White Beast Statue"},{"floor":8,"key":"Meat on the Bone"},{"floor":9,"key":"Dream Catcher"},{"floor":14,"key":"Mummified Hand"},{"floor":23,"key":"Shovel"}],"event_choices":[{"damage_healed":0,"gold_gain":0,"player_choice":"Entered Light","damage_taken":15,"max_hp_gain":0,"max_hp_loss":0,"event_name":"Shining Light","floor":3,"gold_loss":0,"cards_upgraded":["Strike_B","Zap"]},{"damage_healed":0,"gold_gain":0,"player_choice":"1 cards matched","damage_taken":0,"max_hp_gain":0,"max_hp_loss":0,"event_name":"Match and Keep!","floor":4,"gold_loss":0,"cards_obtained":["Rainbow"]},{"damage_healed":25,"gold_gain":0,"player_choice":"Banana","damage_taken":0,"max_hp_gain":0,"max_hp_loss":0,"event_name":"Big Fish","floor":13,"gold_loss":0},{"damage_healed":0,"gold_gain":0,"player_choice":"Ignored","damage_taken":0,"max_hp_gain":0,"max_hp_loss":0,"event_name":"Vampires","floor":19,"gold_loss":0},{"damage_healed":0,"gold_gain":0,"cards_transformed":["Strike_B","Strike_B"],"player_choice":"Became Test Subject","damage_taken":0,"max_hp_gain":0,"max_hp_loss":0,"event_name":"Drug Dealer","floor":22,"gold_loss":0,"cards_obtained":["Undo","Chaos"]}],"is_beta":true,"boss_relics":[{"not_picked":["Ectoplasm","SacredBark"],"picked":"Nuclear Battery"}],"items_purged_floors":[],"is_endless":false,"potions_floor_spawned":[6,8,10,12,14,16,18,21,23],"killed_by":"Book of Stabbing","ascension_level":6}