{"gold_per_floor":[218,232,249,269,224,224,21,21,96,96,96,17,49,66,66,66],"floor_reached":16,"playtime":551,"items_purged":["Strike_B"],"score":180,"play_id":"073b7ecd-85f0-44df-806a-3146e968c319","local_time":"20190623161057","is_ascension_mode":true,"campfire_choices":[{"data":"Zap","floor":6,"key":"SMITH"},{"data":"Conserve Battery","floor":8,"key":"SMITH"},{"data":"Static Discharge","floor":10,"key":"SMITH"},{"floor":15,"key":"REST"}],"neow_cost":"NONE","seed_source_timestamp":489608946644400,"circlet_count":0,"master_deck":["AscendersBane","Strike_B","Strike_B","Defend_B","Defend_B","Defend_B","Defend_B","Zap+1","Dualcast","Auto Shields","Coolheaded","Conserve Battery+1","Self Repair","Static Discharge+1","Leap","Melter","Turbo","Chaos","Sunder","Cold Snap"],"relics":["Cracked Core","Dodecahedron","Bag of Preparation"],"potions_floor_usage":[16,16],"damage_taken":[{"damage":1,"enemies":"2 Louse","floor":1,"turns":3},{"damage":8,"enemies":"Jaw Worm","floor":2,"turns":4},{"damage":0,"enemies":"Cultist","floor":3,"turns":5},{"damage":2,"enemies":"2 Fungi Beasts","floor":4,"turns":5},{"damage":7,"enemies":"Looter","floor":5,"turns":5},{"damage":51,"enemies":"Gremlin Nob","floor":13,"turns":5},{"damage":2,"enemies":"Lots of Slimes","floor":14,"turns":4},{"damage":37,"enemies":"Slime Boss","floor":16,"turns":9}],"seed_played":"2491017251400701452","potions_obtained":[{"floor":1,"key":"Strength Potion"},{"floor":4,"key":"Strength Potion"}],"is_trial":false,"path_per_floor":["M","M","M","M","M","R","$","R","T","R","?","$","E","M","R","B"],"character_chosen":"DEFECT","items_purchased":["Leap","Melter","Chaos"],"campfire_rested":1,"item_purchase_floors":[7,7,12],"current_hp_per_floor":[63,55,55,53,53,53,53,53,53,53,53,53,9,14,35,0],"gold":66,"neow_bonus":"HUNDRED_GOLD","is_prod":false,"is_daily":false,"chose_seed":false,"campfire_upgraded":3,"win_rate":0,"timestamp":1561299057,"path_taken":["M","M","M","M","M","R","$","R","T","R","?","?","E","?","R","BOSS"],"build_version":"2019-01-23","purchased_purges":1,"victory":false,"max_hp_per_floor":[71,71,71,71,71,71,71,71,71,71,71,71,71,71,71,71],"card_choices":[{"not_picked":["Steam","Leap"],"picked":"Auto Shields","floor":1},{"not_picked":["Compile Driver","Hologram"],"picked":"Coolheaded","floor":2},{"not_picked":["Steam","Coolheaded"],"picked":"Conserve Battery","floor":3},{"not_picked":["Sweeping Beam","Turbo"],"picked":"Self Repair","floor":4},{"not_picked":["Barrage","Conserve Battery"],"picked":"Static Discharge","floor":5},{"not_picked":["Reboot","Streamline"],"picked":"Sunder","floor":13},{"not_picked":["Leap","Conserve Battery"],"picked":"Cold Snap","floor":14}],"player_experience":1460335,"relics_obtained":[{"floor":9,"key":"Dodecahedron"},{"floor":13,"key":"Bag of Preparation"}],"event_choices":[{"damage_healed":0,"gold_gain":0,"cards_transformed":["Strike_B"],"player_choice":"Change","damage_taken":0,"max_hp_gain":0,"max_hp_loss":0,"event_name":"Living Wall","floor":11,"gold_loss":0,"cards_obtained":["Turbo"]}],"is_beta":false,"boss_relics":[],"items_purged_floors":[7],"is_endless":false,"potions_floor_spawned":[1,4],"killed_by":"Slime Boss","ascension_level":16}