{"gold_per_floor":[20,20,170,220,34,34,45,45,98,128,128,128,161,178,178,253,253,268,34,70,70],"floor_reached":21,"playtime":676,"items_purged":["Doubt","Strike_B"],"score":333,"play_id":"3f6a11a9-f98b-4728-a732-ad5c0d0ad5ce","local_time":"20190614003858","is_ascension_mode":true,"campfire_choices":[{"data":"Storm","floor":6,"key":"SMITH"},{"data":"Ball Lightning","floor":8,"key":"SMITH"},{"floor":12,"key":"REST"},{"floor":15,"key":"REST"}],"neow_cost":"NO_GOLD","seed_source_timestamp":173882356609100,"circlet_count":0,"master_deck":["AscendersBane","Strike_B+1","Defend_B","Defend_B","Defend_B","Defend_B","Zap+1","Dualcast","Barrage","Storm+1","Leap","Ball Lightning+1","Consume","Coolheaded","Echo Form","Meteor Strike","Chaos","Magnetism","Recycle"],"relics":["Cracked Core","Smiling Mask","Art of War","Bag of Preparation","Empty Cage"],"potions_floor_usage":[13,16,16,18],"damage_taken":[{"damage":0,"enemies":"2 Louse","floor":1,"turns":2},{"damage":0,"enemies":"Cultist","floor":7,"turns":3},{"damage":26,"enemies":"3 Sentries","floor":10,"turns":6},{"damage":20,"enemies":"Lagavulin","floor":13,"turns":4},{"damage":2,"enemies":"Small Slimes","floor":14,"turns":3},{"damage":3,"enemies":"The Guardian","floor":16,"turns":10},{"damage":20,"enemies":"Spheric Guardian","floor":18,"turns":5},{"damage":9,"enemies":"Chosen","floor":20,"turns":6},{"damage":61,"enemies":"Sentry and Sphere","floor":21,"turns":5}],"seed_played":"-7568231375774280222","potions_obtained":[{"floor":10,"key":"SpeedPotion"},{"floor":11,"key":"SkillPotion"},{"floor":11,"key":"Energy Potion"},{"floor":14,"key":"Strength Potion"},{"floor":16,"key":"Regen Potion"}],"is_trial":false,"path_per_floor":["M","?","?","?","$","R","M","R","T","E","?","R","E","M","R","B",null,"M","$","M","M"],"character_chosen":"DEFECT","items_purchased":["Storm","Leap","Magnetism"],"campfire_rested":2,"item_purchase_floors":[5,5,19],"current_hp_per_floor":[78,52,52,44,44,44,44,44,44,18,18,43,23,21,46,43,75,67,67,58,0],"gold":70,"neow_bonus":"TWENTY_PERCENT_HP_BONUS","is_prod":false,"is_daily":false,"chose_seed":false,"campfire_upgraded":2,"win_rate":0,"timestamp":1560465538,"path_taken":["M","?","?","?","$","R","?","R","T","E","?","R","E","?","R","BOSS","M","$","?","M"],"build_version":"2019-01-23","purchased_purges":2,"victory":false,"max_hp_per_floor":[85,85,85,85,85,85,85,85,85,85,85,85,85,85,85,85,85,85,85,85,85],"card_choices":[{"not_picked":["Stack","Turbo"],"picked":"Barrage","floor":1},{"not_picked":["Hologram","Redo"],"picked":"Ball Lightning","floor":7},{"not_picked":["Leap","Hello World"],"picked":"Consume","floor":10},{"not_picked":["Redo","Reprogram"],"picked":"Coolheaded","floor":13},{"not_picked":["Double Energy","Leap"],"picked":"Echo Form","floor":14},{"not_picked":["Hyperbeam","Thunder Strike"],"picked":"Meteor Strike","floor":16},{"not_picked":["Coolheaded","Lockon"],"picked":"Chaos","floor":18},{"not_picked":["Streamline","Ball Lightning"],"picked":"Recycle","floor":20}],"player_experience":1333015,"relics_obtained":[{"floor":9,"key":"Smiling Mask"},{"floor":10,"key":"Art of War"},{"floor":13,"key":"Bag of Preparation"}],"event_choices":[{"damage_healed":0,"gold_gain":0,"player_choice":"Entered Light","damage_taken":26,"max_hp_gain":0,"max_hp_loss":0,"event_name":"Shining Light","floor":2,"gold_loss":0,"cards_upgraded":["Zap","Strike_B"]},{"damage_healed":0,"gold_gain":150,"player_choice":"AGREE","damage_taken":0,"max_hp_gain":0,"max_hp_loss":0,"event_name":"Liars Game","floor":3,"gold_loss":0,"cards_obtained":["Doubt"]},{"damage_healed":0,"gold_gain":50,"player_choice":"Touch","damage_taken":8,"max_hp_gain":0,"max_hp_loss":0,"event_name":"FaceTrader","floor":4,"gold_loss":0},{"damage_healed":0,"gold_gain":0,"player_choice":"Got Potions","damage_taken":0,"max_hp_gain":0,"max_hp_loss":0,"event_name":"Lab","floor":11,"gold_loss":0}],"is_beta":false,"boss_relics":[{"not_picked":["Orrery","Coffee Dripper"],"picked":"Empty Cage"}],"items_purged_floors":[5,19],"is_endless":false,"potions_floor_spawned":[10,14,16],"killed_by":"Sentry and Sphere","ascension_level":16}