{"gold_per_floor":[117,267,277,289,300,300,225,225,273,287,287,287,25,38,38,38],"floor_reached":16,"playtime":417,"items_purged":["Doubt","Strike_R"],"score":170,"play_id":"c380c95a-72dd-4ca4-bfc0-789cb0586024","local_time":"20190718232130","is_ascension_mode":true,"campfire_choices":[{"data":"Whirlwind","floor":6,"key":"SMITH"},{"data":"True Grit","floor":8,"key":"SMITH"},{"data":"Body Slam","floor":11,"key":"SMITH"},{"data":"Spot Weakness","floor":15,"key":"SMITH"}],"neow_cost":"NONE","seed_source_timestamp":528103794451400,"circlet_count":0,"master_deck":["AscendersBane","Strike_R","Strike_R+1","Strike_R+1","Strike_R","Defend_R","Defend_R","Defend_R","Defend_R","Bash+1","Body Slam+1","Spot Weakness+1","Whirlwind+1","True Grit+1","Pommel Strike","Offering","Uppercut","Body Slam"],"relics":["Burning Blood","Boot"],"potions_floor_usage":[16,16],"damage_taken":[{"damage":7,"enemies":"Jaw Worm","floor":1,"turns":4},{"damage":4,"enemies":"Small Slimes","floor":3,"turns":4},{"damage":7,"enemies":"Cultist","floor":4,"turns":4},{"damage":14,"enemies":"3 Louse","floor":5,"turns":3},{"damage":1,"enemies":"Exordium Wildlife","floor":10,"turns":2},{"damage":7,"enemies":"Exordium Thugs","floor":14,"turns":3},{"damage":44,"enemies":"Hexaghost","floor":16,"turns":9}],"seed_played":"2115719278058433498","potions_obtained":[{"floor":1,"key":"SteroidPotion"},{"floor":3,"key":"Weak Potion"},{"floor":10,"key":"Block Potion"}],"is_trial":false,"path_per_floor":["M","?","M","M","M","R","$","R","T","M","R","?","$","M","R","B"],"character_chosen":"IRONCLAD","items_purchased":["Offering","Uppercut"],"campfire_rested":0,"item_purchase_floors":[13,13],"current_hp_per_floor":[67,67,69,68,60,60,60,60,60,65,65,42,42,41,41,0],"gold":38,"neow_bonus":"UPGRADE_CARD","is_prod":false,"is_daily":false,"chose_seed":false,"campfire_upgraded":4,"win_rate":0,"timestamp":1563484890,"path_taken":["M","?","M","M","M","R","$","R","T","M","R","?","$","M","R","BOSS"],"build_version":"2019-07-17","purchased_purges":2,"victory":false,"max_hp_per_floor":[75,75,75,75,75,75,75,75,75,75,75,75,75,75,75,75],"card_choices":[{"not_picked":["Sever Soul","Sword Boomerang"],"picked":"Body Slam","floor":1},{"not_picked":["Anger","Havoc"],"picked":"Spot Weakness","floor":3},{"not_picked":["Pommel Strike","Headbutt"],"picked":"Whirlwind","floor":4},{"not_picked":["Armaments","Body Slam"],"picked":"True Grit","floor":5},{"not_picked":["Clothesline","Fire Breathing"],"picked":"Pommel Strike","floor":10},{"not_picked":["Perfected Strike","Clash"],"picked":"Body Slam","floor":14}],"player_experience":1682051,"relics_obtained":[{"floor":9,"key":"Boot"}],"event_choices":[{"damage_healed":0,"gold_gain":150,"player_choice":"AGREE","damage_taken":0,"max_hp_gain":0,"max_hp_loss":0,"event_name":"Liars Game","floor":2,"gold_loss":0,"cards_obtained":["Doubt"]},{"damage_healed":0,"gold_gain":0,"player_choice":"Entered Light","damage_taken":23,"max_hp_gain":0,"max_hp_loss":0,"event_name":"Shining Light","floor":12,"gold_loss":0,"cards_upgraded":["Strike_R","Strike_R"]}],"is_beta":false,"boss_relics":[],"items_purged_floors":[7,13],"is_endless":false,"potions_floor_spawned":[1,3,10,14],"killed_by":"Hexaghost","ascension_level":17}