{"gold_per_floor":[109,122,122,122,197,197,197,197,197,230,245,277,295,314,314,393,393,393,9,9,9,9,9,9,9,9,9,9,9],"floor_reached":29,"playtime":1102,"items_purged":["Strike_B"],"score":627,"play_id":"c6412fb4-c9c7-49ba-ae96-577b577abe10","local_time":"20190829040626","is_ascension_mode":true,"campfire_choices":[{"floor":6,"key":"REST"},{"data":"Conserve Battery","floor":8,"key":"SMITH"},{"floor":15,"key":"REST"},{"floor":23,"key":"REST"},{"floor":25,"key":"REST"},{"floor":28,"key":"REST"}],"neow_cost":"NONE","seed_source_timestamp":1292114419259700,"circlet_count":0,"master_deck":["AscendersBane","Strike_B","Strike_B","Strike_B+1","Defend_B","Defend_B","Defend_B","Defend_B","Zap+1","Dualcast+1","Conserve Battery+1","Sweeping Beam","Echo Form","Ball Lightning","Hologram","Sunder","Turbo","Seek","Coolheaded","Rainbow","Darkness","Gash","Steam Power+1","Redo"],"relics":["Cracked Core","NeowsBlessing","Cables","Ice Cream","Art of War","Ectoplasm","Bag of Preparation","Bag of Marbles","Frozen Egg 2"],"potions_floor_usage":[12,16,16,22,22],"damage_taken":[{"damage":0,"enemies":"Cultist","floor":1,"turns":1},{"damage":0,"enemies":"Small Slimes","floor":2,"turns":1},{"damage":0,"enemies":"Lagavulin","floor":10,"turns":1},{"damage":0,"enemies":"Jaw Worm","floor":11,"turns":3},{"damage":32,"enemies":"Gremlin Nob","floor":12,"turns":4},{"damage":0,"enemies":"Lots of Slimes","floor":13,"turns":2},{"damage":7,"enemies":"Gremlin Gang","floor":14,"turns":4},{"damage":0,"enemies":"Slime Boss","floor":16,"turns":6},{"damage":11,"enemies":"Spheric Guardian","floor":18,"turns":4},{"damage":5,"enemies":"Shell Parasite","floor":20,"turns":4},{"damage":25,"enemies":"Snake Plant","floor":21,"turns":5},{"damage":0,"enemies":"Centurion and Healer","floor":22,"turns":2},{"damage":17,"enemies":"Gremlin Leader","floor":24,"turns":7},{"damage":35,"enemies":"Snecko","floor":27,"turns":6},{"damage":34,"enemies":"Cultist and Chosen","floor":29,"turns":5}],"seed_played":"3805697858252313384","potions_obtained":[{"floor":10,"key":"SkillPotion"},{"floor":12,"key":"Weak Potion"},{"floor":13,"key":"GamblersBrew"},{"floor":14,"key":"AttackPotion"},{"floor":20,"key":"SmokeBomb"},{"floor":21,"key":"SteroidPotion"}],"is_trial":false,"path_per_floor":["M","M","$","?","?","R","?","R","T","E","M","E","M","M","R","B",null,"M","$","M","M","M","R","E","R","T","M","R","M"],"character_chosen":"DEFECT","items_purchased":["Bag of Preparation","Rainbow"],"campfire_rested":5,"item_purchase_floors":[19,19],"current_hp_per_floor":[64,64,64,43,32,53,53,53,53,53,53,21,21,14,35,35,62,51,51,46,21,21,42,25,46,46,11,32,0],"gold":9,"neow_bonus":"THREE_ENEMY_KILL","is_prod":false,"is_daily":false,"chose_seed":false,"campfire_upgraded":1,"win_rate":0,"timestamp":1567044386,"path_taken":["M","M","$","?","?","R","?","R","T","E","M","E","M","M","R","BOSS","M","$","M","M","?","R","E","R","T","M","R","?"],"build_version":"2019-07-17","purchased_purges":1,"victory":false,"max_hp_per_floor":[71,71,71,71,71,71,71,71,71,71,71,71,71,71,71,71,71,71,71,71,71,71,71,71,71,71,71,71,71],"card_choices":[{"not_picked":["Compile Driver","Coolheaded"],"picked":"Conserve Battery","floor":1},{"not_picked":["Beam Cell","Reprogram"],"picked":"Sweeping Beam","floor":2},{"not_picked":["Force Field","Seek"],"picked":"Echo Form","floor":10},{"not_picked":["Turbo","Hologram"],"picked":"Ball Lightning","floor":11},{"not_picked":["Stack","Turbo"],"picked":"Hologram","floor":12},{"not_picked":["Conserve Battery","Stack"],"picked":"Sunder","floor":13},{"not_picked":["Ball Lightning","Barrage"],"picked":"Turbo","floor":14},{"not_picked":["Creative AI","Fission"],"picked":"Seek","floor":16},{"not_picked":["Streamline","Turbo+1"],"picked":"Coolheaded","floor":18},{"not_picked":["Storm","Tempest"],"picked":"Darkness","floor":20},{"not_picked":["Sweeping Beam","Turbo"],"picked":"Gash","floor":21},{"not_picked":["Barrage","Sweeping Beam"],"picked":"Steam Power+1","floor":24},{"not_picked":["Multi-Cast","Hologram"],"picked":"Redo","floor":27}],"player_experience":1975516,"relics_obtained":[{"floor":9,"key":"Cables"},{"floor":10,"key":"Ice Cream"},{"floor":12,"key":"Art of War"},{"floor":24,"key":"Bag of Marbles"},{"floor":26,"key":"Frozen Egg 2"}],"event_choices":[{"damage_healed":0,"gold_gain":0,"player_choice":"Entered Light","damage_taken":21,"max_hp_gain":0,"max_hp_loss":0,"event_name":"Shining Light","floor":4,"gold_loss":0,"cards_upgraded":["Strike_B","Dualcast"]},{"damage_healed":0,"gold_gain":75,"player_choice":"Gather Gold","damage_taken":11,"max_hp_gain":0,"max_hp_loss":0,"event_name":"World of Goop","floor":5,"gold_loss":0},{"damage_healed":0,"gold_gain":0,"player_choice":"Upgraded","damage_taken":0,"max_hp_gain":0,"max_hp_loss":0,"event_name":"Upgrade Shrine","floor":7,"gold_loss":0,"cards_upgraded":["Zap"]}],"is_beta":false,"boss_relics":[{"not_picked":["Busted Crown","Tiny House"],"picked":"Ectoplasm"}],"items_purged_floors":[19],"is_endless":false,"potions_floor_spawned":[10,12,13,14,20,21,22],"killed_by":"Cultist and Chosen","ascension_level":18}