{"gold_per_floor":[115,115,17,37,53,53,68,98,124,155,209,209,209,236,236,236],"floor_reached":16,"playtime":761,"items_purged":["Pain"],"score":195,"play_id":"bf7586dd-c4ba-4f19-bb95-2378cdd40a08","local_time":"20190513232022","is_ascension_mode":true,"campfire_choices":[{"data":"Neutralize","floor":6,"key":"SMITH"},{"floor":12,"key":"REST"},{"data":"Noxious Fumes","floor":15,"key":"SMITH"}],"neow_cost":"NONE","seed_source_timestamp":1573922548444326,"circlet_count":0,"master_deck":["AscendersBane","Defend_G","Defend_G","Defend_G","Defend_G","Defend_G","Strike_G","Strike_G","Strike_G+1","Strike_G+1","Strike_G","Survivor","Neutralize+1","Dagger Spray","Quick Slash","Backstab","PiercingWail","Heel Hook","Blade Dance","Choke","Noxious Fumes+1"],"relics":["Ring of the Snake","Whetstone","WarpedTongs","Boot","Juzu Bracelet","Regal Pillow","Strawberry","Vajra"],"potions_floor_usage":[10,16],"damage_taken":[{"damage":0,"enemies":"Jaw Worm","floor":1,"turns":3},{"damage":0,"enemies":"Cultist","floor":4,"turns":3},{"damage":0,"enemies":"Small Slimes","floor":5,"turns":2},{"damage":1,"enemies":"Exordium Thugs","floor":7,"turns":4},{"damage":41,"enemies":"Lagavulin","floor":8,"turns":6},{"damage":12,"enemies":"Gremlin Nob","floor":10,"turns":4},{"damage":19,"enemies":"3 Sentries","floor":14,"turns":6},{"damage":47,"enemies":"Slime Boss","floor":16,"turns":7}],"seed_played":"3384032995704418680","potions_obtained":[{"floor":1,"key":"Dexterity Potion"},{"floor":4,"key":"Strength Potion"}],"is_trial":false,"path_per_floor":["M","?","$","M","M","R","M","E","T","E","T","R","?","E","R","B"],"character_chosen":"THE_SILENT","items_purchased":["Quick Slash"],"campfire_rested":1,"item_purchase_floors":[3],"current_hp_per_floor":[63,63,63,63,63,63,62,21,21,9,16,54,59,40,40,0],"gold":236,"neow_bonus":"RANDOM_COMMON_RELIC","is_prod":false,"is_daily":false,"chose_seed":false,"campfire_upgraded":2,"win_rate":0,"timestamp":1557786022,"path_taken":["M","?","$","M","?","R","M","E","T","E","?","R","?","E","R","BOSS"],"build_version":"2019-01-23","purchased_purges":1,"victory":false,"max_hp_per_floor":[70,70,70,70,70,70,70,70,70,70,77,77,82,82,82,82],"card_choices":[{"not_picked":["Eviscerate","Outmaneuver"],"picked":"Dagger Spray","floor":1},{"not_picked":["Slice","Cloak And Dagger"],"picked":"Backstab","floor":4},{"not_picked":["Dagger Throw","Sucker Punch"],"picked":"PiercingWail","floor":5},{"not_picked":["Deflect","Flechettes"],"picked":"Heel Hook","floor":7},{"not_picked":["Expertise","Quick Slash"],"picked":"Blade Dance","floor":8},{"not_picked":["Blade Dance","Leg Sweep"],"picked":"Choke","floor":10},{"not_picked":["Night Terror","Sucker Punch"],"picked":"Noxious Fumes","floor":14}],"player_experience":1016697,"relics_obtained":[{"floor":8,"key":"Boot"},{"floor":9,"key":"Juzu Bracelet"},{"floor":10,"key":"Regal Pillow"},{"floor":11,"key":"Strawberry"},{"floor":14,"key":"Vajra"}],"event_choices":[{"damage_healed":0,"gold_gain":0,"player_choice":"Rummage","damage_taken":0,"relics_obtained":["WarpedTongs"],"max_hp_gain":0,"max_hp_loss":0,"event_name":"Accursed Blacksmith","floor":2,"gold_loss":0,"cards_obtained":["Pain"]},{"damage_healed":0,"gold_gain":0,"player_choice":"Donut","damage_taken":0,"max_hp_gain":5,"max_hp_loss":0,"event_name":"Big Fish","floor":13,"gold_loss":0}],"is_beta":false,"boss_relics":[],"items_purged_floors":[3],"is_endless":false,"potions_floor_spawned":[1,4],"killed_by":"Slime Boss","ascension_level":13}