{"gold_per_floor":[111,111,111,12,22,22,42,42,66,66,66,89,89,108,108,228,228],"floor_reached":17,"playtime":634,"items_purged":["Strike_G"],"score":145,"play_id":"e03b6ce1-6cdb-4146-bcc8-63d1f82029c3","local_time":"20191010123027","is_ascension_mode":false,"campfire_choices":[{"data":"Dagger Spray","floor":6.0,"key":"SMITH"},{"data":"Neutralize","floor":8.0,"key":"SMITH"},{"data":"Sucker Punch","floor":15.0,"key":"SMITH"}],"neow_cost":"NONE","seed_source_timestamp":0,"circlet_count":0,"master_deck":["Strike_G+1","Strike_G","Defend_G","Defend_G","Defend_G","Defend_G","Defend_G+1","Survivor","Neutralize+1","Quick Slash","Dagger Spray+1","Sucker Punch+1","Cloak And Dagger"],"special_seed":0,"relics":["Ring of the Snake","Orichalcum","Pen Nib","Golden Idol","Busted Crown"],"potions_floor_usage":[],"damage_taken":[{"damage":4.0,"enemies":"Jaw Worm","floor":1.0,"turns":7.0},{"damage":0.0,"enemies":"Small Slimes","floor":5.0,"turns":3.0},{"damage":0.0,"enemies":"Cultist","floor":7.0,"turns":3.0},{"damage":1.0,"enemies":"Looter","floor":12.0,"turns":3.0},{"damage":0.0,"enemies":"2 Fungi Beasts","floor":14.0,"turns":2.0},{"damage":27.0,"enemies":"Slime Boss","floor":16.0,"turns":10.0}],"seed_played":"-4701394624943671223","potions_obtained":[{"floor":7.0,"key":"Swift Potion"}],"is_trial":false,"path_per_floor":["M","?","?","$","M","R","M","R","T","?","?","M","?","M","R","B",null],"character_chosen":"THE_SILENT","items_purchased":["Dagger Spray"],"campfire_rested":0,"item_purchase_floors":[4],"current_hp_per_floor":[66,71,64,64,64,64,64,64,64,64,64,63,49,49,49,22,69],"gold":228,"neow_bonus":"RANDOM_COMMON_RELIC","is_prod":false,"is_daily":false,"chose_seed":false,"campfire_upgraded":3,"win_rate":0,"timestamp":1570735827,"path_taken":["M","?","?","$","M","R","M","R","T","?","?","M","?","M","R","BOSS"],"build_version":"2019-07-17","purchased_purges":1,"victory":false,"max_hp_per_floor":[70,75,75,75,75,75,75,75,75,69,69,69,69,69,69,69,69],"card_choices":[{"not_picked":["Slice","Eviscerate"],"picked":"Quick Slash","floor":1.0},{"not_picked":["Dagger Spray","Deflect","Deadly Poison"],"picked":"SKIP","floor":5.0},{"not_picked":["Crippling Poison","Deadly Poison","Tactician"],"picked":"SKIP","floor":7.0},{"not_picked":["Bane","Dagger Throw"],"picked":"Sucker Punch","floor":12.0},{"not_picked":["Bane","Eviscerate"],"picked":"Cloak And Dagger","floor":14.0}],"player_experience":388692,"relics_obtained":[{"floor":9.0,"key":"Pen Nib"}],"event_choices":[{"damage_healed":0.0,"max_hp_gain":5.0,"max_hp_loss":0.0,"gold_gain":0.0,"event_name":"Big Fish","player_choice":"Donut","floor":2.0,"gold_loss":0.0,"damage_taken":0.0},{"cards_removed":["Strike_G"],"damage_healed":0.0,"max_hp_gain":0.0,"max_hp_loss":0.0,"gold_gain":0.0,"event_name":"Golden Wing","player_choice":"Card Removal","floor":3.0,"gold_loss":0.0,"damage_taken":7.0},{"damage_healed":0.0,"max_hp_gain":0.0,"max_hp_loss":6.0,"gold_gain":0.0,"event_name":"Golden Idol","player_choice":"Lose Max HP","floor":10.0,"gold_loss":0.0,"damage_taken":0.0,"relics_obtained":["Golden Idol"]},{"cards_removed":["Strike_G"],"damage_healed":0.0,"max_hp_gain":0.0,"max_hp_loss":0.0,"gold_gain":0.0,"event_name":"Living Wall","player_choice":"Forget","floor":11.0,"gold_loss":0.0,"damage_taken":0.0},{"damage_healed":0.0,"max_hp_gain":0.0,"max_hp_loss":0.0,"gold_gain":0.0,"event_name":"Shining Light","player_choice":"Entered Light","floor":13.0,"gold_loss":0.0,"damage_taken":14.0,"cards_upgraded":["Defend_G","Strike_G"]}],"is_beta":false,"boss_relics":[{"not_picked":["Eternal Feather","Empty Cage"],"picked":"Busted Crown"}],"items_purged_floors":[4],"is_endless":false,"potions_floor_spawned":[7],"ascension_level":0}