{"gold_per_floor":[16,16,36,47,47,47,17,17,17,17,17,61,61,86,86,86],"floor_reached":16,"playtime":616,"items_purged":[],"score":172,"play_id":"5d92b484-5426-410e-9338-48df0e2a67d6","local_time":"20190514194050","is_ascension_mode":true,"campfire_choices":[{"data":"Neutralize","floor":6,"key":"SMITH"},{"data":"Flechettes","floor":8,"key":"SMITH"},{"data":"Dash","floor":11,"key":"SMITH"},{"data":"Well Laid Plans","floor":13,"key":"SMITH"},{"data":"Blade Dance","floor":15,"key":"SMITH"}],"neow_cost":"NO_GOLD","seed_source_timestamp":73639486667000,"circlet_count":0,"master_deck":["AscendersBane","Defend_G","Defend_G","Defend_G","Defend_G","Strike_G","Strike_G","Strike_G","Survivor","Neutralize+1","Well Laid Plans+1","Flechettes+1","Dodge and Roll","Blade Dance+1","Injury","Dash+1","Backflip","Choke"],"relics":["Ring of the Snake","Golden Idol","Matryoshka","PreservedInsect"],"potions_floor_usage":[7,16],"damage_taken":[{"damage":13,"enemies":"Jaw Worm","floor":1,"turns":6},{"damage":0,"enemies":"Small Slimes","floor":3,"turns":3},{"damage":1,"enemies":"Cultist","floor":4,"turns":4},{"damage":3,"enemies":"Looter","floor":7,"turns":4},{"damage":10,"enemies":"3 Sentries","floor":12,"turns":8},{"damage":0,"enemies":"3 Louse","floor":14,"turns":2},{"damage":34,"enemies":"Hexaghost","floor":16,"turns":15}],"seed_played":"5380683238988237994","potions_obtained":[{"floor":1,"key":"Weak Potion"},{"floor":14,"key":"Energy Potion"}],"is_trial":false,"path_per_floor":["M","?","M","M","?","R","M","R","T","$","R","E","R","M","R","B"],"character_chosen":"THE_SILENT","items_purchased":[],"campfire_rested":0,"item_purchase_floors":[],"current_hp_per_floor":[46,46,46,45,45,45,42,42,42,42,42,32,32,32,32,0],"gold":86,"neow_bonus":"REMOVE_TWO","is_prod":false,"is_daily":false,"chose_seed":false,"campfire_upgraded":5,"win_rate":0,"timestamp":1557855650,"path_taken":["M","?","M","M","?","R","M","R","T","?","R","E","R","?","R","BOSS"],"build_version":"2019-01-23","purchased_purges":0,"victory":false,"max_hp_per_floor":[66,66,66,66,66,66,66,66,66,66,66,66,66,66,66,66],"card_choices":[{"not_picked":["Poisoned Stab","Dagger Spray"],"picked":"Well Laid Plans","floor":1},{"not_picked":["Heel Hook","Underhanded Strike"],"picked":"Dodge and Roll","floor":3},{"not_picked":["Setup","Underhanded Strike"],"picked":"Blade Dance","floor":4},{"not_picked":["Well Laid Plans","Cloak And Dagger"],"picked":"Dash","floor":7},{"not_picked":["Malaise","Setup"],"picked":"Backflip","floor":12},{"not_picked":["Slice","Dodge and Roll"],"picked":"Choke","floor":14}],"player_experience":1087268,"relics_obtained":[{"floor":9,"key":"Matryoshka"},{"floor":12,"key":"PreservedInsect"}],"event_choices":[{"damage_healed":0,"gold_gain":0,"cards_transformed":["Strike_G"],"player_choice":"Change","damage_taken":0,"max_hp_gain":0,"max_hp_loss":0,"event_name":"Living Wall","floor":2,"gold_loss":0,"cards_obtained":["Flechettes"]},{"damage_healed":0,"gold_gain":0,"player_choice":"Take Wound","damage_taken":0,"relics_obtained":["Golden Idol"],"max_hp_gain":0,"max_hp_loss":0,"event_name":"Golden Idol","floor":5,"gold_loss":0,"cards_obtained":["Injury"]}],"is_beta":false,"boss_relics":[],"items_purged_floors":[],"is_endless":false,"potions_floor_spawned":[1,14],"killed_by":"Hexaghost","ascension_level":15}