{"gold_per_floor":[359,359,359,377,4,4,29,42,42,42,82,82,100,118,118,216,216,234,48,61,86,86,86,129,129,129,129,149,165,189,114,114,207,207,230,61,61,61,84,84,84,84,84,13,56,56,79,110,122,134],"floor_reached":51,"playtime":2658,"items_purged":["Doubt","Strike_R"],"score":1311,"play_id":"a5c39eef-205f-495f-8534-29486932153f","local_time":"20180923211111","is_ascension_mode":true,"campfire_choices":[{"floor":6,"key":"REST"},{"floor":10,"key":"REST"},{"data":"Apotheosis","floor":15,"key":"SMITH"},{"floor":23,"key":"REST"},{"floor":25,"key":"REST"},{"floor":27,"key":"REST"},{"data":"True Grit","floor":32,"key":"SMITH"},{"data":"Uppercut","floor":40,"key":"SMITH"},{"floor":46,"key":"DIG"},{"floor":49,"key":"REST"}],"neow_cost":"CURSE","seed_source_timestamp":174169212706422,"circlet_count":0,"master_deck":["Strike_R","Strike_R+1","Strike_R","Defend_R","Defend_R","Defend_R","Defend_R","Bash","AscendersBane","Evolve+1","Pommel Strike","Apotheosis+1","Anger","Power Through","Wild Strike","Headbutt","Cleave","Limit Break","True Grit+1","Spot Weakness","Rage","Shrug It Off","Impervious","Uppercut+1"],"relics":["Black Blood","Golden Idol","Gambling Chip","Thread and Needle","Orichalcum","Pear","Bag of Marbles","Dodecahedron","Mark of Pain","Bag of Preparation","Shovel","Prayer Wheel","Meat on the Bone","Letter Opener","Lantern","MawBank"],"potions_floor_usage":[7,16,18,24,33,50,50],"damage_taken":[{"damage":12,"enemies":"Jaw Worm","floor":1,"turns":4},{"damage":6,"enemies":"2 Louse","floor":4,"turns":4},{"damage":7,"enemies":"Small Slimes","floor":7,"turns":4},{"damage":30,"enemies":"Gremlin Gang","floor":8,"turns":7},{"damage":12,"enemies":"Lagavulin","floor":11,"turns":6},{"damage":0,"enemies":"3 Louse","floor":13,"turns":4},{"damage":3,"enemies":"Blue Slaver","floor":14,"turns":3},{"damage":14,"enemies":"Hexaghost","floor":16,"turns":6},{"damage":2,"enemies":"Shell Parasite","floor":18,"turns":6},{"damage":1,"enemies":"Spheric Guardian","floor":20,"turns":5},{"damage":26,"enemies":"Snake Plant","floor":21,"turns":7},{"damage":38,"enemies":"Slavers","floor":24,"turns":5},{"damage":9,"enemies":"Cultist and Chosen","floor":28,"turns":5},{"damage":2,"enemies":"3 Cultists","floor":29,"turns":6},{"damage":0,"enemies":"Centurion and Healer","floor":30,"turns":7},{"damage":30,"enemies":"Champ","floor":33,"turns":7},{"damage":4,"enemies":"Orb Walker","floor":35,"turns":3},{"damage":6,"enemies":"3 Shapes","floor":39,"turns":4},{"damage":0,"enemies":"Mind Bloom Boss Battle","floor":42,"turns":4},{"damage":47,"enemies":"2 Orb Walkers","floor":45,"turns":6},{"damage":38,"enemies":"Reptomancer","floor":48,"turns":9},{"damage":43,"enemies":"Time Eater","floor":50,"turns":10}],"seed_played":"4577413125230462784","potions_obtained":[{"floor":1,"key":"BloodPotion"},{"floor":11,"key":"Strength Potion"},{"floor":14,"key":"SpeedPotion"},{"floor":16,"key":"SkillPotion"},{"floor":18,"key":"Explosive Potion"},{"floor":24,"key":"Poison Potion"},{"floor":30,"key":"Energy Potion"},{"floor":48,"key":"PowerPotion"}],"is_trial":false,"path_per_floor":["M","?","?","M","$","R","M","M","T","R","E","?","M","M","R","B",null,"M","$","M","M","T","R","E","R","T","R","M","M","M","?","R","B",null,"M","$","?","$","M","R","$","?","T","?","E","R","T","M","R","B"],"character_chosen":"IRONCLAD","items_purchased":["Apotheosis","Anger","Spot Weakness","Bag of Preparation"],"campfire_rested":6,"item_purchase_floors":[5,5,19,36],"current_hp_per_floor":[62,36,13,13,13,35,41,17,17,39,33,33,39,42,42,34,65,73,73,75,59,69,85,57,82,82,85,85,85,85,85,85,65,80,85,85,81,81,81,81,81,81,81,81,56,56,56,40,64,43],"gold":146,"neow_bonus":"TWO_FIFTY_GOLD","is_prod":false,"is_daily":false,"chose_seed":false,"campfire_upgraded":3,"win_rate":0,"timestamp":1537733471,"path_taken":["M","?","?","M","$","R","M","M","T","R","E","?","?","M","R","BOSS","M","?","M","M","?","R","E","R","T","R","M","?","M","?","R","BOSS","M","?","?","$","M","R","$","?","T","?","E","R","?","?","R","BOSS"],"build_version":"2018-09-20","purchased_purges":2,"victory":true,"max_hp_per_floor":[75,75,75,75,75,75,75,75,75,75,75,75,75,75,75,75,75,75,75,75,75,85,85,85,85,85,85,85,85,85,85,85,85,85,85,85,81,81,81,81,81,81,81,81,81,81,81,81,81,81],"card_choices":[{"not_picked":["Warcry","Twin Strike"],"picked":"Evolve","floor":1},{"not_picked":["Perfected Strike","Havoc"],"picked":"Pommel Strike","floor":4},{"not_picked":["Havoc","Ghostly Armor"],"picked":"Power Through","floor":7},{"not_picked":["Sword Boomerang","Juggernaut"],"picked":"Wild Strike","floor":8},{"not_picked":["Offering","Thunderclap","Seeing Red"],"picked":"SKIP","floor":11},{"not_picked":["Perfected Strike","Entrench"],"picked":"Headbutt","floor":13},{"not_picked":["Bloodletting","Perfected Strike"],"picked":"Cleave","floor":14},{"not_picked":["Brutality","Berserk"],"picked":"Limit Break","floor":16},{"not_picked":["Twin Strike","Warcry"],"picked":"True Grit","floor":18},{"not_picked":["Body Slam","Flex","Pommel Strike"],"picked":"SKIP","floor":20},{"not_picked":["Anger","Headbutt","Clash"],"picked":"SKIP","floor":21},{"not_picked":["Clash","Warcry"],"picked":"Rage","floor":24},{"not_picked":["Searing Blow","Corruption","Twin Strike"],"picked":"SKIP","floor":28},{"not_picked":["Rupture","Twin Strike"],"picked":"Shrug It Off","floor":29},{"not_picked":["Twin Strike","Iron Wave","Carnage"],"picked":"SKIP","floor":30},{"not_picked":["Exhume","Bludgeon"],"picked":"Impervious","floor":33},{"not_picked":["Thunderclap","Wild Strike"],"picked":"Uppercut","floor":35},{"not_picked":["Clash+1","True Grit","Dual Wield"],"picked":"SKIP","floor":39},{"not_picked":["Carnage","Twin Strike","Iron Wave+1"],"picked":"SKIP","floor":45},{"not_picked":["Sword Boomerang","Searing Blow","Rampage"],"picked":"SKIP","floor":48},{"not_picked":["Anger","Clash","Entrench"],"picked":"SKIP","floor":48}],"player_experience":766962,"relics_obtained":[{"floor":9,"key":"Gambling Chip"},{"floor":11,"key":"Thread and Needle"},{"floor":22,"key":"Pear"},{"floor":24,"key":"Bag of Marbles"},{"floor":26,"key":"Dodecahedron"},{"floor":42,"key":"Shovel"},{"floor":43,"key":"Prayer Wheel"},{"floor":45,"key":"Letter Opener"},{"floor":46,"key":"Lantern"},{"floor":47,"key":"MawBank"}],"event_choices":[{"event_name":"Golden Idol","player_choice":"Take Damage","floor":2,"damage_taken":0},{"event_name":"Shining Light","player_choice":"Entered Light","floor":3,"damage_taken":0},{"event_name":"Dead Adventurer","player_choice":"Searched \u00272\u0027 times","floor":12,"damage_taken":0},{"event_name":"Beggar","player_choice":"Gave Gold","floor":31,"damage_taken":0},{"event_name":"Winding Halls","player_choice":"Max HP","floor":37,"damage_taken":0},{"event_name":"MindBloom","player_choice":"Fight","floor":42,"damage_taken":0},{"event_name":"WeMeetAgain","player_choice":"Gold","floor":44,"damage_taken":0}],"is_beta":false,"boss_relics":[{"not_picked":["Black Star","Astrolabe"],"picked":"Black Blood"},{"not_picked":["Cursed Key","Orrery"],"picked":"Mark of Pain"}],"items_purged_floors":[5,19],"is_endless":false,"potions_floor_spawned":[1,11,14,16,18,20,24,30,48],"ascension_level":16}