{"gold_per_floor":[115,265,265,284,12,38,38,69,69,69,87,87,87,142,142,215,215,228,241,241,241,28,28,28],"floor_reached":24,"playtime":740,"items_purged":["Doubt","Writhe"],"score":370,"play_id":"a026dfbc-8060-4f4a-b9df-cae4e5387012","local_time":"20190804123126","is_ascension_mode":true,"campfire_choices":[{"data":"Zap","floor":7.0,"key":"SMITH"},{"floor":10.0,"key":"REST"},{"floor":15.0,"key":"REST"},{"floor":23.0,"key":"REST"}],"neow_cost":"NONE","seed_source_timestamp":0,"circlet_count":0,"master_deck":["AscendersBane","Strike_B","Strike_B","Strike_B","Defend_B","Defend_B","Defend_B","Defend_B","Zap+1","Dualcast","Coolheaded","Go for the Eyes","Capacitor","Ball Lightning","Steam","Redo","Barrage","Rainbow","Beam Cell+1","Seek","Leap","Gash+1","Static Discharge","Sweeping Beam+1"],"special_seed":0,"relics":["Cracked Core","Orichalcum","Torii","Juzu Bracelet","Molten Egg 2","Lantern","Inserter","Bag of Preparation"],"potions_floor_usage":[],"damage_taken":[{"damage":3.0,"enemies":"2 Louse","floor":1.0,"turns":2.0},{"damage":14.0,"enemies":"Small Slimes","floor":4.0,"turns":3.0},{"damage":22.0,"enemies":"3 Sentries","floor":6.0,"turns":8.0},{"damage":21.0,"enemies":"Lagavulin","floor":8.0,"turns":6.0},{"damage":0.0,"enemies":"Cultist","floor":11.0,"turns":3.0},{"damage":12.0,"enemies":"3 Sentries","floor":14.0,"turns":7.0},{"damage":8.0,"enemies":"Slime Boss","floor":16.0,"turns":9.0},{"damage":43.0,"enemies":"2 Thieves","floor":18.0,"turns":4.0},{"damage":20.0,"enemies":"Spheric Guardian","floor":19.0,"turns":6.0},{"damage":33,"enemies":"Gremlin Leader","floor":24,"turns":3}],"seed_played":"5843119518205372693","potions_obtained":[{"floor":1.0,"key":"Poison Potion"},{"floor":3.0,"key":"FairyPotion"},{"floor":14.0,"key":"Energy Potion"}],"is_trial":false,"path_per_floor":["M","?","?","M","$","E","R","E","T","R","M","?","?","?","R","B",null,"M","M","?","?","$","R","E"],"character_chosen":"DEFECT","items_purchased":["Capacitor","Ball Lightning","Steam","Static Discharge","Sweeping Beam+1"],"campfire_rested":3,"item_purchase_floors":[5,5,5,22,22],"current_hp_per_floor":[61,61,61,47,47,25,25,4,4,25,25,18,23,11,33,25,63,20,7,7,7,7,29,0],"gold":28,"neow_bonus":"RANDOM_COMMON_RELIC","is_prod":false,"is_daily":false,"chose_seed":false,"campfire_upgraded":1,"win_rate":0,"timestamp":1564914686,"path_taken":["M","?","?","?","$","E","R","E","T","R","M","?","?","?","R","BOSS","M","M","?","?","?","R","E"],"build_version":"2019-07-17","purchased_purges":2,"victory":false,"max_hp_per_floor":[71,71,71,71,71,71,71,71,71,71,71,71,76,76,76,76,76,76,76,76,76,76,76,76],"card_choices":[{"not_picked":["Darkness","Streamline"],"picked":"Coolheaded","floor":1.0},{"not_picked":["Aggregate","Skim"],"picked":"Go for the Eyes","floor":4.0},{"not_picked":["Blizzard","Ball Lightning"],"picked":"Redo","floor":6.0},{"not_picked":["Chill","Rebound"],"picked":"Barrage","floor":8.0},{"not_picked":["Stack","Hologram"],"picked":"Rainbow","floor":11.0},{"not_picked":["Redo","Streamline+1"],"picked":"Beam Cell+1","floor":14.0},{"not_picked":["All For One+1","Multi-Cast"],"picked":"Seek","floor":16.0},{"not_picked":["Tempest","Cold Snap+1"],"picked":"Leap","floor":18.0},{"not_picked":["Cold Snap+1","FTL+1"],"picked":"Gash+1","floor":19.0}],"player_experience":1792834,"relics_obtained":[{"floor":6.0,"key":"Torii"},{"floor":8.0,"key":"Juzu Bracelet"},{"floor":9.0,"key":"Molten Egg 2"},{"floor":14.0,"key":"Lantern"}],"event_choices":[{"damage_healed":0.0,"max_hp_gain":0.0,"max_hp_loss":0.0,"gold_gain":150.0,"event_name":"Liars Game","player_choice":"AGREE","floor":2.0,"gold_loss":0.0,"damage_taken":0.0,"cards_obtained":["Doubt"]},{"damage_healed":0.0,"max_hp_gain":0.0,"max_hp_loss":0.0,"gold_gain":0.0,"event_name":"Lab","player_choice":"Got Potions","floor":3.0,"gold_loss":0.0,"damage_taken":0.0},{"cards_removed":["Strike_B"],"damage_healed":0.0,"max_hp_gain":0.0,"max_hp_loss":0.0,"gold_gain":0.0,"event_name":"Golden Wing","player_choice":"Card Removal","floor":12.0,"gold_loss":0.0,"damage_taken":7.0},{"damage_healed":0.0,"max_hp_gain":5.0,"max_hp_loss":0.0,"gold_gain":0.0,"event_name":"Big Fish","player_choice":"Donut","floor":13.0,"gold_loss":0.0,"damage_taken":0.0},{"damage_healed":0.0,"max_hp_gain":0.0,"max_hp_loss":0.0,"gold_gain":0.0,"event_name":"Dead Adventurer","player_choice":"Searched \u00272\u0027 times","floor":14.0,"gold_loss":0.0,"damage_taken":0.0},{"damage_healed":0.0,"max_hp_gain":0.0,"max_hp_loss":0.0,"gold_gain":0.0,"event_name":"Cursed Tome","player_choice":"Ignored","floor":20.0,"gold_loss":0.0,"damage_taken":0.0},{"damage_healed":0.0,"max_hp_gain":0.0,"max_hp_loss":0.0,"gold_gain":0.0,"event_name":"The Mausoleum","player_choice":"Opened","floor":21.0,"gold_loss":0.0,"damage_taken":0.0,"relics_obtained":["Bag of Preparation"],"cards_obtained":["Writhe"]}],"is_beta":false,"boss_relics":[{"not_picked":["Sozu","Velvet Choker"],"picked":"Inserter"}],"items_purged_floors":[5,22],"is_endless":false,"potions_floor_spawned":[1,14],"killed_by":"Gremlin Leader","ascension_level":17}