{"gold_per_floor":[113,113,130,130,149,162,162,162,162,42,42,56,74,92,92,197,197,208,208,208,137,153,153,153,153,177,32,49,79,4,4,4,108,108,118,19,19,19,32,32,67,67,92,119,219,26,26,38,38,38],"floor_reached":51,"playtime":1237,"items_purged":["Strike_B+1"],"score":763,"play_id":"32b5b6e8-a60e-46f4-945d-37de80e8beec","local_time":"20190811041528","is_ascension_mode":false,"campfire_choices":[{"data":"Zap","floor":8.0,"key":"SMITH"},{"data":"Dualcast","floor":11.0,"key":"SMITH"},{"data":"Lockon","floor":15.0,"key":"SMITH"},{"data":"Sunder","floor":23.0,"key":"SMITH"},{"data":"Rebound","floor":25.0,"key":"SMITH"},{"data":"Tempest","floor":32.0,"key":"SMITH"},{"data":"Ball Lightning","floor":40.0,"key":"SMITH"},{"data":"Conserve Battery","floor":42.0,"key":"SMITH"},{"floor":47.0,"key":"REST"},{"floor":49,"key":"REST"}],"neow_cost":"NONE","seed_source_timestamp":4602008746665,"circlet_count":0,"master_deck":["Strike_B+1","Strike_B+1","Strike_B+1","Defend_B+1","Defend_B+1","Defend_B+1","Defend_B+1","Zap+1","Dualcast+1","Lockon+1","Rebound+1","Ball Lightning+1","Sunder+1","FTL+1","Rip and Tear+1","Sweeping Beam+1","Ball Lightning+1","Conserve Battery+1","Thunder Strike+1","Ball Lightning+1","FTL+1","Doom and Gloom+1","Compile Driver+1","Tempest+1","Tempest+1","Core Surge+1","Steam+1","Rebound+1","Compile Driver+1","Defragment","Good Instincts","Sunder+1"],"special_seed":0,"relics":["Cracked Core","NeowsBlessing","FaceOfCleric","Molten Egg 2","Nuclear Battery","Strawberry","DataDisk","Incense Burner","Busted Crown","PreservedInsect","Bag of Preparation","Art of War","Torii"],"potions_floor_usage":[50,50],"damage_taken":[{"damage":0.0,"enemies":"Small Slimes","floor":1.0,"turns":1.0},{"damage":0.0,"enemies":"Cultist","floor":3.0,"turns":1.0},{"damage":0.0,"enemies":"Jaw Worm","floor":5.0,"turns":1.0},{"damage":13.0,"enemies":"Red Slaver","floor":6.0,"turns":2.0},{"damage":0.0,"enemies":"Looter","floor":12.0,"turns":2.0},{"damage":4.0,"enemies":"Blue Slaver","floor":13.0,"turns":3.0},{"damage":0.0,"enemies":"Exordium Wildlife","floor":14.0,"turns":3.0},{"damage":26.0,"enemies":"The Guardian","floor":16.0,"turns":7.0},{"damage":3.0,"enemies":"Shell Parasite","floor":18.0,"turns":3.0},{"damage":2.0,"enemies":"Chosen","floor":22.0,"turns":2.0},{"damage":0.0,"enemies":"Centurion and Healer","floor":24.0,"turns":1.0},{"damage":3.0,"enemies":"Sentry and Sphere","floor":28.0,"turns":3.0},{"damage":0.0,"enemies":"Gremlin Leader","floor":29.0,"turns":2.0},{"damage":45.0,"enemies":"Champ","floor":33.0,"turns":8.0},{"damage":8.0,"enemies":"3 Darklings","floor":35.0,"turns":3.0},{"damage":0.0,"enemies":"3 Shapes","floor":39.0,"turns":3.0},{"damage":24.0,"enemies":"Reptomancer","floor":41.0,"turns":5.0},{"damage":18.0,"enemies":"Giant Head","floor":44.0,"turns":6.0},{"damage":8.0,"enemies":"Mind Bloom Boss Battle","floor":45.0,"turns":5.0},{"damage":0.0,"enemies":"Transient","floor":48.0,"turns":5.0},{"damage":64,"enemies":"Donu and Deca","floor":50,"turns":8}],"seed_played":"-8870719004810001582","potions_obtained":[{"floor":3.0,"key":"Poison Potion"},{"floor":5.0,"key":"Ancient Potion"},{"floor":6.0,"key":"GamblersBrew"},{"floor":7.0,"key":"LiquidBronze"},{"floor":7.0,"key":"Dexterity Potion"},{"floor":16.0,"key":"Dexterity Potion"},{"floor":18.0,"key":"SmokeBomb"},{"floor":29.0,"key":"Explosive Potion"},{"floor":39.0,"key":"FearPotion"},{"floor":45.0,"key":"Energy Potion"}],"is_trial":false,"path_per_floor":["M","?","M","?","M","M","?","R","T","$","R","M","M","M","R","B",null,"M","?","?","$","M","R","M","R","T","$","M","E","$","$","R","B",null,"M","$","?","?","M","R","E","R","T","E","?","$","R","M","R","B",null],"character_chosen":"DEFECT","items_purchased":["FTL+1","Rip and Tear+1","Doom and Gloom+1","DataDisk","Rebound+1","Compile Driver+1","Defragment","Good Instincts","Sunder+1"],"campfire_rested":2,"item_purchase_floors":[10,10,21,27,36,36,46,46,46],"current_hp_per_floor":[75,80,80,80,81,69,69,69,69,69,69,70,67,68,68,43,86,84,84,84,84,83,83,84,84,91,91,89,90,90,90,90,46,99,92,92,92,92,93,93,70,70,70,53,46,46,75,76,100,37],"gold":38,"neow_bonus":"THREE_ENEMY_KILL","is_prod":false,"is_daily":false,"chose_seed":false,"campfire_upgraded":8,"win_rate":0,"timestamp":1565518528,"path_taken":["M","?","M","?","M","?","?","R","T","$","R","M","?","M","R","BOSS","M","?","?","$","M","R","M","R","T","$","M","E","?","$","R","BOSS","M","$","?","?","M","R","E","R","T","E","?","?","R","M","R","BOSS"],"build_version":"2019-07-17","purchased_purges":1,"victory":true,"max_hp_per_floor":[75,80,80,80,81,82,82,82,82,82,82,83,84,85,85,86,86,87,87,87,87,88,88,89,89,96,96,97,98,98,98,98,99,99,100,100,100,95,96,96,97,97,97,98,99,99,99,100,100,101],"card_choices":[{"not_picked":["Redo","Aggregate"],"picked":"Lockon","floor":1.0},{"not_picked":["Hello World","Compile Driver"],"picked":"Rebound","floor":3.0},{"not_picked":["Capacitor","Beam Cell"],"picked":"Ball Lightning","floor":5.0},{"not_picked":["Gash","Streamline"],"picked":"Sunder","floor":6.0},{"not_picked":["Reinforced Body","Core Surge+1"],"picked":"Sweeping Beam+1","floor":12.0},{"not_picked":["Rebound+1","Force Field"],"picked":"Ball Lightning+1","floor":13.0},{"not_picked":["Compile Driver+1","Hologram"],"picked":"Conserve Battery","floor":14.0},{"not_picked":["Meteor Strike+1","Hyperbeam+1"],"picked":"Thunder Strike+1","floor":16.0},{"not_picked":["Stack","Lockon+1"],"picked":"Ball Lightning+1","floor":18.0},{"not_picked":["Turbo","Reprogram"],"picked":"Compile Driver+1","floor":22.0},{"not_picked":["Sunder+1","Gash+1"],"picked":"Tempest+1","floor":28.0},{"not_picked":["Skim","Rainbow"],"picked":"Tempest","floor":29.0},{"not_picked":["Multi-Cast","Echo Form"],"picked":"Core Surge+1","floor":33.0},{"not_picked":[],"picked":"Steam+1","floor":35.0},{"not_picked":["Redo+1"],"picked":"SKIP","floor":39.0},{"not_picked":["Chill"],"picked":"SKIP","floor":41.0},{"not_picked":["Aggregate+1"],"picked":"SKIP","floor":44.0},{"not_picked":["Hologram"],"picked":"SKIP","floor":48.0}],"player_experience":1669813,"relics_obtained":[{"floor":9.0,"key":"Molten Egg 2"},{"floor":26.0,"key":"Strawberry"},{"floor":29.0,"key":"Incense Burner"},{"floor":41.0,"key":"PreservedInsect"},{"floor":43.0,"key":"Bag of Preparation"},{"floor":44.0,"key":"Art of War"},{"floor":45.0,"key":"Torii"}],"event_choices":[{"damage_healed":0.0,"max_hp_gain":5.0,"max_hp_loss":0.0,"gold_gain":0.0,"event_name":"Big Fish","player_choice":"Donut","floor":2.0,"gold_loss":0.0,"damage_taken":0.0},{"damage_healed":0.0,"max_hp_gain":0.0,"max_hp_loss":0.0,"gold_gain":0.0,"event_name":"FaceTrader","player_choice":"Trade","floor":4.0,"gold_loss":0.0,"damage_taken":0.0,"relics_obtained":["FaceOfCleric"]},{"damage_healed":0.0,"max_hp_gain":0.0,"max_hp_loss":0.0,"gold_gain":0.0,"event_name":"Lab","player_choice":"Got Potions","floor":7.0,"gold_loss":0.0,"damage_taken":0.0},{"damage_healed":0.0,"max_hp_gain":0.0,"max_hp_loss":0.0,"gold_gain":0.0,"event_name":"Back to Basics","player_choice":"Simplicity","floor":19.0,"gold_loss":0.0,"damage_taken":0.0,"cards_upgraded":["Strike_B","Strike_B","Strike_B","Strike_B","Defend_B","Defend_B","Defend_B","Defend_B"]},{"damage_healed":0.0,"max_hp_gain":0.0,"max_hp_loss":0.0,"gold_gain":0.0,"event_name":"The Library","player_choice":"Read","floor":20.0,"gold_loss":0.0,"damage_taken":0.0,"cards_obtained":["FTL"]},{"damage_healed":0.0,"max_hp_gain":0.0,"max_hp_loss":0.0,"gold_gain":0.0,"event_name":"SensoryStone","player_choice":"Memory 1","floor":37.0,"gold_loss":0.0,"damage_taken":0.0},{"damage_healed":0.0,"max_hp_gain":0.0,"max_hp_loss":5.0,"gold_gain":0.0,"event_name":"Winding Halls","player_choice":"Max HP","floor":38.0,"gold_loss":0.0,"damage_taken":0.0},{"damage_healed":0.0,"max_hp_gain":0.0,"max_hp_loss":0.0,"gold_gain":0.0,"event_name":"MindBloom","player_choice":"Fight","floor":45.0,"gold_loss":0.0,"damage_taken":0.0}],"is_beta":false,"boss_relics":[{"not_picked":["Empty Cage","FrozenCore"],"picked":"Nuclear Battery"},{"not_picked":["White Beast Statue","Runic Dome"],"picked":"Busted Crown"}],"items_purged_floors":[30],"is_endless":false,"potions_floor_spawned":[3,5,6,16,18,24,29,39,45,48],"ascension_level":0}