{"gold_per_floor":[10,10,22,36,48,79,90,102,102,27,54,54,83,8,8,8],"floor_reached":16,"playtime":546,"items_purged":[],"score":226,"play_id":"30f85186-04db-47b2-b309-01828303988c","local_time":"20190719005045","is_ascension_mode":true,"campfire_choices":[{"floor":12,"key":"REST"},{"floor":15,"key":"REST"}],"neow_cost":"NO_GOLD","seed_source_timestamp":533332544383200,"circlet_count":0,"master_deck":["AscendersBane","Strike_B","Strike_B","Strike_B","Defend_B","Defend_B","Defend_B","Defend_B","Zap+1","Dualcast","Good Instincts","Thinking Ahead","Steam","Sunder","Conserve Battery","Genetic Algorithm","Hologram","Sweeping Beam","Conserve Battery","Loop","White Noise","Fusion"],"relics":["Cracked Core","Bronze Scales","Nunchaku","Juzu Bracelet","Darkstone Periapt"],"potions_floor_usage":[6,8,8,16],"damage_taken":[{"damage":9,"enemies":"Small Slimes","floor":1,"turns":3},{"damage":0,"enemies":"Cultist","floor":3,"turns":4},{"damage":2,"enemies":"Jaw Worm","floor":4,"turns":3},{"damage":1,"enemies":"Looter","floor":5,"turns":2},{"damage":9,"enemies":"Lagavulin","floor":6,"turns":6},{"damage":0,"enemies":"Large Slime","floor":7,"turns":4},{"damage":10,"enemies":"Exordium Thugs","floor":8,"turns":5},{"damage":19,"enemies":"3 Sentries","floor":11,"turns":6},{"damage":29,"enemies":"Gremlin Nob","floor":13,"turns":4},{"damage":34,"enemies":"Slime Boss","floor":16,"turns":6}],"seed_played":"-5724838691177722344","potions_obtained":[{"floor":1,"key":"Weak Potion"},{"floor":4,"key":"Energy Potion"},{"floor":7,"key":"GamblersBrew"},{"floor":11,"key":"SteroidPotion"}],"is_trial":false,"path_per_floor":["M","?","M","M","M","E","M","M","T","?","E","R","E","$","R","B"],"character_chosen":"DEFECT","items_purchased":["Fusion"],"campfire_rested":2,"item_purchase_floors":[14],"current_hp_per_floor":[55,55,55,53,52,43,43,33,33,33,14,35,6,6,27,0],"gold":8,"neow_bonus":"RANDOM_COLORLESS_2","is_prod":false,"is_daily":false,"chose_seed":false,"campfire_upgraded":0,"win_rate":0,"timestamp":1563490245,"path_taken":["M","?","M","M","?","E","?","M","T","?","E","R","E","$","R","BOSS"],"build_version":"2019-07-17","purchased_purges":0,"victory":false,"max_hp_per_floor":[71,71,71,71,71,71,71,71,71,71,71,71,71,71,71,71],"card_choices":[{"not_picked":["Tempest","Stack"],"picked":"Steam","floor":1},{"not_picked":["Gash","Stack"],"picked":"Sunder","floor":3},{"not_picked":["Meteor Strike","Go for the Eyes"],"picked":"Conserve Battery","floor":4},{"not_picked":["White Noise","Sweeping Beam"],"picked":"Genetic Algorithm","floor":5},{"not_picked":["Streamline","Go for the Eyes"],"picked":"Hologram","floor":6},{"not_picked":["Stack","Steam"],"picked":"Sweeping Beam","floor":7},{"not_picked":["Turbo","Sunder"],"picked":"Conserve Battery","floor":8},{"not_picked":["Steam Power","Redo"],"picked":"Loop","floor":11},{"not_picked":["Streamline","Compile Driver"],"picked":"White Noise","floor":13}],"player_experience":1687000,"relics_obtained":[{"floor":6,"key":"Bronze Scales"},{"floor":9,"key":"Nunchaku"},{"floor":11,"key":"Juzu Bracelet"},{"floor":13,"key":"Darkstone Periapt"}],"event_choices":[{"damage_healed":0,"gold_gain":0,"player_choice":"Upgraded","damage_taken":0,"max_hp_gain":0,"max_hp_loss":0,"event_name":"Upgrade Shrine","floor":2,"gold_loss":0,"cards_upgraded":["Zap"]},{"cards_removed":["Strike_B"],"damage_healed":0,"gold_gain":0,"player_choice":"Card Removal","damage_taken":0,"max_hp_gain":0,"max_hp_loss":0,"event_name":"The Cleric","floor":10,"gold_loss":75}],"is_beta":false,"boss_relics":[],"items_purged_floors":[],"is_endless":false,"potions_floor_spawned":[1,4,7,11],"killed_by":"Slime Boss","ascension_level":17}