{"gold_per_floor":[109,123,123,123,123,157,177,177,177,177,190,190,200,216,216,216],"floor_reached":16,"playtime":715,"items_purged":[],"score":153,"play_id":"cd01cf8f-5a22-4f45-8a32-264261a133c9","local_time":"20190928130828","is_ascension_mode":true,"campfire_choices":[{"data":"Zap","floor":8,"key":"SMITH"},{"floor":15,"key":"REST"}],"neow_cost":"NONE","seed_source_timestamp":1483232459984240,"circlet_count":0,"master_deck":["Strike_B","Strike_B","Strike_B","Defend_B","Defend_B","Defend_B","Defend_B","Zap+1","Dualcast","Beam Cell","Defragment","All For One","Turbo","Hologram","Steam"],"relics":["Cracked Core","Centennial Puzzle","Pear","Cables","Ice Cream"],"potions_floor_usage":[13],"damage_taken":[{"damage":0,"enemies":"Small Slimes","floor":1,"turns":3},{"damage":6,"enemies":"2 Louse","floor":2,"turns":2},{"damage":45,"enemies":"3 Sentries","floor":6,"turns":9},{"damage":4,"enemies":"Jaw Worm","floor":7,"turns":3},{"damage":0,"enemies":"Exordium Wildlife","floor":11,"turns":2},{"damage":12,"enemies":"Gremlin Gang","floor":13,"turns":5},{"damage":5,"enemies":"3 Louse","floor":14,"turns":2},{"damage":48,"enemies":"Hexaghost","floor":16,"turns":9}],"seed_played":"-6199014788510994169","potions_obtained":[{"floor":6,"key":"Block Potion"}],"is_trial":false,"path_per_floor":["M","M","?","?","?","E","M","R","T","?","M","T","M","M","R","B"],"character_chosen":"DEFECT","items_purchased":[],"campfire_rested":1,"item_purchase_floors":[],"current_hp_per_floor":[75,69,69,74,74,39,35,35,35,35,35,35,23,18,45,0],"gold":216,"neow_bonus":"RANDOM_COMMON_RELIC","is_prod":false,"is_daily":false,"chose_seed":false,"campfire_upgraded":1,"win_rate":0,"timestamp":1569690508,"path_taken":["M","M","?","?","?","E","M","R","T","?","?","?","?","M","R","BOSS"],"build_version":"2019-09-27","purchased_purges":0,"victory":false,"max_hp_per_floor":[75,75,75,80,80,90,90,90,90,90,90,90,90,90,90,90],"card_choices":[{"not_picked":["Gash","Compile Driver"],"picked":"Beam Cell","floor":1},{"not_picked":["Stack","Gash"],"picked":"Defragment","floor":2},{"not_picked":["Darkness","Fission"],"picked":"All For One","floor":6},{"not_picked":["Undo","Melter"],"picked":"Turbo","floor":7},{"not_picked":["Conserve Battery","Tempest"],"picked":"Hologram","floor":11},{"not_picked":["Redo","Conserve Battery"],"picked":"Steam","floor":13},{"not_picked":["Barrage","Ball Lightning","Sweeping Beam"],"picked":"SKIP","floor":14}],"player_experience":442878,"relics_obtained":[{"floor":6,"key":"Pear"},{"floor":9,"key":"Cables"},{"floor":12,"key":"Ice Cream"}],"event_choices":[{"damage_healed":0,"gold_gain":0,"player_choice":"Ignored","damage_taken":0,"max_hp_gain":0,"max_hp_loss":0,"event_name":"Golden Idol","floor":3,"gold_loss":0},{"damage_healed":0,"gold_gain":0,"player_choice":"Donut","damage_taken":0,"max_hp_gain":5,"max_hp_loss":0,"event_name":"Big Fish","floor":4,"gold_loss":0},{"damage_healed":0,"gold_gain":0,"player_choice":"Ignored","damage_taken":0,"max_hp_gain":0,"max_hp_loss":0,"event_name":"Liars Game","floor":5,"gold_loss":0},{"cards_removed":["Strike_B"],"damage_healed":0,"gold_gain":0,"player_choice":"Forget","damage_taken":0,"max_hp_gain":0,"max_hp_loss":0,"event_name":"Living Wall","floor":10,"gold_loss":0}],"is_beta":true,"boss_relics":[],"items_purged_floors":[],"is_endless":false,"potions_floor_spawned":[6],"killed_by":"Hexaghost","ascension_level":5}