{"gold_per_floor":[118,118,118,129,179,209,229,261,284,319,339,355,387,397,397,474,474,486,502,514,514,514,514,439,459,459,469,502,502,502,528,528,528],"floor_reached":33,"playtime":1339,"items_purged":[],"score":709,"play_id":"bc1ebe08-a29e-47ea-95d0-3733f627d2d1","local_time":"20190530230542","is_ascension_mode":true,"campfire_choices":[{"floor":15.0,"key":"REST"},{"data":"Static Discharge","floor":23.0,"key":"SMITH"},{"data":"Capacitor","floor":29.0,"key":"SMITH"},{"floor":32,"key":"REST"}],"neow_cost":"NONE","seed_source_timestamp":1135104790870825,"circlet_count":0,"master_deck":["AscendersBane","Strike_B","Strike_B","Defend_B","Defend_B","Defend_B","Defend_B","Zap+1","Dualcast+1","Ball Lightning+1","Capacitor+1","Conserve Battery+1","Sweeping Beam","Compile Driver","Self Repair","Cold Snap","Barrage","Static Discharge+1","Hologram","All For One","Conserve Battery","Conserve Battery","Skim","Chaos","Conserve Battery+1","Consume+1","Meteor Strike"],"special_seed":0,"relics":["Cracked Core","NeowsBlessing","Lantern","Juzu Bracelet","Happy Flower","Ornamental Fan","Bronze Scales","Snecko Eye","Sundial","War Paint","Blood Vial"],"potions_floor_usage":[31,31],"damage_taken":[{"damage":0.0,"enemies":"Jaw Worm","floor":1.0,"turns":1.0},{"damage":0.0,"enemies":"Cultist","floor":4.0,"turns":1.0},{"damage":0.0,"enemies":"3 Sentries","floor":6.0,"turns":1.0},{"damage":0.0,"enemies":"Small Slimes","floor":7.0,"turns":2.0},{"damage":8.0,"enemies":"Gremlin Nob","floor":8.0,"turns":3.0},{"damage":13.0,"enemies":"3 Sentries","floor":10.0,"turns":6.0},{"damage":2.0,"enemies":"Exordium Thugs","floor":11.0,"turns":3.0},{"damage":0.0,"enemies":"Large Slime","floor":12.0,"turns":4.0},{"damage":15.0,"enemies":"Lagavulin","floor":13.0,"turns":4.0},{"damage":25.0,"enemies":"Gremlin Gang","floor":14.0,"turns":3.0},{"damage":12.0,"enemies":"Hexaghost","floor":16.0,"turns":7.0},{"damage":23.0,"enemies":"2 Thieves","floor":18.0,"turns":3.0},{"damage":0.0,"enemies":"3 Byrds","floor":19.0,"turns":2.0},{"damage":23.0,"enemies":"Snake Plant","floor":20.0,"turns":4.0},{"damage":13.0,"enemies":"Snecko","floor":25.0,"turns":5.0},{"damage":9.0,"enemies":"Centurion and Healer","floor":27.0,"turns":7.0},{"damage":34.0,"enemies":"Book of Stabbing","floor":28.0,"turns":4.0},{"damage":5,"enemies":"Gremlin Leader","floor":31,"turns":4},{"damage":68,"enemies":"Champ","floor":33,"turns":9}],"seed_played":"-7014760486125095428","potions_obtained":[{"floor":4.0,"key":"AttackPotion"},{"floor":6.0,"key":"Energy Potion"},{"floor":12.0,"key":"Strength Potion"},{"floor":14.0,"key":"Regen Potion"},{"floor":16.0,"key":"Energy Potion"},{"floor":18.0,"key":"SteroidPotion"},{"floor":20.0,"key":"Poison Potion"}],"is_trial":false,"path_per_floor":["M","?","?","M","?","E","M","E","T","E","M","M","E","M","R","B",null,"M","M","M","?","?","R","?","M","T","M","E","R","?","E","R","B"],"character_chosen":"DEFECT","items_purchased":[],"campfire_rested":2,"item_purchase_floors":[],"current_hp_per_floor":[64,43,43,43,43,43,43,35,35,22,27,34,26,8,29,39,63,47,47,31,11,76,76,76,70,70,68,41,41,41,43,65,0],"gold":528,"neow_bonus":"THREE_ENEMY_KILL","is_prod":false,"is_daily":false,"chose_seed":false,"campfire_upgraded":2,"win_rate":0,"timestamp":1559250342,"path_taken":["M","?","?","?","?","E","M","E","T","E","M","M","E","M","R","BOSS","M","M","M","?","?","R","?","M","T","M","E","R","?","E","R","BOSS"],"build_version":"2019-01-23","purchased_purges":0,"victory":false,"max_hp_per_floor":[71,71,71,71,71,71,71,71,71,71,71,71,71,71,71,71,71,71,71,71,76,76,76,76,76,76,76,76,76,76,76,76,76],"card_choices":[{"not_picked":["Cold Snap","Sweeping Beam"],"picked":"Ball Lightning","floor":1.0},{"not_picked":["Chaos","BootSequence"],"picked":"Capacitor","floor":4.0},{"not_picked":["Chaos","Self Repair"],"picked":"Conserve Battery","floor":6.0},{"not_picked":["Machine Learning","Reinforced Body"],"picked":"Sweeping Beam","floor":7.0},{"not_picked":["BootSequence","Turbo"],"picked":"Compile Driver","floor":8.0},{"not_picked":["Consume","Sweeping Beam"],"picked":"Self Repair","floor":10.0},{"not_picked":["Conserve Battery","Leap"],"picked":"Cold Snap","floor":11.0},{"not_picked":["Sweeping Beam","Leap"],"picked":"Barrage","floor":12.0},{"not_picked":["Rebound","Compile Driver"],"picked":"Static Discharge","floor":13.0},{"not_picked":["Blizzard","Amplify"],"picked":"Hologram","floor":14.0},{"not_picked":["Seek","Amplify"],"picked":"All For One","floor":16.0},{"not_picked":["Sweeping Beam","Gash"],"picked":"Conserve Battery","floor":18.0},{"not_picked":["Stack","Rebound"],"picked":"Loop","floor":19.0},{"not_picked":["Beam Cell","FTL"],"picked":"Conserve Battery","floor":20.0},{"not_picked":["Barrage","Compile Driver","Sweeping Beam"],"picked":"SKIP","floor":25.0},{"not_picked":["Compile Driver","Genetic Algorithm"],"picked":"Conserve Battery","floor":27.0},{"not_picked":["Melter","Fusion"],"picked":"Consume+1","floor":28.0},{"not_picked":["Redo","Sweeping Beam"],"picked":"Meteor Strike","floor":31}],"player_experience":810794,"relics_obtained":[{"floor":6.0,"key":"Lantern"},{"floor":8.0,"key":"Juzu Bracelet"},{"floor":9.0,"key":"Happy Flower"},{"floor":10.0,"key":"Ornamental Fan"},{"floor":13.0,"key":"Bronze Scales"},{"floor":26.0,"key":"Sundial"},{"floor":28.0,"key":"War Paint"},{"floor":31,"key":"Blood Vial"}],"event_choices":[{"damage_healed":0.0,"max_hp_gain":0.0,"max_hp_loss":0.0,"gold_gain":0.0,"event_name":"Shining Light","player_choice":"Entered Light","floor":2.0,"gold_loss":0.0,"damage_taken":21.0,"cards_upgraded":["Zap","Ball Lightning"]},{"damage_healed":0.0,"max_hp_gain":0.0,"max_hp_loss":0.0,"gold_gain":0.0,"event_name":"Upgrade Shrine","player_choice":"Upgraded","floor":3.0,"gold_loss":0.0,"damage_taken":0.0,"cards_upgraded":["Dualcast"]},{"damage_healed":0.0,"max_hp_gain":0.0,"max_hp_loss":0.0,"gold_gain":50.0,"event_name":"Golden Shrine","player_choice":"Pray","floor":5.0,"gold_loss":0.0,"damage_taken":0.0},{"damage_healed":0.0,"max_hp_gain":5.0,"max_hp_loss":0.0,"gold_gain":0.0,"event_name":"Forgotten Altar","player_choice":"Shed Blood","floor":21.0,"gold_loss":0.0,"damage_taken":25.0},{"cards_removed":["Loop"],"damage_healed":65.0,"max_hp_gain":0.0,"max_hp_loss":0.0,"gold_gain":0.0,"event_name":"Bonfire Elementals","player_choice":"Offered Uncommon","floor":22.0,"gold_loss":0.0,"damage_taken":0.0},{"damage_healed":0.0,"max_hp_gain":0.0,"max_hp_loss":0.0,"gold_gain":0.0,"cards_transformed":["Strike_B","Strike_B"],"event_name":"Designer","player_choice":"Transformed Cards","floor":24.0,"gold_loss":75.0,"damage_taken":0.0,"cards_obtained":["Skim","Chaos"]},{"damage_healed":0.0,"max_hp_gain":0.0,"max_hp_loss":0.0,"gold_gain":0.0,"event_name":"Ghosts","player_choice":"Ignored","floor":30.0,"gold_loss":0.0,"damage_taken":0.0}],"is_beta":false,"boss_relics":[{"not_picked":["Busted Crown","Runic Pyramid"],"picked":"Snecko Eye"}],"items_purged_floors":[],"is_endless":false,"potions_floor_spawned":[4,6,7,12,14,16,18,20],"killed_by":"Champ","ascension_level":20}