{"gold_per_floor":[117,67,67,87,262,262,287,287,337,337,368,381,410,410,410,505,505,523,523,0,18,28,28,43,43,114,444,444,444,444,16,16,114,114,133,151,151,171,190,190,215,227,227,245,299,20,20,54,54,54],"floor_reached":51,"playtime":2563,"items_purged":["Doubt","Decay","Defend_R"],"score":1213,"play_id":"b03665ab-b0fa-4dcb-8887-0ef4b6371ab5","local_time":"20190224002953","is_ascension_mode":true,"campfire_choices":[{"data":"True Grit","floor":6,"key":"SMITH"},{"data":"Bash","floor":8,"key":"SMITH"},{"data":"Sever Soul","floor":10,"key":"SMITH"},{"data":"Power Through","floor":15,"key":"SMITH"},{"data":"Barricade","floor":23,"key":"SMITH"},{"data":"Demon Form","floor":25,"key":"SMITH"},{"floor":30,"key":"REST"},{"floor":32,"key":"REST"},{"data":"Feel No Pain","floor":40,"key":"SMITH"},{"floor":47,"key":"REST"},{"floor":49,"key":"REST"}],"neow_cost":"NONE","seed_source_timestamp":332090699195300,"circlet_count":0,"master_deck":["AscendersBane","Defend_R","Defend_R","Defend_R","Bash+1","Sever Soul+1","True Grit+1","Clash","Headbutt","Power Through+1","Demon Form+1","Evolve","Discovery","Ghostly Armor","Barricade+1","Second Wind","Flex+1","Power Through","Clothesline+1","Juggernaut","Headbutt+1","Pummel+1","Impervious+1","Body Slam+1","Armaments+1","Seeing Red","Feel No Pain+1","Sword Boomerang+1","Clash+1","Anger+1","Corruption","Body Slam+1"],"relics":["Burning Blood","Meat on the Bone","Juzu Bracelet","Mercury Hourglass","Orichalcum","Question Card","Mark of Pain","Paper Frog","Dead Branch","Molten Egg 2","Old Coin","Bag of Marbles","Bottled Tornado","Astrolabe","Potion Belt","Shuriken","FossilizedHelix","Frozen Egg 2"],"potions_floor_usage":[7,11,13,16,16,22,33,36,45,50,50],"damage_taken":[{"damage":7,"enemies":"Small Slimes","floor":1,"turns":3},{"damage":6,"enemies":"Cultist","floor":4,"turns":4},{"damage":57,"enemies":"3 Sentries","floor":7,"turns":10},{"damage":0,"enemies":"Gremlin Nob","floor":11,"turns":2},{"damage":2,"enemies":"Jaw Worm","floor":12,"turns":4},{"damage":25,"enemies":"Lagavulin","floor":13,"turns":5},{"damage":40,"enemies":"Slime Boss","floor":16,"turns":12},{"damage":30,"enemies":"Shell Parasite","floor":18,"turns":7},{"damage":20,"enemies":"3 Byrds","floor":21,"turns":5},{"damage":17,"enemies":"Sentry and Sphere","floor":22,"turns":4},{"damage":8,"enemies":"Snake Plant","floor":24,"turns":5},{"damage":57,"enemies":"Book of Stabbing","floor":27,"turns":8},{"damage":24,"enemies":"Champ","floor":33,"turns":6},{"damage":4,"enemies":"3 Shapes","floor":35,"turns":6},{"damage":14,"enemies":"3 Darklings","floor":36,"turns":9},{"damage":38,"enemies":"Writhing Mass","floor":38,"turns":6},{"damage":17,"enemies":"Spire Growth","floor":39,"turns":6},{"damage":37,"enemies":"Jaw Worm Horde","floor":42,"turns":6},{"damage":8,"enemies":"Sphere and 2 Shapes","floor":44,"turns":3},{"damage":40,"enemies":"2 Orb Walkers","floor":45,"turns":6},{"damage":17,"enemies":"Nemesis","floor":48,"turns":5},{"damage":76,"enemies":"Awakened One","floor":50,"turns":12}],"seed_played":"-1179193985994080473","potions_obtained":[{"floor":1,"key":"SteroidPotion"},{"floor":7,"key":"Strength Potion"},{"floor":12,"key":"EntropicBrew"},{"floor":21,"key":"Explosive Potion"},{"floor":27,"key":"SmokeBomb"},{"floor":35,"key":"Weak Potion"},{"floor":36,"key":"Block Potion"},{"floor":39,"key":"Ancient Potion"},{"floor":44,"key":"FairyPotion"}],"is_trial":false,"path_per_floor":["M","?","?","M","?","R","E","R","T","R","E","M","E","T","R","B",null,"M","?","$","M","M","R","M","R","T","E","T","?","R","$","R","B",null,"M","M","?","M","M","R","T","M","T","M","?","$","R","E","R","B",null],"character_chosen":"IRONCLAD","items_purchased":["Dead Branch","Strength Potion","Discovery","Bottled Tornado","Power Through","Clothesline+1","Corruption","LiquidBronze"],"campfire_rested":4,"item_purchase_floors":[20,20,20,31,31,31,46,46],"current_hp_per_floor":[79,79,79,79,79,79,28,28,28,28,46,62,55,55,55,33,74,62,62,62,60,61,61,59,59,59,20,20,20,46,46,72,54,80,82,74,74,54,55,55,55,36,36,46,24,24,50,51,77,19],"gold":54,"neow_bonus":"TEN_PERCENT_HP_BONUS","is_prod":false,"is_daily":false,"chose_seed":false,"campfire_upgraded":7,"win_rate":0,"timestamp":1550964593,"path_taken":["M","?","?","?","?","R","E","R","T","R","E","M","E","?","R","BOSS","M","?","$","M","M","R","M","R","T","E","?","?","R","$","R","BOSS","M","M","?","M","M","R","?","M","T","M","?","$","R","E","R","BOSS"],"build_version":"2019-01-23","purchased_purges":3,"victory":true,"max_hp_per_floor":[88,88,88,88,88,88,88,88,88,88,88,88,88,88,88,88,88,88,88,88,88,88,88,88,88,88,88,88,88,88,88,88,88,88,88,88,88,88,88,88,88,88,88,88,88,88,88,88,88,88],"card_choices":[{"not_picked":["Hemokinesis","Sentinel"],"picked":"Sever Soul","floor":1},{"not_picked":["Wild Strike","Shrug It Off"],"picked":"True Grit","floor":4},{"not_picked":["Battle Trance","Thunderclap"],"picked":"Clash","floor":7},{"not_picked":["Intimidate","Seeing Red"],"picked":"Clash","floor":11},{"not_picked":["True Grit","Clothesline"],"picked":"Headbutt","floor":12},{"not_picked":["Sword Boomerang","Sever Soul"],"picked":"Power Through","floor":13},{"not_picked":["Impervious","Exhume","Dark Embrace"],"picked":"Demon Form","floor":16},{"not_picked":["Iron Wave","Anger","Flex"],"picked":"Evolve","floor":18},{"not_picked":["Pommel Strike","Thunderclap","Fire Breathing"],"picked":"Ghostly Armor","floor":21},{"not_picked":["Flex","Headbutt","Anger"],"picked":"Barricade","floor":22},{"not_picked":["Fire Breathing","Headbutt","Warcry"],"picked":"Second Wind","floor":24},{"not_picked":["Disarm","Sever Soul+1","Armaments"],"picked":"Flex+1","floor":27},{"not_picked":["Dark Embrace","Feed+1","Fiend Fire+1"],"picked":"Juggernaut","floor":33},{"not_picked":["Flex+1","Hemokinesis+1","Pommel Strike+1"],"picked":"Body Slam+1","floor":35},{"not_picked":["Hemokinesis+1","Intimidate","Anger+1"],"picked":"Armaments+1","floor":36},{"not_picked":["Iron Wave+1","Flex","Perfected Strike+1"],"picked":"Seeing Red","floor":38},{"not_picked":["True Grit+1","Flex","Searing Blow+1"],"picked":"Feel No Pain","floor":39},{"not_picked":["Combust","Infernal Blade","Armaments"],"picked":"Sword Boomerang+1","floor":42},{"not_picked":["Sword Boomerang+1","Thunderclap+1","Inflame"],"picked":"Clash+1","floor":44},{"not_picked":["Carnage+1","Disarm","True Grit+1"],"picked":"Anger+1","floor":45},{"not_picked":["Flex","Hemokinesis+1","Thunderclap+1"],"picked":"Body Slam+1","floor":48}],"player_experience":840269,"relics_obtained":[{"floor":7,"key":"Meat on the Bone"},{"floor":9,"key":"Juzu Bracelet"},{"floor":11,"key":"Mercury Hourglass"},{"floor":13,"key":"Orichalcum"},{"floor":14,"key":"Question Card"},{"floor":26,"key":"Molten Egg 2"},{"floor":27,"key":"Old Coin"},{"floor":28,"key":"Bag of Marbles"},{"floor":41,"key":"Potion Belt"},{"floor":43,"key":"Shuriken"},{"floor":45,"key":"FossilizedHelix"},{"floor":48,"key":"Frozen Egg 2"}],"event_choices":[{"cards_removed":["Strike_R"],"damage_healed":0,"gold_gain":0,"player_choice":"Card Removal","damage_taken":0,"max_hp_gain":0,"max_hp_loss":0,"event_name":"The Cleric","floor":2,"gold_loss":50},{"cards_removed":["Strike_R"],"damage_healed":0,"gold_gain":0,"player_choice":"Purged","damage_taken":0,"max_hp_gain":0,"max_hp_loss":0,"event_name":"Purifier","floor":3,"gold_loss":0},{"damage_healed":0,"gold_gain":175,"player_choice":"AGREE","damage_taken":0,"max_hp_gain":0,"max_hp_loss":0,"event_name":"Liars Game","floor":5,"gold_loss":0,"cards_obtained":["Doubt"]},{"damage_healed":0,"gold_gain":0,"player_choice":"Opened","damage_taken":0,"relics_obtained":["Paper Frog"],"max_hp_gain":0,"max_hp_loss":0,"event_name":"The Mausoleum","floor":19,"gold_loss":0},{"damage_healed":0,"gold_gain":0,"player_choice":"Smashed Altar","damage_taken":0,"max_hp_gain":0,"max_hp_loss":0,"event_name":"Forgotten Altar","floor":29,"gold_loss":0,"cards_obtained":["Decay"]},{"cards_removed":["Clash"],"damage_healed":0,"gold_gain":0,"player_choice":"Removed Attack","damage_taken":0,"max_hp_gain":0,"max_hp_loss":0,"event_name":"Falling","floor":37,"gold_loss":0},{"damage_healed":0,"gold_gain":0,"player_choice":"Fight","damage_taken":0,"max_hp_gain":0,"max_hp_loss":0,"event_name":"Mysterious Sphere","floor":45,"gold_loss":0}],"is_beta":false,"boss_relics":[{"not_picked":["Runic Cube","Lizard Tail"],"picked":"Mark of Pain"},{"not_picked":["Runic Pyramid","Philosopher\u0027s Stone"],"picked":"Astrolabe"}],"items_purged_floors":[20,31,46],"is_endless":false,"potions_floor_spawned":[1,7,12,21,27,35,36,39,44],"ascension_level":12}