{"gold_per_floor":[115,134,59,75,85,100,100,119,142,142,162,162,62,90,90,189,189,200,75,75,85,85,85,103,117,140,140,159,159,9,21,21,21],"floor_reached":33,"playtime":2357,"items_purged":["Strike_B","Strike_B","Strike_B","Defend_B"],"score":276,"play_id":"e0bf53b5-b74f-4e30-9208-20921ed22bc7","local_time":"20190531225925","is_ascension_mode":false,"campfire_choices":[{"data":"Dualcast","floor":7,"key":"SMITH"},{"data":"Sunder","floor":10,"key":"SMITH"},{"floor":15,"key":"REST"},{"data":"Rainbow","floor":23,"key":"SMITH"},{"data":"Zap","floor":27,"key":"SMITH"},{"data":"Steam","floor":29,"key":"SMITH"},{"floor":32,"key":"REST"}],"neow_cost":"NONE","seed_source_timestamp":623727240993440,"circlet_count":0,"master_deck":["Defend_B","Defend_B","Defend_B","Zap+1","Dualcast+1","Darkness","Leap","Steam+1","Steam","Sunder+1","Rainbow+1","Steam","All For One","Steam+1"],"relics":["Cracked Core","Orichalcum","Darkstone Periapt","Runic Dome","Happy Flower"],"potions_floor_usage":[14,14,16,28,33,33],"damage_taken":[{"damage":1,"enemies":"Cultist","floor":1,"turns":3},{"damage":0,"enemies":"Small Slimes","floor":2,"turns":3},{"damage":6,"enemies":"Jaw Worm","floor":4,"turns":4},{"damage":25,"enemies":"Gremlin Gang","floor":5,"turns":7},{"damage":0,"enemies":"2 Fungi Beasts","floor":6,"turns":4},{"damage":0,"enemies":"Exordium Wildlife","floor":8,"turns":3},{"damage":2,"enemies":"Gremlin Gang","floor":11,"turns":5},{"damage":20,"enemies":"Lagavulin","floor":14,"turns":6},{"damage":18,"enemies":"Hexaghost","floor":16,"turns":9},{"damage":2,"enemies":"Shell Parasite","floor":18,"turns":6},{"damage":15,"enemies":"3 Byrds","floor":21,"turns":6},{"damage":0,"enemies":"Centurion and Healer","floor":24,"turns":6},{"damage":10,"enemies":"Snecko","floor":25,"turns":5},{"damage":0,"enemies":"Chosen and Byrds","floor":28,"turns":5},{"damage":9,"enemies":"Shelled Parasite and Fungi","floor":31,"turns":5},{"damage":80,"enemies":"Champ","floor":33,"turns":12}],"seed_played":"-7578842056554679021","potions_obtained":[{"floor":6,"key":"Fire Potion"},{"floor":8,"key":"SteroidPotion"},{"floor":11,"key":"SteroidPotion"},{"floor":24,"key":"SteroidPotion"},{"floor":25,"key":"Poison Potion"},{"floor":31,"key":"Weak Potion"}],"is_trial":false,"path_per_floor":["M","M","$","M","M","M","R","M","T","R","M","?","$","E","R","B",null,"M","$","?","M","?","R","M","M","T","R","M","R","$","M","R","B"],"character_chosen":"DEFECT","items_purchased":[],"campfire_rested":2,"item_purchase_floors":[],"current_hp_per_floor":[81,81,81,75,50,50,50,50,50,50,48,48,48,28,52,34,82,80,80,80,65,65,65,65,55,55,55,55,55,55,46,70,0],"gold":21,"neow_bonus":"TEN_PERCENT_HP_BONUS","is_prod":false,"is_daily":false,"chose_seed":false,"campfire_upgraded":5,"win_rate":0.0,"timestamp":1559357965,"path_taken":["M","?","$","M","M","M","R","M","T","R","M","?","?","E","R","BOSS","M","$","?","?","?","R","M","M","T","R","M","R","?","?","R","BOSS"],"build_version":"2019-01-23","purchased_purges":4,"victory":false,"max_hp_per_floor":[82,82,82,82,82,82,82,82,82,82,82,82,82,82,82,82,82,82,82,82,82,82,82,82,82,82,82,82,82,82,82,82,82],"card_choices":[{"not_picked":["Steam","Coolheaded"],"picked":"Darkness","floor":1},{"not_picked":["Hello World","Gash"],"picked":"Leap","floor":2},{"not_picked":["Go for the Eyes","Chaos","Coolheaded"],"picked":"SKIP","floor":4},{"not_picked":["Stack","Rebound"],"picked":"Steam","floor":5},{"not_picked":["Go for the Eyes","Stack"],"picked":"Steam","floor":6},{"not_picked":["Rebound","Beam Cell"],"picked":"Sunder","floor":8},{"not_picked":["Recycle","Rebound"],"picked":"Rainbow","floor":11},{"not_picked":["Doom and Gloom","Compile Driver"],"picked":"Steam","floor":14},{"not_picked":["Seek","Electrodynamics"],"picked":"All For One","floor":16},{"not_picked":["Steam","Conserve Battery","Go for the Eyes"],"picked":"SKIP","floor":18},{"not_picked":["Ball Lightning+1","Cold Snap+1","Gash+1"],"picked":"SKIP","floor":21},{"not_picked":["Capacitor","Conserve Battery+1","Compile Driver"],"picked":"SKIP","floor":24},{"not_picked":["Force Field+1","Stack","Conserve Battery+1"],"picked":"SKIP","floor":25},{"not_picked":["Cold Snap","Steam","Streamline"],"picked":"SKIP","floor":28},{"not_picked":["Cold Snap","Scrape"],"picked":"Steam+1","floor":31}],"player_experience":71720,"relics_obtained":[{"floor":9,"key":"Orichalcum"},{"floor":14,"key":"Darkstone Periapt"},{"floor":26,"key":"Happy Flower"}],"event_choices":[{"damage_healed":0,"gold_gain":0,"player_choice":"Leave","damage_taken":0,"max_hp_gain":0,"max_hp_loss":0,"event_name":"FaceTrader","floor":12,"gold_loss":0},{"cards_removed":["Strike_B"],"damage_healed":0,"gold_gain":0,"player_choice":"Purged","damage_taken":0,"max_hp_gain":0,"max_hp_loss":0,"event_name":"Purifier","floor":20,"gold_loss":0},{"damage_healed":0,"gold_gain":0,"player_choice":"Ignored","damage_taken":0,"max_hp_gain":0,"max_hp_loss":0,"event_name":"Vampires","floor":22,"gold_loss":0}],"is_beta":false,"boss_relics":[{"not_picked":["White Beast Statue","Pandora\u0027s Box"],"picked":"Runic Dome"}],"items_purged_floors":[3,13,19,30],"is_endless":false,"potions_floor_spawned":[6,8,11,24,25,31],"killed_by":"Champ","ascension_level":0}