{"gold_per_floor":[15,65,65,81,98,98,108,142,191,191,206,206,4,24,24,102,102,112,112,112,132,146,146,146],"floor_reached":24,"playtime":917,"items_purged":["Strike_B"],"score":347,"play_id":"205c5ce3-9001-4ba5-9e33-21f1f64312e1","local_time":"20190517141339","is_ascension_mode":true,"campfire_choices":[{"data":"Ball Lightning","floor":6,"key":"SMITH"},{"data":"Streamline","floor":10,"key":"SMITH"},{"data":"Leap","floor":12,"key":"SMITH"},{"floor":15,"key":"REST"},{"data":"Echo Form","floor":23,"key":"SMITH"}],"neow_cost":"NO_GOLD","seed_source_timestamp":312912248852600,"circlet_count":0,"master_deck":["AscendersBane","Strike_B+1","Defend_B","Zap+1","Dualcast","Ball Lightning+1","Leap+1","Cold Snap+1","Streamline+1","Hologram","Self Repair","Sweeping Beam","Streamline","Echo Form+1","Glacier+1","Storm+1","Lockon+1","Compile Driver","RitualDagger","Storm+1","Leap+1"],"relics":["Cracked Core","Regal Pillow","Whetstone","Centennial Puzzle","Astrolabe"],"potions_floor_usage":[7,14,16,16,21,22,24],"damage_taken":[{"damage":1,"enemies":"Cultist","floor":1,"turns":4},{"damage":7,"enemies":"Jaw Worm","floor":4,"turns":3},{"damage":0,"enemies":"Small Slimes","floor":5,"turns":3},{"damage":5,"enemies":"Gremlin Gang","floor":7,"turns":3},{"damage":22,"enemies":"3 Sentries","floor":8,"turns":8},{"damage":0,"enemies":"Large Slime","floor":11,"turns":3},{"damage":11,"enemies":"Exordium Wildlife","floor":14,"turns":3},{"damage":1,"enemies":"Slime Boss","floor":16,"turns":7},{"damage":11,"enemies":"Spheric Guardian","floor":18,"turns":3},{"damage":12,"enemies":"Chosen","floor":21,"turns":3},{"damage":26,"enemies":"Centurion and Healer","floor":22,"turns":7},{"damage":51,"enemies":"Gremlin Leader","floor":24,"turns":5}],"seed_played":"9192619444445123349","potions_obtained":[{"floor":5,"key":"Strength Potion"},{"floor":7,"key":"FearPotion"},{"floor":11,"key":"FocusPotion"},{"floor":14,"key":"Poison Potion"},{"floor":16,"key":"AttackPotion"},{"floor":18,"key":"AttackPotion"},{"floor":21,"key":"SkillPotion"}],"is_trial":false,"path_per_floor":["M","T","?","M","M","R","M","E","T","R","M","R","$","M","R","B",null,"M","?","?","M","M","R","E"],"character_chosen":"DEFECT","items_purchased":["Self Repair","Sweeping Beam"],"campfire_rested":1,"item_purchase_floors":[13,13],"current_hp_per_floor":[63,63,63,56,56,56,51,29,29,29,29,29,29,25,61,67,70,66,60,60,62,43,43,0],"gold":146,"neow_bonus":"REMOVE_TWO","is_prod":false,"is_daily":false,"chose_seed":false,"campfire_upgraded":4,"win_rate":0,"timestamp":1558095219,"path_taken":["M","?","?","M","M","R","?","E","T","R","M","R","$","M","R","BOSS","M","?","?","?","M","R","E"],"build_version":"2019-01-23","purchased_purges":1,"victory":false,"max_hp_per_floor":[71,71,71,71,71,71,71,71,71,71,71,71,71,71,71,71,71,71,71,71,71,71,71,71],"card_choices":[{"not_picked":["Turbo","Recycle","Force Field"],"picked":"SKIP","floor":1},{"not_picked":["Melter","Gash"],"picked":"Ball Lightning","floor":4},{"not_picked":["Blizzard","Streamline"],"picked":"Leap","floor":5},{"not_picked":["Consume","Auto Shields"],"picked":"Cold Snap","floor":7},{"not_picked":["Turbo","Scrape"],"picked":"Streamline","floor":8},{"not_picked":["Recycle","Sweeping Beam"],"picked":"Hologram","floor":11},{"not_picked":["Stack","Seek"],"picked":"Streamline","floor":14},{"not_picked":["Multi-Cast","Biased Cognition"],"picked":"Echo Form","floor":16},{"not_picked":["White Noise","Beam Cell"],"picked":"Compile Driver","floor":18},{"not_picked":["Static Discharge","Reprogram","Compile Driver"],"picked":"SKIP","floor":21},{"not_picked":["Coolheaded","Compile Driver"],"picked":"Leap+1","floor":22}],"player_experience":1125775,"relics_obtained":[{"floor":2,"key":"Regal Pillow"},{"floor":8,"key":"Whetstone"},{"floor":9,"key":"Centennial Puzzle"}],"event_choices":[{"damage_healed":0,"gold_gain":0,"player_choice":"Forge","damage_taken":0,"max_hp_gain":0,"max_hp_loss":0,"event_name":"Accursed Blacksmith","floor":3,"gold_loss":0,"cards_upgraded":["Zap"]},{"damage_healed":0,"gold_gain":0,"player_choice":"Joined the Cult","damage_taken":6,"max_hp_gain":0,"max_hp_loss":0,"event_name":"Nest","floor":19,"gold_loss":0,"cards_obtained":["RitualDagger"]},{"damage_healed":0,"gold_gain":0,"player_choice":"Copied","damage_taken":0,"max_hp_gain":0,"max_hp_loss":0,"event_name":"Duplicator","floor":20,"gold_loss":0,"cards_obtained":["Storm"]}],"is_beta":false,"boss_relics":[{"not_picked":["FrozenCore","Nuclear Battery"],"picked":"Astrolabe"}],"items_purged_floors":[13],"is_endless":false,"potions_floor_spawned":[5,7,11,14,16,18,21],"killed_by":"Gremlin Leader","ascension_level":15}