{"gold_per_floor":[116,266,266,191,71,71,99,15,15,15,40,40,40,52,52,127,127,143,173,188,30,43,43,53,53,102,102,17,17,17,44,44,122,122,141,187,206,216,216,216,234,234,258,285,285,11,24,24,24,24,24],"floor_reached":51,"playtime":1878,"items_purged":["Strike_R"],"score":1394,"play_id":"6dfc46d8-e6c6-48f3-be4b-9d4759ab9a11","local_time":"20181222223726","is_ascension_mode":true,"campfire_choices":[{"data":"Carnage","floor":6.0,"key":"SMITH"},{"data":"Limit Break","floor":13.0,"key":"SMITH"},{"data":"Bash","floor":15.0,"key":"SMITH"},{"data":"Flame Barrier","floor":23.0,"key":"SMITH"},{"floor":27.0,"key":"REST"},{"floor":30.0,"key":"REST"},{"floor":32.0,"key":"REST"},{"floor":40.0,"key":"REST"},{"floor":42.0,"key":"REST"},{"floor":49.0,"key":"REST"}],"neow_cost":"NONE","seed_source_timestamp":46389098467109,"circlet_count":0,"master_deck":["AscendersBane","Strike_R+1","Strike_R+1","Strike_R+1","Defend_R+1","Defend_R+1","Defend_R+1","Defend_R+1","Bash+1","Carnage+1","Evolve","Flame Barrier+1","Iron Wave+1","Limit Break+1","Cleave","Fiend Fire","Headbutt+1","Cleave","Shockwave+1","Thunderclap","Shrug It Off","Dual Wield","Double Tap+1","Shockwave+1","Spot Weakness+1"],"special_seed":0,"relics":["Burning Blood","NeowsBlessing","Shuriken","Pear","Omamori","Thread and Needle","Busted Crown","Red Mask","Whetstone","Regal Pillow","Dodecahedron","Bottled Lightning","Velvet Choker","Pocketwatch","Vajra","Self Forming Clay","Kunai","The Courier"],"potions_floor_usage":[],"damage_taken":[{"damage":0.0,"enemies":"Cultist","floor":1.0,"turns":1.0},{"damage":0.0,"enemies":"Gremlin Nob","floor":7.0,"turns":1.0},{"damage":0.0,"enemies":"3 Sentries","floor":11.0,"turns":2.0},{"damage":0.0,"enemies":"Small Slimes","floor":14.0,"turns":3.0},{"damage":35.0,"enemies":"Hexaghost","floor":16.0,"turns":9.0},{"damage":15.0,"enemies":"Spheric Guardian","floor":18.0,"turns":4.0},{"damage":20.0,"enemies":"Masked Bandits","floor":19.0,"turns":4.0},{"damage":10.0,"enemies":"2 Thieves","floor":20.0,"turns":4.0},{"damage":9.0,"enemies":"Centurion and Healer","floor":22.0,"turns":3.0},{"damage":20.0,"enemies":"Shelled Parasite and Fungi","floor":24.0,"turns":4.0},{"damage":15.0,"enemies":"Slavers","floor":31.0,"turns":5.0},{"damage":84.0,"enemies":"Automaton","floor":33.0,"turns":11.0},{"damage":0.0,"enemies":"3 Darklings","floor":35.0,"turns":6.0},{"damage":23.0,"enemies":"2 Orb Walkers","floor":36.0,"turns":5.0},{"damage":17.0,"enemies":"Orb Walker","floor":37.0,"turns":3.0},{"damage":5.0,"enemies":"Sphere and 2 Shapes","floor":38.0,"turns":4.0},{"damage":16.0,"enemies":"4 Shapes","floor":41.0,"turns":6.0},{"damage":23.0,"enemies":"Reptomancer","floor":44.0,"turns":3.0},{"damage":24.0,"enemies":"Spire Growth","floor":47.0,"turns":3.0},{"damage":66.0,"enemies":"Time Eater","floor":50.0,"turns":10.0},{"damage":45,"enemies":"Donu and Deca","floor":51,"turns":6}],"seed_played":"-6231912856019223767","potions_obtained":[{"floor":7.0,"key":"AttackPotion"},{"floor":14.0,"key":"EssenceOfSteel"},{"floor":19.0,"key":"AttackPotion"},{"floor":20.0,"key":"SkillPotion"},{"floor":22.0,"key":"Energy Potion"},{"floor":33.0,"key":"Energy Potion"},{"floor":37.0,"key":"SteroidPotion"},{"floor":38.0,"key":"EssenceOfSteel"},{"floor":44.0,"key":"Regen Potion"}],"is_trial":false,"path_per_floor":["M","?","?","?","$","R","E","$","T","?","E","$","R","M","R","B",null,"M","?","M","$","M","R","M","?","T","R","?","$","R","E","R","B",null,"M","?","M","M","?","R","M","R","T","E","?","$","M","T","R","B","B"],"character_chosen":"IRONCLAD","items_purchased":["Evolve","Shrug It Off","Iron Wave","Whetstone","Kunai"],"campfire_rested":6,"item_purchase_floors":[5,8,8,21,46],"current_hp_per_floor":[74,74,39,39,39,39,55,55,55,48,54,54,54,60,60,31,72,63,49,45,45,42,42,28,28,28,68,68,68,85,76,85,7,66,72,55,44,45,45,85,75,85,85,68,68,68,50,50,85,34,0],"gold":24,"neow_bonus":"THREE_ENEMY_KILL","is_prod":false,"is_daily":false,"chose_seed":false,"campfire_upgraded":4,"win_rate":0,"timestamp":1545514646,"path_taken":["M","?","?","?","?","R","E","$","T","?","E","$","R","M","R","BOSS","M","?","M","$","M","R","M","?","T","R","?","$","R","E","R","BOSS","M","?","M","M","?","R","?","R","T","E","?","$","M","?","R","BOSS","BOSS"],"build_version":"2018-12-20","purchased_purges":1,"victory":false,"max_hp_per_floor":[75,75,75,75,75,75,85,85,85,85,85,85,85,85,85,85,85,85,85,85,85,85,85,85,85,85,85,85,85,85,85,85,85,85,85,85,85,85,85,85,85,85,85,85,85,85,85,85,85,85,85],"card_choices":[{"not_picked":["Shrug It Off","Rampage"],"picked":"Carnage","floor":1.0},{"not_picked":["Anger","Clash"],"picked":"Flame Barrier","floor":7.0},{"not_picked":["Dual Wield","Warcry"],"picked":"Limit Break","floor":11.0},{"not_picked":["Heavy Blade","Rage"],"picked":"Cleave","floor":14.0},{"not_picked":["Berserk","Immolate"],"picked":"Fiend Fire","floor":16.0},{"not_picked":[],"picked":"Headbutt+1","floor":18.0},{"not_picked":[],"picked":"Cleave","floor":19.0},{"not_picked":[],"picked":"Shockwave+1","floor":20.0},{"not_picked":[],"picked":"Thunderclap","floor":22.0},{"not_picked":[],"picked":"Shrug It Off","floor":24.0},{"not_picked":[],"picked":"Dual Wield","floor":31.0},{"not_picked":[],"picked":"Double Tap","floor":33.0},{"not_picked":["Armaments"],"picked":"SKIP","floor":35.0},{"not_picked":[],"picked":"Shockwave+1","floor":37.0},{"not_picked":[],"picked":"Spot Weakness+1","floor":38.0},{"not_picked":["Rampage"],"picked":"SKIP","floor":41.0},{"not_picked":["Clash+1"],"picked":"SKIP","floor":44.0},{"not_picked":["Cleave"],"picked":"SKIP","floor":47.0}],"player_experience":534966,"relics_obtained":[{"floor":7.0,"key":"Pear"},{"floor":9.0,"key":"Omamori"},{"floor":11.0,"key":"Thread and Needle"},{"floor":19.0,"key":"Red Mask"},{"floor":26.0,"key":"Regal Pillow"},{"floor":31.0,"key":"Bottled Lightning"},{"floor":36.0,"key":"Pocketwatch"},{"floor":43.0,"key":"Vajra"},{"floor":44.0,"key":"Self Forming Clay"},{"floor":48.0,"key":"The Courier"}],"event_choices":[{"damage_healed":0.0,"max_hp_gain":0.0,"max_hp_loss":0.0,"gold_gain":150.0,"event_name":"Liars Game","player_choice":"AGREE","floor":2.0,"gold_loss":0.0,"damage_taken":0.0,"cards_obtained":["Doubt"]},{"damage_healed":0.0,"max_hp_gain":0.0,"max_hp_loss":0.0,"gold_gain":0.0,"event_name":"Scrap Ooze","player_choice":"Success","floor":3.0,"gold_loss":0.0,"damage_taken":35.0,"relics_obtained":["Shuriken"]},{"cards_removed":["Doubt"],"damage_healed":0.0,"max_hp_gain":0.0,"max_hp_loss":0.0,"gold_gain":0.0,"event_name":"The Cleric","player_choice":"Card Removal","floor":4.0,"gold_loss":75.0,"damage_taken":0.0},{"cards_removed":["Strike_R"],"damage_healed":0.0,"max_hp_gain":0.0,"max_hp_loss":0.0,"gold_gain":0.0,"event_name":"Golden Wing","player_choice":"Card Removal","floor":10.0,"gold_loss":0.0,"damage_taken":7.0},{"damage_healed":0.0,"max_hp_gain":0.0,"max_hp_loss":0.0,"gold_gain":0.0,"event_name":"Masked Bandits","player_choice":"Fought Bandits","floor":19.0,"gold_loss":0.0,"damage_taken":0.0},{"damage_healed":0.0,"max_hp_gain":0.0,"max_hp_loss":0.0,"gold_gain":0.0,"event_name":"Back to Basics","player_choice":"Simplicity","floor":25.0,"gold_loss":0.0,"damage_taken":0.0,"cards_upgraded":["Strike_R","Strike_R","Defend_R","Defend_R","Defend_R","Defend_R"]},{"damage_healed":0.0,"max_hp_gain":0.0,"max_hp_loss":0.0,"gold_gain":0.0,"event_name":"Addict","player_choice":"Obtained Relic","floor":28.0,"gold_loss":85.0,"damage_taken":0.0,"relics_obtained":["Dodecahedron"]},{"damage_healed":0.0,"max_hp_gain":0.0,"max_hp_loss":0.0,"gold_gain":0.0,"event_name":"Mysterious Sphere","player_choice":"Fight","floor":36.0,"gold_loss":0.0,"damage_taken":0.0},{"damage_healed":0.0,"max_hp_gain":0.0,"max_hp_loss":0.0,"gold_gain":0.0,"event_name":"Upgrade Shrine","player_choice":"Upgraded","floor":39.0,"gold_loss":0.0,"damage_taken":0.0,"cards_upgraded":["Double Tap"]},{"cards_removed":["Shrug It Off"],"damage_healed":0.0,"max_hp_gain":0.0,"max_hp_loss":0.0,"gold_gain":0.0,"event_name":"Falling","player_choice":"Removed Skill","floor":45.0,"gold_loss":0.0,"damage_taken":0.0}],"is_beta":false,"boss_relics":[{"not_picked":["Runic Pyramid","Lizard Tail"],"picked":"Busted Crown"},{"not_picked":["Black Star","Snecko Eye"],"picked":"Velvet Choker"}],"items_purged_floors":[5],"is_endless":false,"potions_floor_spawned":[7,14,19,20,22,33,37,38,44],"killed_by":"Donu and Deca","ascension_level":20}