{"gold_per_floor":[109,184,184,197,211,211,230,230,254,254,270,295,315,346,346,418,418,400,410,263,275,293,293,311,311,311,311,140,154,154,165,165,239,239,256,272,147,164,181,181,181,199,199,216,66,66,82,101,101,101],"floor_reached":51,"playtime":6381,"items_purged":["Strike_G","Strike_G","Bite","Dagger Spray"],"score":1167,"play_id":"3be64639-8628-48d7-bdf9-da24a6356271","local_time":"20191002232648","is_ascension_mode":true,"campfire_choices":[{"data":"Footwork","floor":6.0,"key":"SMITH"},{"data":"Malaise","floor":8.0,"key":"SMITH"},{"data":"Neutralize","floor":10.0,"key":"SMITH"},{"floor":15.0,"key":"REST"},{"data":"Noxious Fumes","floor":23.0,"key":"SMITH"},{"data":"Sucker Punch","floor":25.0,"key":"SMITH"},{"data":"Leg Sweep","floor":27.0,"key":"SMITH"},{"data":"Footwork","floor":32.0,"key":"SMITH"},{"floor":41,"key":"REST"},{"floor":49,"key":"REST"}],"neow_cost":"NONE","seed_source_timestamp":0,"circlet_count":0,"master_deck":["AscendersBane","Defend_G","Defend_G","Defend_G","Defend_G","Defend_G","Survivor","Neutralize+1","Footwork+1","Malaise+1","Dagger Throw+1","Leg Sweep+1","Sucker Punch+1","Adrenaline","Noxious Fumes+1","Leg Sweep","Footwork+1","Bite","Bite","Bite","Die Die Die","Blur"],"special_seed":0,"relics":["Runic Pyramid","Happy Flower","Whetstone","Sozu","Dodecahedron","Fusion Hammer","Bottled Tornado"],"potions_floor_usage":[33,50],"damage_taken":[{"damage":0.0,"enemies":"Jaw Worm","floor":1.0,"turns":5.0},{"damage":3.0,"enemies":"2 Louse","floor":4.0,"turns":4.0},{"damage":0.0,"enemies":"Small Slimes","floor":5.0,"turns":4.0},{"damage":9.0,"enemies":"Exordium Thugs","floor":7.0,"turns":10.0},{"damage":7.0,"enemies":"Large Slime","floor":11.0,"turns":9.0},{"damage":23.0,"enemies":"3 Sentries","floor":12.0,"turns":14.0},{"damage":0.0,"enemies":"Exordium Wildlife","floor":13.0,"turns":5.0},{"damage":14.0,"enemies":"Gremlin Nob","floor":14.0,"turns":7.0},{"damage":0.0,"enemies":"The Guardian","floor":16.0,"turns":16.0},{"damage":7.0,"enemies":"2 Thieves","floor":18.0,"turns":4.0},{"damage":6.0,"enemies":"Spheric Guardian","floor":19.0,"turns":6.0},{"damage":1.0,"enemies":"Snecko","floor":21.0,"turns":9.0},{"damage":2.0,"enemies":"Sentry and Sphere","floor":22.0,"turns":8.0},{"damage":1.0,"enemies":"Centurion and Healer","floor":24.0,"turns":9.0},{"damage":0.0,"enemies":"Snecko","floor":29.0,"turns":7.0},{"damage":8.0,"enemies":"Sentry and Sphere","floor":31.0,"turns":8.0},{"damage":7,"enemies":"Champ","floor":33,"turns":16},{"damage":30,"enemies":"3 Darklings","floor":35,"turns":13},{"damage":1,"enemies":"3 Shapes","floor":36,"turns":8},{"damage":14,"enemies":"Spire Growth","floor":38,"turns":9},{"damage":23,"enemies":"4 Shapes","floor":39,"turns":11},{"damage":10,"enemies":"3 Darklings","floor":42,"turns":7},{"damage":63,"enemies":"Sphere and 2 Shapes","floor":44,"turns":7},{"damage":10,"enemies":"4 Shapes","floor":47,"turns":5},{"damage":0,"enemies":"Spire Growth","floor":48,"turns":22},{"damage":12,"enemies":"Time Eater","floor":50,"turns":23}],"seed_played":"-7128969800137162734","potions_obtained":[{"floor":5.0,"key":"LiquidBronze"},{"floor":11.0,"key":"Block Potion"},{"floor":14.0,"key":"EssenceOfSteel"}],"is_trial":false,"path_per_floor":["M","?","?","M","M","R","M","R","T","R","M","E","M","E","R","B",null,"M","M","$","M","M","R","M","R","T","R","$","M","?","M","R","B",null,"M","M","$","M","M","?","R","M","T","M","$","?","M","M","R","B",null],"character_chosen":"THE_SILENT","items_purchased":["Leg Sweep","Footwork"],"campfire_rested":3,"item_purchase_floors":[20,28],"current_hp_per_floor":[59,48,53,50,50,50,41,41,41,41,34,11,13,1,22,24,59,54,50,50,51,51,51,52,52,52,52,52,54,54,66,66,71,71,71,71,71,67,66,66,71,71,71,20,20,20,16,62,71,71],"gold":101,"neow_bonus":"BOSS_RELIC","is_prod":false,"is_daily":false,"chose_seed":false,"campfire_upgraded":7,"win_rate":0,"timestamp":1570084008,"path_taken":["M","?","?","M","M","R","M","R","T","R","M","E","M","E","R","BOSS","M","M","$","M","M","R","M","R","T","R","$","M","?","M","R","BOSS","M","M","$","M","M","?","R","M","T","M","$","?","M","M","R","BOSS"],"build_version":"2019-07-17","purchased_purges":4,"victory":true,"max_hp_per_floor":[66,66,71,71,71,71,71,71,71,71,71,71,71,71,71,71,71,71,71,71,71,71,71,71,71,71,71,71,71,71,71,71,71,71,71,71,71,71,71,71,71,71,71,71,71,71,71,71,71,71],"card_choices":[{"not_picked":["Acrobatics","Reflex","Cloak And Dagger"],"picked":"SKIP","floor":1.0},{"not_picked":["Accuracy","Outmaneuver","Setup"],"picked":"SKIP","floor":4.0},{"not_picked":["PiercingWail","Cloak And Dagger"],"picked":"Footwork","floor":5.0},{"not_picked":["Accuracy","Blur"],"picked":"Malaise","floor":7.0},{"not_picked":["PiercingWail","Tactician"],"picked":"Dagger Throw","floor":11.0},{"not_picked":["Tactician","Reflex"],"picked":"Leg Sweep","floor":12.0},{"not_picked":["Deflect","Outmaneuver","Flechettes"],"picked":"SKIP","floor":13.0},{"not_picked":["Quick Slash","Flechettes"],"picked":"Sucker Punch","floor":14.0},{"not_picked":["Bullet Time","Envenom"],"picked":"Adrenaline","floor":16.0},{"not_picked":["Quick Slash","Masterful Stab","Deflect+1"],"picked":"SKIP","floor":18.0},{"not_picked":["Backflip","Sucker Punch"],"picked":"Noxious Fumes","floor":19.0},{"not_picked":["Masterful Stab+1","Setup","Concentrate"],"picked":"SKIP","floor":21.0},{"not_picked":["PiercingWail+1","Finisher+1","Terror"],"picked":"SKIP","floor":22.0},{"not_picked":["Flying Knee","Poisoned Stab","Outmaneuver"],"picked":"SKIP","floor":24.0},{"not_picked":["PiercingWail","Flying Knee+1"],"picked":"Dagger Spray","floor":29.0},{"not_picked":["Quick Slash","Prepared","Predator"],"picked":"SKIP","floor":31.0},{"not_picked":["After Image","Adrenaline"],"picked":"Die Die Die","floor":33},{"not_picked":["Blade Dance+1","Underhanded Strike+1","Slice+1"],"picked":"SKIP","floor":35},{"not_picked":["Bouncing Flask","Quick Slash"],"picked":"Blur","floor":36},{"not_picked":["Glass Knife","Acrobatics","Poisoned Stab"],"picked":"SKIP","floor":38},{"not_picked":["Dagger Spray","PiercingWail+1","Sucker Punch"],"picked":"SKIP","floor":39},{"not_picked":["Poisoned Stab","Caltrops","Flechettes"],"picked":"SKIP","floor":42},{"not_picked":["Crippling Poison","Infinite Blades","Distraction"],"picked":"SKIP","floor":44},{"not_picked":["Eviscerate","Choke","Cloak And Dagger"],"picked":"SKIP","floor":47},{"not_picked":["Crippling Poison","Poisoned Stab","Deadly Poison"],"picked":"SKIP","floor":48}],"player_experience":297308,"relics_obtained":[{"floor":9.0,"key":"Happy Flower"},{"floor":12.0,"key":"Blood Vial"},{"floor":14.0,"key":"Whetstone"},{"floor":26.0,"key":"Dodecahedron"},{"floor":43,"key":"Bottled Tornado"}],"event_choices":[{"damage_healed":0.0,"max_hp_gain":0.0,"max_hp_loss":0.0,"gold_gain":75.0,"event_name":"World of Goop","player_choice":"Gather Gold","floor":2.0,"gold_loss":0.0,"damage_taken":11.0},{"damage_healed":0.0,"max_hp_gain":5.0,"max_hp_loss":0.0,"gold_gain":0.0,"event_name":"Big Fish","player_choice":"Donut","floor":3.0,"gold_loss":0.0,"damage_taken":0.0},{"damage_healed":0.0,"max_hp_gain":0.0,"max_hp_loss":0.0,"gold_gain":0.0,"event_name":"Vampires","player_choice":"Became a vampire (Vial)","floor":30.0,"relics_lost":["Blood Vial"],"gold_loss":0.0,"damage_taken":0.0,"cards_obtained":["Bite","Bite","Bite","Bite","Bite"]},{"damage_healed":0,"gold_gain":0,"player_choice":"Memory 1","damage_taken":0,"max_hp_gain":0,"max_hp_loss":0,"event_name":"SensoryStone","floor":40,"gold_loss":0},{"cards_removed":["Bite"],"damage_healed":0,"gold_gain":0,"player_choice":"Removed Attack","damage_taken":0,"max_hp_gain":0,"max_hp_loss":0,"event_name":"Falling","floor":46,"gold_loss":0}],"is_beta":false,"boss_relics":[{"not_picked":["Calling Bell","Eternal Feather"],"picked":"Sozu"},{"not_picked":["HoveringKite","Black Star"],"picked":"Fusion Hammer"}],"items_purged_floors":[20,28,37,45],"is_endless":false,"potions_floor_spawned":[5,11,13,14,19,24,33,36,38,44],"ascension_level":15}