{"gold_per_floor":[17,92,92,17,32,65,65,77,102,102,113,113,147,97,97,199,199,211,221,241,96,110,110,128,128,203,203,203,216,216,216,216,320,320,334,334,334,334,61,61,81,81],"floor_reached":42,"playtime":2917,"items_purged":["Regret","Strike_B","Machine Learning"],"score":404,"play_id":"820345aa-689f-4a9c-a703-700fb724d731","local_time":"20190601214717","is_ascension_mode":false,"campfire_choices":[{"floor":7.0,"key":"REST"},{"floor":10.0,"key":"REST"},{"data":"Dualcast","floor":12.0,"key":"SMITH"},{"floor":15.0,"key":"REST"},{"data":"Double Energy","floor":23,"key":"SMITH"},{"data":"Zap","floor":25,"key":"SMITH"},{"floor":30,"key":"REST"},{"data":"Doom and Gloom","floor":32,"key":"SMITH"},{"data":"Rainbow","floor":40,"key":"SMITH"}],"neow_cost":"NO_GOLD","seed_source_timestamp":0,"circlet_count":0,"master_deck":["Defend_B+1","Defend_B+1","Zap+1","Dualcast+1","BootSequence","Conserve Battery","Tempest","Melter","Double Energy+1","Static Discharge+1","Steam","Redo+1","RitualDagger","Conserve Battery+1","Doom and Gloom+1","Rainbow+1","BootSequence+1","Defragment","Skim","Double Energy+1"],"special_seed":0,"relics":["Cracked Core","Blood Vial","War Paint","Regal Pillow","Meat on the Bone","Empty Cage","Bottled Lightning","Philosopher\u0027s Stone","FossilizedHelix"],"potions_floor_usage":[24,33,35,42,42],"damage_taken":[{"damage":1.0,"enemies":"Jaw Worm","floor":1.0,"turns":4.0},{"damage":0.0,"enemies":"Small Slimes","floor":5.0,"turns":3.0},{"damage":45.0,"enemies":"Gremlin Nob","floor":6.0,"turns":5.0},{"damage":0.0,"enemies":"2 Louse","floor":8.0,"turns":2.0},{"damage":2.0,"enemies":"Large Slime","floor":11.0,"turns":6.0},{"damage":26.0,"enemies":"3 Sentries","floor":13.0,"turns":6.0},{"damage":40.0,"enemies":"Slime Boss","floor":16.0,"turns":10.0},{"damage":0,"enemies":"Chosen","floor":18,"turns":4},{"damage":0,"enemies":"Spheric Guardian","floor":19,"turns":2},{"damage":5,"enemies":"Snake Plant","floor":20,"turns":3},{"damage":15,"enemies":"Shelled Parasite and Fungi","floor":22,"turns":5},{"damage":17,"enemies":"3 Cultists","floor":24,"turns":5},{"damage":15,"enemies":"Snake Plant","floor":29,"turns":4},{"damage":55,"enemies":"Collector","floor":33,"turns":8},{"damage":2,"enemies":"3 Darklings","floor":35,"turns":4},{"damage":11,"enemies":"3 Shapes","floor":41,"turns":5},{"damage":75,"enemies":"Giant Head","floor":42,"turns":8}],"seed_played":"-6714416395955435857","potions_obtained":[{"floor":1.0,"key":"Swift Potion"},{"floor":5.0,"key":"Strength Potion"},{"floor":22,"key":"SteroidPotion"},{"floor":24,"key":"GamblersBrew"},{"floor":29,"key":"AttackPotion"},{"floor":33,"key":"Energy Potion"},{"floor":41,"key":"LiquidBronze"}],"is_trial":false,"path_per_floor":["M","?","?","$","M","E","R","M","T","R","M","R","E","?","R","B",null,"M","M","M","$","M","R","M","R","T","?","$","M","R","?","R","B",null,"M","?","?","?","$","R","M","E"],"character_chosen":"DEFECT","items_purchased":["Steam","Defragment","Skim"],"campfire_rested":4,"item_purchase_floors":[21,39,39],"current_hp_per_floor":[74,63,63,63,65,22,44,46,46,75,73,73,49,49,75,47,75,75,75,70,70,57,57,42,42,42,36,36,35,72,72,72,31,75,73,71,71,71,71,71,60,0],"gold":81,"neow_bonus":"REMOVE_TWO","is_prod":false,"is_daily":false,"chose_seed":false,"campfire_upgraded":5,"win_rate":0.0,"timestamp":1559440037,"path_taken":["M","?","?","$","M","E","R","M","T","R","M","R","E","?","R","BOSS","M","M","M","$","M","R","M","R","T","?","$","M","R","?","R","BOSS","M","?","?","?","$","R","M","E"],"build_version":"2019-01-23","purchased_purges":3,"victory":false,"max_hp_per_floor":[75,75,75,75,75,75,75,75,75,75,75,75,75,75,75,75,75,75,75,75,75,75,75,75,75,75,75,75,75,75,75,75,75,75,75,71,71,71,71,71,71,71],"card_choices":[{"not_picked":["Stack","Chill"],"picked":"BootSequence","floor":1.0},{"not_picked":["Hologram","Streamline"],"picked":"Conserve Battery","floor":5.0},{"not_picked":["Static Discharge","Turbo"],"picked":"Tempest","floor":6.0},{"not_picked":["Steam","Storm","Cold Snap"],"picked":"SKIP","floor":8.0},{"not_picked":["Beam Cell","Force Field"],"picked":"Melter","floor":11.0},{"not_picked":["Stack","Machine Learning"],"picked":"Double Energy","floor":13.0},{"not_picked":["Fission","Biased Cognition"],"picked":"Machine Learning","floor":16.0},{"not_picked":["Barrage","Stack+1","Scrape"],"picked":"SKIP","floor":18},{"not_picked":["White Noise","Rebound+1"],"picked":"Static Discharge+1","floor":19},{"not_picked":["Aggregate","Steam Power","Sweeping Beam"],"picked":"SKIP","floor":20},{"not_picked":["Auto Shields","Lockon"],"picked":"Redo+1","floor":22},{"not_picked":["Hologram","Rebound","Coolheaded"],"picked":"SKIP","floor":24},{"not_picked":["Stack","Go for the Eyes"],"picked":"Conserve Battery+1","floor":29},{"not_picked":["Creative AI","Fission"],"picked":"Rainbow","floor":33},{"not_picked":["Compile Driver","Darkness"],"picked":"BootSequence+1","floor":35},{"not_picked":["Defragment+1","Leap+1"],"picked":"Double Energy+1","floor":41}],"player_experience":82749,"relics_obtained":[{"floor":6.0,"key":"War Paint"},{"floor":9.0,"key":"Regal Pillow"},{"floor":13.0,"key":"Meat on the Bone"},{"floor":26,"key":"Bottled Lightning"},{"floor":38,"key":"FossilizedHelix"}],"event_choices":[{"damage_healed":0.0,"max_hp_gain":0.0,"max_hp_loss":0.0,"gold_gain":75.0,"event_name":"World of Goop","player_choice":"Gather Gold","floor":2.0,"gold_loss":0.0,"damage_taken":11.0},{"damage_healed":0.0,"max_hp_gain":0.0,"max_hp_loss":0.0,"gold_gain":0.0,"event_name":"Big Fish","player_choice":"Box","floor":3.0,"gold_loss":0.0,"damage_taken":0.0,"relics_obtained":["Blood Vial"],"cards_obtained":["Regret"]},{"cards_removed":["Defend_B"],"damage_healed":0.0,"max_hp_gain":0.0,"max_hp_loss":0.0,"gold_gain":0.0,"event_name":"The Cleric","player_choice":"Card Removal","floor":14.0,"gold_loss":50.0,"damage_taken":0.0},{"damage_healed":0,"gold_gain":0,"player_choice":"Joined the Cult","damage_taken":6,"max_hp_gain":0,"max_hp_loss":0,"event_name":"Nest","floor":27,"gold_loss":0,"cards_obtained":["RitualDagger"]},{"damage_healed":0,"gold_gain":0,"player_choice":"Read","damage_taken":0,"max_hp_gain":0,"max_hp_loss":0,"event_name":"The Library","floor":31,"gold_loss":0,"cards_obtained":["Doom and Gloom"]},{"damage_healed":0,"gold_gain":0,"player_choice":"Max HP","damage_taken":0,"max_hp_gain":0,"max_hp_loss":4,"event_name":"Winding Halls","floor":36,"gold_loss":0},{"damage_healed":0,"gold_gain":0,"player_choice":"Ignored","damage_taken":0,"max_hp_gain":0,"max_hp_loss":0,"event_name":"Tomb of Lord Red Mask","floor":37,"gold_loss":0},{"damage_healed":0,"gold_gain":0,"player_choice":"Relic","damage_taken":0,"max_hp_gain":0,"max_hp_loss":0,"event_name":"Wheel of Change","floor":38,"gold_loss":0}],"is_beta":false,"boss_relics":[{"not_picked":["Astrolabe","Calling Bell"],"picked":"Empty Cage"},{"not_picked":["Inserter","Runic Dome"],"picked":"Philosopher\u0027s Stone"}],"items_purged_floors":[4,21,39],"is_endless":false,"potions_floor_spawned":[1,5,22,24,29,33,41],"killed_by":"Giant Head","ascension_level":0}