{"gold_per_floor":[113,125,137,62,62,88,88,103,172,191,207,52,52,52,52,128,128,148,168,185,42,53,88,102,102,102,52,71,71,85,48,48,48],"floor_reached":33,"playtime":1458,"items_purged":["Strike_G","Strike_G"],"score":488,"play_id":"08b2445f-f933-46be-a721-6198b09b1300","local_time":"20190613233856","is_ascension_mode":true,"campfire_choices":[{"data":"Dagger Spray","floor":7,"key":"SMITH"},{"data":"Crippling Poison","floor":13,"key":"SMITH"},{"floor":15,"key":"REST"},{"floor":25,"key":"REST"},{"floor":29,"key":"REST"},{"data":"Burst","floor":32,"key":"SMITH"}],"neow_cost":"NONE","seed_source_timestamp":169495712847600,"circlet_count":0,"master_deck":["AscendersBane","Defend_G","Defend_G","Defend_G","Defend_G","Defend_G","Strike_G","Survivor","Neutralize+1","Dagger Throw","Dagger Spray+1","Sucker Punch","Doppelganger","Deflect","Deadly Poison","Dodge and Roll","Flying Knee","Crippling Poison+1","Corpse Explosion","Backstab","Acrobatics","Poisoned Stab","Caltrops","Burst+1","Deadly Poison","PiercingWail","Parasite","Poisoned Stab+1","Dash","Setup"],"relics":["Ring of the Snake","FossilizedHelix","Letter Opener","PreservedInsect","Cursed Key","Anchor","Bottled Lightning","Oddly Smooth Stone"],"potions_floor_usage":[6,16,19,20,20],"damage_taken":[{"damage":0,"enemies":"Cultist","floor":1,"turns":4},{"damage":0,"enemies":"2 Louse","floor":2,"turns":4},{"damage":2,"enemies":"Jaw Worm","floor":3,"turns":4},{"damage":26,"enemies":"Lagavulin","floor":6,"turns":9},{"damage":0,"enemies":"2 Fungi Beasts","floor":8,"turns":3},{"damage":6,"enemies":"Lots of Slimes","floor":10,"turns":3},{"damage":0,"enemies":"Exordium Wildlife","floor":11,"turns":5},{"damage":5,"enemies":"The Guardian","floor":16,"turns":12},{"damage":15,"enemies":"Spheric Guardian","floor":18,"turns":5},{"damage":0,"enemies":"Chosen","floor":19,"turns":4},{"damage":0,"enemies":"Snake Plant","floor":20,"turns":3},{"damage":7,"enemies":"Centurion and Healer","floor":22,"turns":6},{"damage":15,"enemies":"Book of Stabbing","floor":23,"turns":4},{"damage":7,"enemies":"Snecko","floor":24,"turns":4},{"damage":0,"enemies":"Snake Plant","floor":28,"turns":4},{"damage":0,"enemies":"Centurion and Healer","floor":30,"turns":5},{"damage":54,"enemies":"Collector","floor":33,"turns":7}],"seed_played":"7681649954083447386","potions_obtained":[{"floor":1,"key":"GamblersBrew"},{"floor":6,"key":"Strength Potion"},{"floor":11,"key":"Energy Potion"},{"floor":16,"key":"FearPotion"},{"floor":19,"key":"FearPotion"},{"floor":30,"key":"SteroidPotion"}],"is_trial":false,"path_per_floor":["M","M","M","?","?","E","R","M","T","M","M","$","R","T","R","B",null,"M","M","M","$","M","E","M","R","T","?","M","R","M","$","R","B"],"character_chosen":"THE_SILENT","items_purchased":["Crippling Poison","Caltrops","Setup"],"campfire_rested":3,"item_purchase_floors":[12,21,31],"current_hp_per_floor":[59,59,57,57,57,31,31,31,31,25,25,25,25,25,44,39,59,44,44,44,44,37,22,15,34,34,34,34,53,53,53,53,0],"gold":48,"neow_bonus":"UPGRADE_CARD","is_prod":false,"is_daily":false,"chose_seed":false,"campfire_upgraded":3,"win_rate":0,"timestamp":1560461936,"path_taken":["M","M","M","?","?","E","R","M","T","M","M","$","R","?","R","BOSS","M","M","M","$","M","E","M","R","T","?","M","R","M","$","R","BOSS"],"build_version":"2019-01-23","purchased_purges":2,"victory":false,"max_hp_per_floor":[66,66,66,66,66,66,66,66,66,66,66,66,66,66,66,66,66,66,66,66,66,66,66,66,66,66,66,66,66,66,66,66,66],"card_choices":[{"not_picked":["Escape Plan","Prepared"],"picked":"Dagger Throw","floor":1},{"not_picked":["Well Laid Plans","Deadly Poison"],"picked":"Dagger Spray","floor":2},{"not_picked":["Blade Dance","Riddle With Holes"],"picked":"Sucker Punch","floor":3},{"not_picked":["Underhanded Strike","Blur"],"picked":"Deflect","floor":6},{"not_picked":["Acrobatics","Prepared"],"picked":"Deadly Poison","floor":8},{"not_picked":["Deadly Poison","PiercingWail"],"picked":"Dodge and Roll","floor":10},{"not_picked":["Concentrate","Quick Slash"],"picked":"Flying Knee","floor":11},{"not_picked":["Malaise","Bullet Time"],"picked":"Corpse Explosion","floor":16},{"not_picked":["Acrobatics","Deadly Poison"],"picked":"Backstab","floor":18},{"not_picked":["Dodge and Roll","Dagger Throw"],"picked":"Acrobatics","floor":19},{"not_picked":["Dagger Spray","Backflip"],"picked":"Poisoned Stab","floor":20},{"not_picked":["Caltrops","Underhanded Strike+1"],"picked":"Burst","floor":22},{"not_picked":["Dagger Throw","Tactician"],"picked":"Deadly Poison","floor":23},{"not_picked":["Flying Knee","Acrobatics"],"picked":"PiercingWail","floor":24},{"not_picked":["PiercingWail","Dagger Throw"],"picked":"Poisoned Stab+1","floor":28},{"not_picked":["Glass Knife","Quick Slash"],"picked":"Dash","floor":30}],"player_experience":1329730,"relics_obtained":[{"floor":6,"key":"FossilizedHelix"},{"floor":9,"key":"Letter Opener"},{"floor":14,"key":"PreservedInsect"},{"floor":23,"key":"Anchor"},{"floor":26,"key":"Bottled Lightning"}],"event_choices":[{"cards_removed":["Strike_G"],"damage_healed":0,"gold_gain":0,"player_choice":"Card Removal","damage_taken":0,"max_hp_gain":0,"max_hp_loss":0,"event_name":"The Cleric","floor":4,"gold_loss":75},{"damage_healed":0,"gold_gain":0,"cards_transformed":["Strike_G"],"player_choice":"Change","damage_taken":0,"max_hp_gain":0,"max_hp_loss":0,"event_name":"Living Wall","floor":5,"gold_loss":0,"cards_obtained":["Doppelganger"]},{"damage_healed":0,"gold_gain":0,"player_choice":"Paid Gold","damage_taken":0,"relics_obtained":["Oddly Smooth Stone"],"max_hp_gain":0,"max_hp_loss":0,"event_name":"WeMeetAgain","floor":27,"gold_loss":50}],"is_beta":false,"boss_relics":[{"not_picked":["Runic Pyramid","HoveringKite"],"picked":"Cursed Key"}],"items_purged_floors":[12,21],"is_endless":false,"potions_floor_spawned":[1,6,11,16,18,19,30],"killed_by":"Collector","ascension_level":16}