{"gold_per_floor":[116,31,31,48,62,62,92,102,151,151,151,7,18,18,18,95,95,106,117,136,136,55,55,82,82,82,82,97,115,115,33,33,110,110,123,135,135,155,202,202,234,234,287,300,300],"floor_reached":45,"playtime":2216,"items_purged":[],"score":854,"play_id":"d512bedc-f3ff-40ee-be3e-2e6588f5d37c","local_time":"20190616115655","is_ascension_mode":true,"campfire_choices":[{"data":"Neutralize","floor":6,"key":"SMITH"},{"floor":10,"key":"REST"},{"data":"Catalyst","floor":15,"key":"SMITH"},{"floor":23,"key":"REST"},{"floor":27,"key":"REST"},{"floor":32,"key":"REST"},{"floor":40,"key":"REST"},{"data":"Night Terror","floor":42,"key":"SMITH"}],"neow_cost":"NONE","seed_source_timestamp":14895902837006,"circlet_count":0,"master_deck":["AscendersBane","Defend_G+1","Defend_G+1","Defend_G+1","Defend_G+1","Defend_G+1","Strike_G+1","Strike_G+1","Strike_G+1","Strike_G+1","Strike_G+1","Neutralize+1","A Thousand Cuts+1","Noxious Fumes","Well Laid Plans","Deadly Poison","Poisoned Stab","Cloak And Dagger+1","Corpse Explosion+1","Catalyst+1","Dash","Bouncing Flask","Night Terror+1","Backflip","Escape Plan","Footwork+1","Expertise+1","Wraith Form v2+1","Backflip+1","Glass Knife","Leg Sweep+1","Decay"],"relics":["Ring of the Snake","Frozen Egg 2","Dream Catcher","Bronze Scales","Oddly Smooth Stone","Cursed Key","Ancient Tea Set","The Specimen","Empty Cage","Peace Pipe","Potion Belt","War Paint"],"potions_floor_usage":[8,8],"damage_taken":[{"damage":4,"enemies":"Cultist","floor":1,"turns":4},{"damage":11,"enemies":"Jaw Worm","floor":4,"turns":5},{"damage":6,"enemies":"2 Louse","floor":5,"turns":3},{"damage":16,"enemies":"Lagavulin","floor":7,"turns":7},{"damage":0,"enemies":"Looter","floor":8,"turns":3},{"damage":2,"enemies":"Large Slime","floor":13,"turns":5},{"damage":6,"enemies":"Hexaghost","floor":16,"turns":7},{"damage":0,"enemies":"Chosen","floor":18,"turns":5},{"damage":20,"enemies":"2 Thieves","floor":19,"turns":3},{"damage":18,"enemies":"Shelled Parasite and Fungi","floor":20,"turns":5},{"damage":21,"enemies":"Book of Stabbing","floor":24,"turns":5},{"damage":0,"enemies":"3 Cultists","floor":28,"turns":3},{"damage":24,"enemies":"Centurion and Healer","floor":29,"turns":5},{"damage":18,"enemies":"Automaton","floor":33,"turns":9},{"damage":0,"enemies":"Orb Walker","floor":35,"turns":4},{"damage":1,"enemies":"3 Shapes","floor":36,"turns":3},{"damage":6,"enemies":"3 Darklings","floor":38,"turns":3},{"damage":37,"enemies":"2 Orb Walkers","floor":39,"turns":4},{"damage":1,"enemies":"Reptomancer","floor":41,"turns":4},{"damage":20,"enemies":"Spire Growth","floor":44,"turns":3},{"damage":15,"enemies":"Nemesis","floor":45,"turns":8}],"seed_played":"1946196888386282420","potions_obtained":[{"floor":1,"key":"Swift Potion"},{"floor":5,"key":"Block Potion"},{"floor":29,"key":"SpeedPotion"},{"floor":33,"key":"Ancient Potion"},{"floor":41,"key":"FearPotion"}],"is_trial":false,"path_per_floor":["M","$","?","M","M","R","E","M","T","R","?","$","M","?","R","B",null,"M","M","M","?","$","R","E","$","T","R","M","M","?","$","R","B",null,"M","M","?","M","?","R","E","R","T","M","E"],"character_chosen":"THE_SILENT","items_purchased":["Well Laid Plans","Deadly Poison","Bronze Scales","Footwork+1","Glass Knife"],"campfire_rested":5,"item_purchase_floors":[2,2,12,22,31],"current_hp_per_floor":[55,55,55,44,38,38,22,22,22,41,46,46,44,18,18,12,56,56,36,18,18,18,39,18,18,18,39,39,15,15,15,36,18,58,58,57,57,51,14,35,34,34,34,14,0],"gold":300,"neow_bonus":"ONE_RANDOM_RARE_CARD","is_prod":false,"is_daily":false,"chose_seed":false,"campfire_upgraded":3,"win_rate":0,"timestamp":1560682615,"path_taken":["M","$","?","M","?","R","E","M","T","R","?","$","M","?","R","BOSS","M","M","M","?","$","R","E","$","T","R","M","M","?","?","R","BOSS","M","M","?","M","?","R","E","R","T","M","E"],"build_version":"2019-01-23","purchased_purges":0,"victory":false,"max_hp_per_floor":[66,66,66,66,66,66,66,66,66,66,71,71,71,71,71,71,71,71,71,71,71,71,71,71,71,71,71,71,71,71,71,71,71,71,71,71,71,71,71,71,71,71,71,71,71],"card_choices":[{"not_picked":["Outmaneuver","Skewer"],"picked":"Noxious Fumes","floor":1},{"not_picked":["Dodge and Roll","Choke"],"picked":"Poisoned Stab","floor":4},{"not_picked":["Heel Hook","Prepared"],"picked":"Cloak And Dagger","floor":5},{"not_picked":["Escape Plan","PiercingWail"],"picked":"Corpse Explosion","floor":7},{"not_picked":["Acrobatics","Infinite Blades+1"],"picked":"Catalyst","floor":8},{"not_picked":["Flying Knee","Acrobatics"],"picked":"Dash","floor":10},{"not_picked":["Dagger Throw","Setup"],"picked":"Bouncing Flask","floor":13},{"not_picked":["Die Die Die","Corpse Explosion"],"picked":"Night Terror","floor":16},{"not_picked":["Quick Slash","Dagger Spray"],"picked":"Backflip","floor":18},{"not_picked":["Setup","Reflex","Terror"],"picked":"SKIP","floor":19},{"not_picked":["Heel Hook","Sucker Punch"],"picked":"Escape Plan","floor":20},{"not_picked":["Masterful Stab+1","Sucker Punch+1"],"picked":"Expertise+1","floor":23},{"not_picked":["Accuracy+1","Heel Hook","Backflip"],"picked":"SKIP","floor":24},{"not_picked":["Blade Dance","Slice"],"picked":"Wraith Form v2+1","floor":27},{"not_picked":["Distraction","Sucker Punch","Blade Dance"],"picked":"SKIP","floor":28},{"not_picked":["Underhanded Strike","Deflect"],"picked":"Backflip+1","floor":29},{"not_picked":["All Out Attack","Dagger Spray","Sucker Punch"],"picked":"SKIP","floor":35},{"not_picked":["Dodge and Roll","Backflip","Backstab"],"picked":"SKIP","floor":36},{"not_picked":["Flechettes","Escape Plan"],"picked":"Leg Sweep+1","floor":38},{"not_picked":["Outmaneuver","Distraction","Masterful Stab"],"picked":"SKIP","floor":41},{"not_picked":["Eviscerate","Dodge and Roll","Deadly Poison"],"picked":"SKIP","floor":44}],"player_experience":1078148,"relics_obtained":[{"floor":7,"key":"Frozen Egg 2"},{"floor":9,"key":"Dream Catcher"},{"floor":24,"key":"Ancient Tea Set"},{"floor":26,"key":"The Specimen"},{"floor":39,"key":"Peace Pipe"},{"floor":41,"key":"Potion Belt"},{"floor":43,"key":"War Paint"}],"event_choices":[{"damage_healed":0,"gold_gain":0,"player_choice":"Upgraded","damage_taken":0,"max_hp_gain":0,"max_hp_loss":0,"event_name":"Upgrade Shrine","floor":3,"gold_loss":0,"cards_upgraded":["A Thousand Cuts"]},{"damage_healed":0,"gold_gain":0,"player_choice":"Donut","damage_taken":0,"max_hp_gain":5,"max_hp_loss":0,"event_name":"Big Fish","floor":11,"gold_loss":0},{"damage_healed":0,"gold_gain":0,"player_choice":"Success","damage_taken":26,"relics_obtained":["Oddly Smooth Stone"],"max_hp_gain":0,"max_hp_loss":0,"event_name":"Scrap Ooze","floor":14,"gold_loss":0},{"damage_healed":0,"gold_gain":0,"player_choice":"Simplicity","damage_taken":0,"max_hp_gain":0,"max_hp_loss":0,"event_name":"Back to Basics","floor":21,"gold_loss":0,"cards_upgraded":["Defend_G","Defend_G","Defend_G","Defend_G","Defend_G","Strike_G","Strike_G","Strike_G","Strike_G","Strike_G"]},{"damage_healed":0,"gold_gain":0,"player_choice":"Ignored","damage_taken":0,"max_hp_gain":0,"max_hp_loss":0,"event_name":"Vampires","floor":30,"gold_loss":0},{"damage_healed":0,"gold_gain":0,"player_choice":"Memory 1","damage_taken":0,"max_hp_gain":0,"max_hp_loss":0,"event_name":"SensoryStone","floor":37,"gold_loss":0},{"damage_healed":0,"gold_gain":0,"player_choice":"Fight","damage_taken":0,"max_hp_gain":0,"max_hp_loss":0,"event_name":"Mysterious Sphere","floor":39,"gold_loss":0}],"is_beta":false,"boss_relics":[{"not_picked":["Eternal Feather","Lizard Tail"],"picked":"Cursed Key"},{"not_picked":["Velvet Choker","Fusion Hammer"],"picked":"Empty Cage"}],"items_purged_floors":[],"is_endless":false,"potions_floor_spawned":[1,5,29,33,35,41],"killed_by":"Nemesis","ascension_level":15}