{"gold_per_floor":[12,31,49,63,77,77,77,77,159,177,177],"floor_reached":11,"playtime":319,"items_purged":[],"score":111,"play_id":"3a2c3247-afa0-4993-91fb-96d31a8c3885","local_time":"20190313053339","is_ascension_mode":true,"campfire_choices":[{"floor":6,"key":"REST"},{"data":"Zap","floor":8,"key":"SMITH"}],"neow_cost":"NO_GOLD","seed_source_timestamp":10463817563200,"circlet_count":0,"master_deck":["AscendersBane","Strike_B","Strike_B","Strike_B","Strike_B","Defend_B","Defend_B","Defend_B","Defend_B","Zap+1","Dualcast","Electrodynamics","Chaos","Glacier","White Noise","Beam Cell","Fusion","Conserve Battery"],"relics":["Cracked Core","Blue Candle"],"potions_floor_usage":[10,11],"damage_taken":[{"damage":2,"enemies":"Jaw Worm","floor":1,"turns":3},{"damage":11,"enemies":"Cultist","floor":2,"turns":4},{"damage":7,"enemies":"2 Louse","floor":3,"turns":3},{"damage":15,"enemies":"2 Fungi Beasts","floor":4,"turns":4},{"damage":29,"enemies":"Exordium Thugs","floor":5,"turns":5},{"damage":27,"enemies":"Lots of Slimes","floor":10,"turns":3},{"damage":13,"enemies":"Lagavulin","floor":11,"turns":4}],"seed_played":"-194204750641639692","potions_obtained":[{"floor":3,"key":"SpeedPotion"},{"floor":5,"key":"Regen Potion"},{"floor":7,"key":"Dexterity Potion"}],"is_trial":false,"path_per_floor":["M","M","M","M","M","R","?","R","T","M","E"],"character_chosen":"DEFECT","items_purchased":[],"campfire_rested":1,"item_purchase_floors":[],"current_hp_per_floor":[66,55,48,33,4,26,26,26,26,8,0],"gold":177,"neow_bonus":"THREE_RARE_CARDS","is_prod":false,"is_daily":false,"chose_seed":false,"campfire_upgraded":1,"win_rate":0,"timestamp":1552451619,"path_taken":["M","M","M","M","M","R","?","R","T","M","E"],"build_version":"2019-01-23","purchased_purges":0,"victory":false,"max_hp_per_floor":[75,75,75,75,75,75,75,75,75,75,75],"card_choices":[{"not_picked":["Core Surge","Multi-Cast"],"picked":"Electrodynamics","floor":0},{"not_picked":["Rebound","Streamline"],"picked":"Chaos","floor":1},{"not_picked":["Blizzard","Tempest"],"picked":"Glacier","floor":2},{"not_picked":["Ball Lightning","Barrage"],"picked":"White Noise","floor":3},{"not_picked":["Steam","Reprogram"],"picked":"Beam Cell","floor":4},{"not_picked":["Scrape","Compile Driver"],"picked":"Fusion","floor":5},{"not_picked":["Streamline","Auto Shields"],"picked":"Conserve Battery","floor":10}],"player_experience":984904,"relics_obtained":[{"floor":9,"key":"Blue Candle"}],"event_choices":[{"damage_healed":0,"gold_gain":0,"player_choice":"Got Potions","damage_taken":0,"max_hp_gain":0,"max_hp_loss":0,"event_name":"Lab","floor":7,"gold_loss":0}],"is_beta":false,"boss_relics":[],"items_purged_floors":[],"is_endless":false,"potions_floor_spawned":[3,5],"killed_by":"Lagavulin","ascension_level":13}