{"gold_per_floor":[109,59,71,171,185,214,214,230,276,292,324,342,342],"floor_reached":13,"playtime":506,"items_purged":[],"score":122,"play_id":"5cb88c54-9b27-4981-8093-64175361f0ad","local_time":"20190708003812","is_ascension_mode":false,"campfire_choices":[{"data":"Uppercut","floor":7,"key":"SMITH"}],"neow_cost":"PERCENT_DAMAGE","seed_source_timestamp":962269029355987,"circlet_count":0,"master_deck":["Strike_R","Strike_R","Strike_R","Strike_R","Defend_R","Defend_R","Defend_R","Defend_R","Bash","Spot Weakness","Shockwave","Uppercut+1","Shockwave","Ghostly Armor"],"relics":["Burning Blood","Ornamental Fan","Art of War","Orichalcum"],"potions_floor_usage":[6,11,13],"damage_taken":[{"damage":6,"enemies":"Jaw Worm","floor":1,"turns":3},{"damage":10,"enemies":"Cultist","floor":3,"turns":4},{"damage":9,"enemies":"2 Louse","floor":5,"turns":3},{"damage":40,"enemies":"3 Sentries","floor":6,"turns":8},{"damage":4,"enemies":"Blue Slaver","floor":8,"turns":6},{"damage":10,"enemies":"Red Slaver","floor":10,"turns":3},{"damage":18,"enemies":"Gremlin Nob","floor":11,"turns":4},{"damage":7,"enemies":"2 Fungi Beasts","floor":12,"turns":5},{"damage":21,"enemies":"Exordium Thugs","floor":13,"turns":4}],"seed_played":"-3064857189483247709","potions_obtained":[{"floor":3,"key":"GamblersBrew"},{"floor":5,"key":"EssenceOfSteel"},{"floor":10,"key":"Energy Potion"},{"floor":11,"key":"LiquidBronze"},{"floor":12,"key":"Strength Potion"}],"is_trial":false,"path_per_floor":["M","?","M","?","M","E","R","M","T","M","E","M","M"],"character_chosen":"IRONCLAD","items_purchased":[],"campfire_rested":0,"item_purchase_floors":[],"current_hp_per_floor":[72,72,68,68,65,31,31,33,33,29,17,16,0],"gold":342,"neow_bonus":"TWENTY_PERCENT_HP_BONUS","is_prod":false,"is_daily":false,"chose_seed":false,"campfire_upgraded":1,"win_rate":0,"timestamp":1562560692,"path_taken":["M","?","M","?","M","E","R","M","T","M","E","?","M"],"build_version":"2019-07-05","purchased_purges":0,"victory":false,"max_hp_per_floor":[96,96,96,96,96,96,96,96,96,96,96,96,96],"card_choices":[{"not_picked":["Flex","Shrug It Off"],"picked":"Spot Weakness","floor":1},{"not_picked":["Havoc","Shrug It Off"],"picked":"Shockwave","floor":3},{"not_picked":["Anger","Clothesline"],"picked":"Uppercut","floor":5},{"not_picked":["Wild Strike","Dark Embrace","Rage"],"picked":"SKIP","floor":6},{"not_picked":["Sentinel","Flex","Havoc"],"picked":"SKIP","floor":8},{"not_picked":["Uppercut","Clash","Power Through"],"picked":"SKIP","floor":10},{"not_picked":["Clothesline","Warcry"],"picked":"Shockwave","floor":11},{"not_picked":["Twin Strike","Anger"],"picked":"Ghostly Armor","floor":12}],"player_experience":273403,"relics_obtained":[{"floor":6,"key":"Ornamental Fan"},{"floor":9,"key":"Art of War"},{"floor":11,"key":"Orichalcum"}],"event_choices":[{"cards_removed":["Strike_R"],"damage_healed":0,"gold_gain":0,"player_choice":"Card Removal","damage_taken":0,"max_hp_gain":0,"max_hp_loss":0,"event_name":"The Cleric","floor":2,"gold_loss":50},{"damage_healed":0,"gold_gain":100,"player_choice":"Pray","damage_taken":0,"max_hp_gain":0,"max_hp_loss":0,"event_name":"Golden Shrine","floor":4,"gold_loss":0}],"is_beta":false,"boss_relics":[],"items_purged_floors":[],"is_endless":false,"potions_floor_spawned":[3,5,10,11,12],"killed_by":"Exordium Thugs","ascension_level":0}