{"gold_per_floor":[109,35,35,45,63,63,76,76,76,76,92,122,122,140,140,140],"floor_reached":16,"playtime":725,"items_purged":[],"score":281,"play_id":"3f36131e-042a-4c5b-a1e5-65ad810b5c40","local_time":"20190818115019","is_ascension_mode":true,"campfire_choices":[{"data":"Hologram","floor":6,"key":"SMITH"},{"data":"Dualcast","floor":8,"key":"SMITH"},{"data":"Zap","floor":15,"key":"SMITH"}],"neow_cost":"NONE","seed_source_timestamp":0,"circlet_count":0,"master_deck":["AscendersBane","Strike_B","Strike_B","Strike_B","Defend_B","Defend_B","Defend_B","Defend_B","Zap+1","Dualcast+1","Chill","Capacitor","Hologram+1","Gash","Scrape+1","Self Repair"],"special_seed":0,"relics":["Coffee Dripper","Letter Opener","WingedGreaves"],"potions_floor_usage":[11,12],"damage_taken":[{"damage":0,"enemies":"Cultist","floor":1,"turns":4},{"damage":2,"enemies":"Jaw Worm","floor":4,"turns":5},{"damage":2,"enemies":"Small Slimes","floor":5,"turns":5},{"damage":7,"enemies":"2 Fungi Beasts","floor":7,"turns":4},{"damage":15,"enemies":"Gremlin Gang","floor":11,"turns":4},{"damage":18,"enemies":"Lagavulin","floor":12,"turns":8},{"damage":0,"enemies":"Looter","floor":14,"turns":2},{"damage":22,"enemies":"The Guardian","floor":16,"turns":10}],"seed_played":"389208397305314115","potions_obtained":[{"floor":4,"key":"PowerPotion"},{"floor":7,"key":"Poison Potion"}],"is_trial":false,"path_per_floor":["M","$","?","M","M","R","M","R","T","?","M","E","?","M","R","B"],"character_chosen":"DEFECT","items_purchased":["Chill"],"campfire_rested":0,"item_purchase_floors":[2],"current_hp_per_floor":[64,64,64,62,60,60,53,53,53,53,38,20,20,20,20,0],"gold":140,"neow_bonus":"BOSS_RELIC","is_prod":false,"is_daily":false,"chose_seed":false,"campfire_upgraded":3,"win_rate":0,"timestamp":1566154219,"path_taken":["M","?","?","M","?","R","?","R","T","?","M","E","?","M","R","BOSS"],"build_version":"2019-07-17","purchased_purges":0,"victory":false,"max_hp_per_floor":[71,71,71,71,71,71,71,71,71,71,71,71,71,71,71,71],"card_choices":[{"not_picked":["Sweeping Beam","Ball Lightning","Undo"],"picked":"SKIP","floor":1},{"not_picked":["Turbo","Streamline"],"picked":"Capacitor","floor":4},{"not_picked":["Barrage","Static Discharge"],"picked":"Hologram","floor":5},{"not_picked":["Recycle","Leap"],"picked":"Gash","floor":7},{"not_picked":["Darkness","Compile Driver","Ball Lightning"],"picked":"SKIP","floor":11},{"not_picked":["Rebound","Turbo"],"picked":"Scrape","floor":12},{"not_picked":["Capacitor","Heatsinks"],"picked":"Self Repair","floor":14}],"player_experience":171675,"relics_obtained":[{"floor":9,"key":"Letter Opener"},{"floor":12,"key":"WingedGreaves"}],"event_choices":[{"cards_removed":["Strike_B"],"damage_healed":0,"gold_gain":0,"player_choice":"Purged","damage_taken":0,"max_hp_gain":0,"max_hp_loss":0,"event_name":"Purifier","floor":3,"gold_loss":0},{"damage_healed":0,"gold_gain":0,"player_choice":"Ignored","damage_taken":0,"max_hp_gain":0,"max_hp_loss":0,"event_name":"Liars Game","floor":10,"gold_loss":0},{"damage_healed":0,"gold_gain":0,"player_choice":"Forge","damage_taken":0,"max_hp_gain":0,"max_hp_loss":0,"event_name":"Accursed Blacksmith","floor":13,"gold_loss":0,"cards_upgraded":["Scrape"]}],"is_beta":false,"boss_relics":[],"items_purged_floors":[],"is_endless":false,"potions_floor_spawned":[4,7],"killed_by":"The Guardian","ascension_level":17}