{"gold_per_floor":[117,133,147,147,447,447,478,478,478,491,491,491],"floor_reached":12,"playtime":291,"items_purged":[],"score":140,"play_id":"8b763d20-2baf-4a47-8c90-60de3d51edb2","local_time":"20190624124852","is_ascension_mode":true,"campfire_choices":[{"data":"Zap","floor":6,"key":"SMITH"},{"data":"Chaos","floor":8,"key":"SMITH"},{"data":"Sunder","floor":11,"key":"SMITH"}],"neow_cost":"NONE","seed_source_timestamp":564146759176700,"circlet_count":0,"master_deck":["AscendersBane","Strike_B","Strike_B","Strike_B","Strike_B","Defend_B","Defend_B","Defend_B","Defend_B","Zap+1","Dualcast","Steam","Chaos+1","Melter","Beam Cell","Sunder+1"],"relics":["Cracked Core","Old Coin","Sundial","Pocketwatch"],"potions_floor_usage":[10],"damage_taken":[{"damage":10,"enemies":"Cultist","floor":1,"turns":4},{"damage":0,"enemies":"Jaw Worm","floor":2,"turns":4},{"damage":3,"enemies":"2 Louse","floor":3,"turns":2},{"damage":40,"enemies":"Gremlin Nob","floor":7,"turns":5},{"damage":1,"enemies":"Exordium Thugs","floor":10,"turns":4},{"damage":20,"enemies":"Lagavulin","floor":12,"turns":3}],"seed_played":"-934146825268088397","potions_obtained":[{"floor":1,"key":"SneckoOil"},{"floor":10,"key":"GamblersBrew"}],"is_trial":false,"path_per_floor":["M","M","M","?","?","R","E","R","T","M","R","E"],"character_chosen":"DEFECT","items_purchased":[],"campfire_rested":0,"item_purchase_floors":[],"current_hp_per_floor":[61,61,58,63,58,58,18,18,18,17,17,0],"gold":491,"neow_bonus":"TEN_PERCENT_HP_BONUS","is_prod":false,"is_daily":false,"chose_seed":false,"campfire_upgraded":3,"win_rate":0,"timestamp":1561373332,"path_taken":["M","M","?","?","?","R","E","R","T","?","R","E"],"build_version":"2019-01-23","purchased_purges":0,"victory":false,"max_hp_per_floor":[78,78,78,83,83,83,83,83,83,83,83,83],"card_choices":[{"not_picked":["Heatsinks","Blizzard"],"picked":"Steam","floor":1},{"not_picked":["Hello World","Heatsinks"],"picked":"Chaos","floor":2},{"not_picked":["Beam Cell","Lockon"],"picked":"Melter","floor":3},{"not_picked":["Blizzard","Streamline"],"picked":"Beam Cell","floor":7},{"not_picked":["Genetic Algorithm","Coolheaded"],"picked":"Sunder","floor":10}],"player_experience":1467624,"relics_obtained":[{"floor":7,"key":"Sundial"},{"floor":9,"key":"Pocketwatch"}],"event_choices":[{"damage_healed":0,"gold_gain":0,"player_choice":"Donut","damage_taken":0,"max_hp_gain":5,"max_hp_loss":0,"event_name":"Big Fish","floor":4,"gold_loss":0},{"damage_healed":0,"gold_gain":0,"player_choice":"Success","damage_taken":5,"relics_obtained":["Old Coin"],"max_hp_gain":0,"max_hp_loss":0,"event_name":"Scrap Ooze","floor":5,"gold_loss":0}],"is_beta":false,"boss_relics":[],"items_purged_floors":[],"is_endless":false,"potions_floor_spawned":[1,10],"killed_by":"Lagavulin","ascension_level":16}