{"gold_per_floor":[119,131,131,142,142,158,158],"floor_reached":7,"playtime":356,"items_purged":[],"score":77,"play_id":"9425a16f-b132-4385-b80f-24aef6a88508","local_time":"20190610134720","is_ascension_mode":true,"campfire_choices":[],"neow_cost":"NONE","seed_source_timestamp":292372142980500,"circlet_count":0,"master_deck":["AscendersBane","Defend_G","Defend_G","Defend_G+1","Defend_G","Defend_G","Strike_G","Strike_G","Strike_G","Strike_G","Strike_G","Survivor","Neutralize+1","Madness","Dagger Throw","PiercingWail","Blur","Injury","Footwork"],"relics":["Ring of the Snake","Golden Idol"],"potions_floor_usage":[6],"damage_taken":[{"damage":3,"enemies":"Cultist","floor":1,"turns":6},{"damage":0,"enemies":"Jaw Worm","floor":2,"turns":3},{"damage":0,"enemies":"Small Slimes","floor":4,"turns":4},{"damage":13,"enemies":"Exordium Thugs","floor":6,"turns":7},{"damage":26,"enemies":"3 Sentries","floor":7,"turns":8}],"seed_played":"8851702254274200208","potions_obtained":[{"floor":4,"key":"GamblersBrew"}],"is_trial":false,"path_per_floor":["M","M","?","M","?","M","E"],"character_chosen":"THE_SILENT","items_purchased":[],"campfire_rested":0,"item_purchase_floors":[],"current_hp_per_floor":[56,56,36,36,36,23,0],"gold":158,"neow_bonus":"RANDOM_COLORLESS","is_prod":false,"is_daily":false,"chose_seed":false,"campfire_upgraded":0,"win_rate":0,"timestamp":1560167240,"path_taken":["M","?","?","M","?","M","E"],"build_version":"2019-01-23","purchased_purges":0,"victory":false,"max_hp_per_floor":[66,66,66,66,66,66,66],"card_choices":[{"not_picked":["Outmaneuver","Deadly Poison"],"picked":"Dagger Throw","floor":1},{"not_picked":["Acrobatics","Dagger Throw"],"picked":"PiercingWail","floor":2},{"not_picked":["Concentrate","Sucker Punch"],"picked":"Blur","floor":4},{"not_picked":["Sucker Punch","PiercingWail"],"picked":"Footwork","floor":6}],"player_experience":1282596,"relics_obtained":[],"event_choices":[{"damage_healed":0,"gold_gain":0,"player_choice":"Entered Light","damage_taken":20,"max_hp_gain":0,"max_hp_loss":0,"event_name":"Shining Light","floor":3,"gold_loss":0,"cards_upgraded":["Defend_G","Neutralize"]},{"damage_healed":0,"gold_gain":0,"player_choice":"Take Wound","damage_taken":0,"relics_obtained":["Golden Idol"],"max_hp_gain":0,"max_hp_loss":0,"event_name":"Golden Idol","floor":5,"gold_loss":0,"cards_obtained":["Injury"]}],"is_beta":false,"boss_relics":[],"items_purged_floors":[],"is_endless":false,"potions_floor_spawned":[4],"killed_by":"3 Sentries","ascension_level":16}