{"path_per_floor":["M","M","?","?","?","E","R","M","T","E","R","E","M","E","R","B",null,"M","M","M","$","M","R","E","R","T","?"],"character_chosen":"IRONCLAD","items_purchased":["Anchor"],"gold_per_floor":[19,33,33,33,33,65,65,80,80,109,109,134,144,176,176,276,276,292,306,321,169,179,179,209,209,209,209],"floor_reached":28,"campfire_rested":1,"playtime":2183,"current_hp_per_floor":[80,80,80,80,64,30,30,36,36,28,28,15,21,11,35,56,80,80,80,80,80,76,76,25,25,25,25],"items_purged":[],"gold":209,"play_id":"12f7c426-c690-4dbb-97a5-75c33100395c","is_prod":false,"is_daily":false,"campfire_rituals":0,"campfire_upgraded":2,"is_hardmode":false,"path_taken":["M","M","?","?","?","E","R","M","T","E","R","E","?","E","R","BOSS","M","?","M","$","M","R","E","R","T","?","M"],"build_version":"2018-01-18-PROD4","purchased_purges":2,"victory":false,"master_deck":["Strike_R","Strike_R","Strike_R","Strike_R","Strike_R","Defend_R","Defend_R","Defend_R","Defend_R","Headbutt","Warcry","Infernal Blade","Bludgeon","Spot Weakness","Shrug It Off","Iron Wave","Perfected Strike","Uppercut","Hemokinesis"],"max_hp_per_floor":[80,80,80,80,80,80,80,80,80,80,80,80,80,80,80,80,80,80,80,80,80,80,80,80,80,80,80],"relics":["Black Blood","Gambling Chip","Peace Pipe","Molten Egg","Matryoshka","Bag of Preparation","Pantograph","Centennial Puzzle","Anchor","Ornamental Fan","Mummified Hand","War Paint"],"campfire_meditates":0,"card_choices":[{"not_picked":["Thunderclap","Dropkick"],"picked":"Headbutt"},{"not_picked":["Sword Boomerang","Cleave"],"picked":"Warcry"},{"not_picked":["Heavy Blade","Body Slam"],"picked":"Infernal Blade"},{"not_picked":["Power Through","Perfected Strike"],"picked":"Bludgeon"},{"not_picked":["Twin Strike","Hemokinesis"],"picked":"Spot Weakness"},{"not_picked":["Pommel Strike","Demon Form"],"picked":"Shrug It Off"},{"not_picked":["Feel No Pain","Havoc"],"picked":"Iron Wave"},{"not_picked":["Clash","Anger"],"picked":"Perfected Strike"},{"not_picked":["Heavy Blade","Wild Strike"],"picked":"Uppercut"},{"not_picked":["Burning Pact","Inflame"],"picked":"Hemokinesis"}],"player_experience":81820,"potions_floor_usage":[14,16,22,28],"damage_taken":[{"damage":3,"enemies":"Jaw Worm","floor":1,"turns":4},{"damage":6,"enemies":"Cultist","floor":2,"turns":3},{"damage":40,"enemies":"Lagavulin","floor":6,"turns":7},{"damage":0,"enemies":"2 Louse","floor":8,"turns":2},{"damage":14,"enemies":"Gremlin Nob","floor":10,"turns":3},{"damage":19,"enemies":"3 Sentries","floor":12,"turns":5},{"damage":0,"enemies":"Red Slaver","floor":13,"turns":3},{"damage":16,"enemies":"Gremlin Nob","floor":14,"turns":3},{"damage":10,"enemies":"Slime Boss","floor":16,"turns":6},{"damage":0,"enemies":"Chosen","floor":18,"turns":3},{"damage":10,"enemies":"Spheric Guardian","floor":19,"turns":3},{"damage":5,"enemies":"Snecko","floor":20,"turns":3},{"damage":14,"enemies":"Centurion and Healer","floor":22,"turns":7},{"damage":61,"enemies":"Gremlin Leader","floor":24,"turns":6},{"damage":25,"enemies":"3 Cultists","floor":28,"turns":5}],"event_choices":[{"event_name":"Big Fish","player_choice":"Box","floor":3,"damage_taken":0},{"event_name":"Accursed Blacksmith","player_choice":"Forge","floor":4,"damage_taken":0},{"event_name":"Shining Light","player_choice":"Entered Light","floor":5,"damage_taken":0},{"event_name":"Vampires","player_choice":"Ignored","floor":27,"damage_taken":0}],"boss_relics":[{"not_picked":["Question Card","White Beast Statue"],"picked":"Black Blood"}],"potions_floor_spawned":[6,8,12,18,24],"seed_played":"4150571170375396633","killed_by":"3 Cultists","is_trial":false}