{"path_per_floor":["M","?","M","$","M","R","E","R","T","M","M","M","R","$","R","B",null,"M","$","?","M","M","E","R","M","T","R","E","R","?","?","R"],"character_chosen":"DEFECT","items_purchased":["Juzu Bracelet","Lantern","Storm","Redo"],"gold_per_floor":[116,291,306,78,89,89,119,119,119,138,157,175,175,30,30,130,130,142,38,137,157,170,197,197,214,214,214,240,240,240,240,240,240],"floor_reached":33,"campfire_rested":3,"playtime":1143,"item_purchase_floors":[4,14,19,19],"current_hp_per_floor":[72,72,70,70,70,70,31,31,31,18,13,13,35,35,57,37,75,72,72,72,60,60,31,31,16,16,16,16,38,38,38,38,0],"items_purged":["Doubt"],"gold":240,"score":357,"play_id":"60423817-9f4d-409b-8750-29066eea5bf1","local_time":"20180622183253","is_prod":false,"is_daily":false,"chose_seed":false,"is_ascension_mode":true,"campfire_upgraded":5,"win_rate":0,"timestamp":1529688773,"campfire_choices":[{"data":"Steam","floor":6,"key":"SMITH"},{"data":"Redo","floor":8,"key":"SMITH"},{"floor":13,"key":"REST"},{"floor":15,"key":"REST"},{"data":"Defragment","floor":24,"key":"SMITH"},{"data":"Darkness","floor":27,"key":"SMITH"},{"floor":29,"key":"REST"},{"data":"Storm","floor":32,"key":"SMITH"}],"path_taken":["M","?","M","$","M","R","E","R","T","M","M","M","R","$","R","BOSS","M","$","?","M","M","E","R","M","T","R","E","R","?","?","R","BOSS"],"build_version":"2018-06-21","seed_source_timestamp":691916727866778,"purchased_purges":1,"circlet_count":0,"victory":false,"master_deck":["Strike_B","Strike_B","Strike_B","Defend_B","Defend_B","Defend_B","Defend_B","Zap","Dualcast","Reboot","Lockon","Steam+1","Darkness+1","Redo+1","Defragment+1","Scrape","Ball Lightning","Electrodynamics","Ball Lightning+1","Storm+1","Redo","Stack+1","BootSequence","Redo+1","Biased Cognition","Scrape"],"max_hp_per_floor":[75,75,75,75,75,75,75,75,75,75,75,75,75,75,75,75,75,75,75,75,75,75,75,75,75,75,75,75,75,75,75,75,75],"special_seed":17704,"relics":["Cracked Core","Juzu Bracelet","Kunai","Matryoshka","Lantern","Sozu","Incense Burner","Bronze Scales","Bottled Lightning","Smiling Mask"],"card_choices":[{"not_picked":["Consume","Streamline"],"picked":"Lockon","floor":1},{"not_picked":["Scrape","Ball Lightning"],"picked":"Steam","floor":3},{"not_picked":["Scrape","Compile Driver"],"picked":"Darkness","floor":5},{"not_picked":["Sweeping Beam","Heatsinks"],"picked":"Redo","floor":7},{"not_picked":["Redo","Coolheaded"],"picked":"Defragment","floor":10},{"not_picked":["Barrage","Fusion"],"picked":"Scrape","floor":11},{"not_picked":["Steam","Leap"],"picked":"Ball Lightning","floor":12},{"not_picked":["Creative AI","All For One"],"picked":"Electrodynamics","floor":16},{"not_picked":["Cold Snap","Go for the Eyes"],"picked":"Ball Lightning+1","floor":18},{"not_picked":["Coolheaded","Meteor Strike","Stack"],"picked":"SKIP","floor":21},{"not_picked":["Turbo","Steam"],"picked":"Stack+1","floor":22},{"not_picked":["Ball Lightning","Steam Power"],"picked":"BootSequence","floor":23},{"not_picked":["Coolheaded","FTL"],"picked":"Redo+1","floor":25},{"not_picked":["Gash","Redo+1"],"picked":"Biased Cognition","floor":28}],"player_experience":471500,"potions_floor_usage":[10,28,33],"damage_taken":[{"damage":3,"enemies":"2 Louse","floor":1,"turns":2},{"damage":2,"enemies":"Jaw Worm","floor":3,"turns":3},{"damage":0,"enemies":"Small Slimes","floor":5,"turns":2},{"damage":39,"enemies":"Lagavulin","floor":7,"turns":7},{"damage":13,"enemies":"3 Louse","floor":10,"turns":2},{"damage":5,"enemies":"2 Fungi Beasts","floor":11,"turns":3},{"damage":0,"enemies":"Large Slime","floor":12,"turns":5},{"damage":20,"enemies":"Slime Boss","floor":16,"turns":9},{"damage":3,"enemies":"3 Byrds","floor":18,"turns":3},{"damage":12,"enemies":"Chosen","floor":21,"turns":3},{"damage":0,"enemies":"Snecko","floor":22,"turns":3},{"damage":29,"enemies":"Slavers","floor":23,"turns":3},{"damage":15,"enemies":"Snake Plant","floor":25,"turns":3},{"damage":0,"enemies":"Book of Stabbing","floor":28,"turns":3},{"damage":48,"enemies":"Collector","floor":33,"turns":5}],"relics_obtained":[{"floor":7,"key":"Kunai"},{"floor":9,"key":"Matryoshka"},{"floor":23,"key":"Incense Burner"},{"floor":26,"key":"Bronze Scales"},{"floor":26,"key":"Bottled Lightning"},{"floor":28,"key":"Smiling Mask"}],"event_choices":[{"event_name":"Liars Game","player_choice":"agreed","floor":2,"damage_taken":0},{"event_name":"Nest","player_choice":"Stole From Cult","floor":20,"damage_taken":0},{"event_name":"Transmorgrifier","player_choice":"Transform","floor":30,"damage_taken":0},{"event_name":"Cursed Tome","player_choice":"Ignored","floor":31,"damage_taken":0}],"boss_relics":[{"not_picked":["Empty Cage","Tiny House"],"picked":"Sozu"}],"items_purged_floors":[4],"is_endless":false,"potions_floor_spawned":[1,11,16,22,23,28],"seed_played":"-8092792318191189104","killed_by":"Collector","ascension_level":3,"potions_obtained":[{"floor":1,"key":"AttackPotion"},{"floor":11,"key":"LiquidBronze"},{"floor":16,"key":"Explosive Potion"}],"is_trial":false}