{"gold_per_floor":[110,385,398,415,20,48,10,10,34,34,68,83,98,113,113,113],"floor_reached":16,"playtime":698,"items_purged":["Regret"],"score":162,"play_id":"f48877b6-3262-4f6a-aec0-a336483c8f8d","local_time":"20190916211645","is_ascension_mode":true,"campfire_choices":[{"floor":8,"key":"REST"},{"floor":10,"key":"REST"},{"data":"Perfected Strike","floor":15,"key":"SMITH"}],"neow_cost":"NONE","seed_source_timestamp":475626344749180,"circlet_count":0,"master_deck":["Strike_R","Strike_R","Strike_R","Strike_R","Defend_R","Defend_R+1","Defend_R","Defend_R+1","Bash","Barricade","Perfected Strike+1","Whirlwind","Wild Strike","Pommel Strike","Headbutt","Reaper"],"relics":["Burning Blood","Thread and Needle","Potion Belt","War Paint","Shovel"],"potions_floor_usage":[11,16,16,16],"damage_taken":[{"damage":7,"enemies":"Small Slimes","floor":1,"turns":6},{"damage":9,"enemies":"Cultist","floor":3,"turns":3},{"damage":2,"enemies":"2 Louse","floor":4,"turns":3},{"damage":66,"enemies":"Lagavulin","floor":6,"turns":8},{"damage":17,"enemies":"3 Sentries","floor":11,"turns":4},{"damage":4,"enemies":"Exordium Thugs","floor":12,"turns":5},{"damage":16,"enemies":"Large Slime","floor":13,"turns":6},{"damage":2,"enemies":"Looter","floor":14,"turns":3},{"damage":88,"enemies":"The Guardian","floor":16,"turns":11}],"seed_played":"-2003923334012730603","potions_obtained":[{"floor":1,"key":"PowerPotion"},{"floor":4,"key":"Strength Potion"},{"floor":6,"key":"Ancient Potion"},{"floor":13,"key":"GamblersBrew"}],"is_trial":false,"path_per_floor":["M","?","M","M","$","E","?","R","T","R","E","M","M","M","R","B"],"character_chosen":"IRONCLAD","items_purchased":["Thread and Needle","Wild Strike"],"campfire_rested":2,"item_purchase_floors":[5,5],"current_hp_per_floor":[71,71,68,72,72,12,12,36,36,60,49,51,47,55,55,0],"gold":113,"neow_bonus":"TRANSFORM_CARD","is_prod":false,"is_daily":false,"chose_seed":false,"campfire_upgraded":1,"win_rate":0,"timestamp":1568683005,"path_taken":["M","?","?","M","$","E","?","R","T","R","E","M","M","M","R","BOSS"],"build_version":"2019-09-12","purchased_purges":1,"victory":false,"max_hp_per_floor":[80,80,80,80,80,80,80,80,80,80,80,80,80,80,80,80],"card_choices":[{"not_picked":["Infernal Blade","Cleave"],"picked":"Perfected Strike","floor":1},{"not_picked":["True Grit","Clash","Body Slam"],"picked":"SKIP","floor":3},{"not_picked":["Clothesline","Ghostly Armor"],"picked":"Whirlwind","floor":4},{"not_picked":["Headbutt","Clash"],"picked":"Pommel Strike","floor":6},{"not_picked":["Infernal Blade","Flex"],"picked":"Headbutt","floor":11},{"not_picked":["Cleave","Blood for Blood"],"picked":"Reaper","floor":12},{"not_picked":["Sever Soul","Body Slam","Warcry"],"picked":"SKIP","floor":13},{"not_picked":["Bloodletting","Shrug It Off","Clash"],"picked":"SKIP","floor":14}],"player_experience":401746,"relics_obtained":[{"floor":6,"key":"Potion Belt"},{"floor":9,"key":"War Paint"},{"floor":11,"key":"Shovel"}],"event_choices":[{"damage_healed":0,"gold_gain":275,"player_choice":"Desecrate","damage_taken":0,"max_hp_gain":0,"max_hp_loss":0,"event_name":"Golden Shrine","floor":2,"gold_loss":0,"cards_obtained":["Regret"]},{"damage_healed":0,"gold_gain":0,"player_choice":"Left Gold","damage_taken":0,"max_hp_gain":0,"max_hp_loss":0,"event_name":"World of Goop","floor":7,"gold_loss":38}],"is_beta":true,"boss_relics":[],"items_purged_floors":[5],"is_endless":false,"potions_floor_spawned":[1,4,6,13],"killed_by":"The Guardian","ascension_level":9}