{"gold_per_floor":[214,214,157,171,246,246,298,312,338,338,366,378,390,436,448,460],"floor_reached":16,"playtime":513,"items_purged":[],"score":212,"play_id":"91ca3c99-7186-4a53-8b34-0e50032c7dfa","local_time":"20190605191717","is_ascension_mode":true,"campfire_choices":[{"data":"Bash","floor":6,"key":"SMITH"},{"data":"Wild Strike","floor":10,"key":"SMITH"},{"floor":13,"key":"REST"},{"data":"Perfected Strike","floor":15,"key":"SMITH"}],"neow_cost":"NONE","seed_source_timestamp":62791674207959,"circlet_count":0,"master_deck":["AscendersBane","Strike_R","Strike_R","Strike_R","Strike_R","Defend_R","Defend_R","Defend_R","Defend_R","Bash+1","Sword Boomerang","Wild Strike+1","Headbutt","Anger","Perfected Strike+1"],"relics":["Burning Blood","Art of War","MawBank","Darkstone Periapt","Bag of Preparation"],"potions_floor_usage":[11,14],"damage_taken":[{"damage":4,"enemies":"Jaw Worm","floor":1,"turns":4},{"damage":0,"enemies":"2 Louse","floor":4,"turns":2},{"damage":5,"enemies":"Small Slimes","floor":8,"turns":3},{"damage":45,"enemies":"3 Sentries","floor":11,"turns":9},{"damage":8,"enemies":"Gremlin Nob","floor":14,"turns":3},{"damage":48,"enemies":"Slime Boss","floor":16,"turns":7}],"seed_played":"3510689237904344705","potions_obtained":[{"floor":11,"key":"Explosive Potion"}],"is_trial":false,"path_per_floor":["M","?","$","M","?","R","?","M","T","R","E","T","R","E","R","B"],"character_chosen":"IRONCLAD","items_purchased":["AttackPotion"],"campfire_rested":1,"item_purchase_floors":[3],"current_hp_per_floor":[70,70,70,75,64,64,64,65,65,65,26,26,48,46,46,0],"gold":460,"neow_bonus":"HUNDRED_GOLD","is_prod":false,"is_daily":false,"chose_seed":false,"campfire_upgraded":3,"win_rate":0,"timestamp":1559758637,"path_taken":["M","?","$","M","?","R","?","M","T","R","E","?","R","E","R","BOSS"],"build_version":"2019-01-23","purchased_purges":0,"victory":false,"max_hp_per_floor":[75,75,75,75,75,75,75,75,75,75,75,75,75,75,75,75],"card_choices":[{"not_picked":["Iron Wave","Seeing Red"],"picked":"Sword Boomerang","floor":1},{"not_picked":["Warcry","Bloodletting"],"picked":"Headbutt","floor":4},{"not_picked":["Exhume","Pummel","Dropkick"],"picked":"SKIP","floor":8},{"not_picked":["Heavy Blade","Rage"],"picked":"Anger","floor":11},{"not_picked":["Body Slam","Warcry"],"picked":"Perfected Strike","floor":14}],"player_experience":1067961,"relics_obtained":[{"floor":9,"key":"Art of War"},{"floor":11,"key":"MawBank"},{"floor":12,"key":"Darkstone Periapt"},{"floor":14,"key":"Bag of Preparation"}],"event_choices":[{"damage_healed":0,"gold_gain":0,"cards_transformed":["Strike_R"],"player_choice":"Change","damage_taken":0,"max_hp_gain":0,"max_hp_loss":0,"event_name":"Living Wall","floor":2,"gold_loss":0,"cards_obtained":["Wild Strike"]},{"damage_healed":0,"gold_gain":75,"player_choice":"Gather Gold","damage_taken":11,"max_hp_gain":0,"max_hp_loss":0,"event_name":"World of Goop","floor":5,"gold_loss":0},{"damage_healed":0,"gold_gain":52,"player_choice":"Gained Gold","damage_taken":0,"max_hp_gain":0,"max_hp_loss":0,"event_name":"Golden Wing","floor":7,"gold_loss":0}],"is_beta":false,"boss_relics":[],"items_purged_floors":[],"is_endless":false,"potions_floor_spawned":[11],"killed_by":"Slime Boss","ascension_level":20}