{"gold_per_floor":[113,163,0,0,13,13,25,57,57,57,67,67,79,113,113,185,185,196,78,78,94,94,94,104,104,104,135,35,35,50,63,63,134,134,147,166,166,166,184,184,212,212,212,52,65,65,96,96,96,96],"floor_reached":50,"playtime":3347,"items_purged":["Strike_B","Strike_B"],"score":1156,"play_id":"60b7b3d9-1293-4ae8-bca0-4a06301e2ccc","local_time":"20190703195323","is_ascension_mode":true,"campfire_choices":[{"data":"Barrage","floor":6.0,"key":"SMITH"},{"floor":10.0,"key":"REST"},{"data":"Zap","floor":12.0,"key":"SMITH"},{"data":"Defragment","floor":15.0,"key":"SMITH"},{"data":"Coolheaded","floor":23,"key":"SMITH"},{"data":"Tempest","floor":25,"key":"SMITH"},{"floor":29,"key":"REST"},{"data":"Capacitor","floor":32,"key":"SMITH"},{"floor":40,"key":"REST"},{"floor":42,"key":"REST"},{"floor":46,"key":"REST"},{"data":"Defragment","floor":49,"key":"SMITH"}],"neow_cost":"NONE","seed_source_timestamp":0,"circlet_count":0,"master_deck":["AscendersBane","Strike_B+1","Defend_B+1","Zap+1","Dualcast","Barrage+1","BootSequence","Recycle","Coolheaded+1","Ball Lightning","Tempest+1","Defragment+1","Echo Form","Coolheaded+1","Chill","Capacitor+1","Go for the Eyes","Leap","Self Repair","Recycle+1","Electrodynamics","Doom and Gloom+1","Reboot+1","Scrape+1","Steam","Capacitor","Turbo","Defragment+1","Double Energy","All For One"],"special_seed":0,"relics":["Cracked Core","Bag of Preparation","Ice Cream","Ornamental Fan","Happy Flower","Nuclear Battery","Ancient Tea Set","Oddly Smooth Stone","Astrolabe","DataDisk","Strawberry","Blood Vial","Potion Belt"],"potions_floor_usage":[18],"damage_taken":[{"damage":0.0,"enemies":"2 Louse","floor":1.0,"turns":2.0},{"damage":0.0,"enemies":"Cultist","floor":5.0,"turns":3.0},{"damage":0.0,"enemies":"Small Slimes","floor":7.0,"turns":3.0},{"damage":36.0,"enemies":"Gremlin Nob","floor":8.0,"turns":4.0},{"damage":2.0,"enemies":"Gremlin Gang","floor":11.0,"turns":6.0},{"damage":2.0,"enemies":"Lots of Slimes","floor":13.0,"turns":4.0},{"damage":15.0,"enemies":"Lagavulin","floor":14.0,"turns":5.0},{"damage":0.0,"enemies":"Hexaghost","floor":16.0,"turns":6.0},{"damage":6,"enemies":"3 Byrds","floor":18,"turns":4},{"damage":10,"enemies":"Shell Parasite","floor":21,"turns":5},{"damage":5,"enemies":"Chosen and Byrds","floor":24,"turns":7},{"damage":23,"enemies":"Book of Stabbing","floor":27,"turns":6},{"damage":10,"enemies":"Snake Plant","floor":30,"turns":4},{"damage":0,"enemies":"Cultist and Chosen","floor":31,"turns":5},{"damage":30,"enemies":"Collector","floor":33,"turns":10},{"damage":0,"enemies":"3 Shapes","floor":35,"turns":4},{"damage":7,"enemies":"Orb Walker","floor":36,"turns":3},{"damage":40,"enemies":"Spire Growth","floor":39,"turns":6},{"damage":37,"enemies":"Giant Head","floor":41,"turns":8},{"damage":49,"enemies":"Transient","floor":45,"turns":6},{"damage":26,"enemies":"Nemesis","floor":47,"turns":9},{"damage":41,"enemies":"Awakened One","floor":50,"turns":5}],"seed_played":"1667594776818780074","potions_obtained":[{"floor":1.0,"key":"SpeedPotion"},{"floor":7.0,"key":"Dexterity Potion"},{"floor":8.0,"key":"PowerPotion"},{"floor":16.0,"key":"Block Potion"},{"floor":30,"key":"FearPotion"},{"floor":31,"key":"Ancient Potion"},{"floor":47,"key":"LiquidBronze"}],"is_trial":false,"path_per_floor":["M","?","$","?","M","R","M","E","T","R","M","R","M","E","R","B",null,"M","$","?","M","?","R","M","R","T","E","$","R","M","M","R","B",null,"M","M","$","?","M","R","E","R","T","$","M","R","E","?","R","B"],"character_chosen":"DEFECT","items_purchased":["Bag of Preparation","Chill","Blood Vial"],"campfire_rested":5,"item_purchase_floors":[3,19,44],"current_hp_per_floor":[71,71,71,48,48,48,48,12,12,35,33,33,31,16,16,16,63,57,57,57,47,47,47,42,42,42,26,26,49,53,67,67,44,70,70,70,70,70,37,60,37,60,67,67,27,52,35,35,35,0],"gold":96,"neow_bonus":"TEN_PERCENT_HP_BONUS","is_prod":false,"is_daily":false,"chose_seed":false,"campfire_upgraded":7,"win_rate":0,"timestamp":1562180003,"path_taken":["M","?","?","?","M","R","M","E","T","R","M","R","M","E","R","BOSS","M","$","?","M","?","R","M","R","T","E","$","R","?","M","R","BOSS","M","M","?","?","?","R","E","R","T","$","M","R","E","?","R","BOSS"],"build_version":"2019-07-01","purchased_purges":2,"victory":false,"max_hp_per_floor":[78,78,78,78,78,78,78,78,78,78,78,78,78,78,78,78,78,78,78,78,78,78,78,78,78,78,78,78,78,78,78,78,78,78,78,78,78,78,78,78,78,78,85,85,85,85,85,85,85,85],"card_choices":[{"not_picked":["Auto Shields","Leap"],"picked":"Barrage","floor":1.0},{"not_picked":["Redo","Turbo"],"picked":"BootSequence","floor":5.0},{"not_picked":["Redo","Consume"],"picked":"Recycle","floor":7.0},{"not_picked":["Barrage","Go for the Eyes"],"picked":"Coolheaded","floor":8.0},{"not_picked":["Force Field","Compile Driver"],"picked":"Ball Lightning","floor":11.0},{"not_picked":["Cold Snap","Redo"],"picked":"Tempest","floor":13.0},{"not_picked":["Scrape","BootSequence"],"picked":"Defragment","floor":14.0},{"not_picked":["Buffer","Hyperbeam"],"picked":"Echo Form","floor":16.0},{"not_picked":["Compile Driver","Hologram"],"picked":"Coolheaded","floor":18},{"not_picked":["Ball Lightning","BootSequence"],"picked":"Go for the Eyes","floor":21},{"not_picked":["Coolheaded","Darkness"],"picked":"Self Repair","floor":24},{"not_picked":["FTL","Stack"],"picked":"Recycle+1","floor":27},{"not_picked":["Blizzard","Sweeping Beam","Compile Driver"],"picked":"SKIP","floor":30},{"not_picked":["Aggregate","Sweeping Beam","Beam Cell"],"picked":"SKIP","floor":31},{"not_picked":["Thunder Strike","Multi-Cast"],"picked":"Electrodynamics","floor":33},{"not_picked":["Steam Power+1","Leap"],"picked":"Steam","floor":35},{"not_picked":["Coolheaded","Leap+1"],"picked":"Capacitor","floor":36},{"not_picked":["Force Field","Rebound+1"],"picked":"Turbo","floor":39},{"not_picked":["Heatsinks+1","Sweeping Beam"],"picked":"Defragment","floor":41},{"not_picked":["Steam","Doom and Gloom"],"picked":"Double Energy","floor":45},{"not_picked":["Turbo","Cold Snap"],"picked":"All For One","floor":47}],"player_experience":1124330,"relics_obtained":[{"floor":8.0,"key":"Ice Cream"},{"floor":9.0,"key":"Ornamental Fan"},{"floor":14.0,"key":"Happy Flower"},{"floor":26,"key":"Ancient Tea Set"},{"floor":27,"key":"Oddly Smooth Stone"},{"floor":41,"key":"DataDisk"},{"floor":43,"key":"Strawberry"},{"floor":47,"key":"Potion Belt"}],"event_choices":[{"damage_healed":0.0,"max_hp_gain":0.0,"max_hp_loss":0.0,"gold_gain":50.0,"event_name":"Golden Shrine","player_choice":"Pray","floor":2.0,"gold_loss":0.0,"damage_taken":0.0},{"damage_healed":0.0,"max_hp_gain":0.0,"max_hp_loss":0.0,"gold_gain":0.0,"event_name":"Shining Light","player_choice":"Entered Light","floor":4.0,"gold_loss":0.0,"damage_taken":23.0,"cards_upgraded":["Defend_B","Strike_B"]},{"damage_healed":0,"gold_gain":0,"player_choice":"Read","damage_taken":0,"max_hp_gain":0,"max_hp_loss":0,"event_name":"The Library","floor":20,"gold_loss":0,"cards_obtained":["Capacitor"]},{"damage_healed":0,"gold_gain":0,"cards_transformed":["Strike_B"],"player_choice":"Transformed","damage_taken":0,"max_hp_gain":0,"max_hp_loss":0,"event_name":"Transmorgrifier","floor":22,"gold_loss":0,"cards_obtained":["Leap"]},{"damage_healed":0,"gold_gain":0,"player_choice":"Upgraded","damage_taken":0,"max_hp_gain":0,"max_hp_loss":0,"event_name":"Upgrade Shrine","floor":38,"gold_loss":0,"cards_upgraded":["Coolheaded"]},{"damage_healed":0,"gold_gain":0,"player_choice":"Ignored","damage_taken":0,"max_hp_gain":0,"max_hp_loss":0,"event_name":"SecretPortal","floor":48,"gold_loss":0}],"is_beta":false,"boss_relics":[{"not_picked":["FrozenCore","Coffee Dripper"],"picked":"Nuclear Battery"},{"not_picked":["Pandora\u0027s Box","Eternal Feather"],"picked":"Astrolabe"}],"items_purged_floors":[19,28],"is_endless":false,"potions_floor_spawned":[1,7,8,16,30,31,35,47],"killed_by":"Awakened One","ascension_level":20}