{"gold_per_floor":[118,118,118,4,4,4,35,35,35,54,74,74,93,93,93,190,190,209,134,134,184,199,232,243,273,273,301,301,133,133,164,164,259,259,277,277,277,292,392,392,427,427,427,427,437,437,450,140,140,140],"floor_reached":51,"playtime":3117,"items_purged":["Bash","Limit Break+1","Strike_R+1"],"score":1261,"play_id":"f34744fc-cf60-4bb9-b99f-ac4f42a3a567","local_time":"20190913154656","is_ascension_mode":true,"campfire_choices":[{"data":"Corruption","floor":6.0,"key":"SMITH"},{"data":"Disarm","floor":8.0,"key":"SMITH"},{"data":"True Grit","floor":12.0,"key":"SMITH"},{"data":"Headbutt","floor":15.0,"key":"SMITH"},{"data":"Barricade","floor":28.0,"key":"SMITH"},{"data":"Feel No Pain","floor":30.0,"key":"SMITH"},{"data":"Ghostly Armor","floor":32.0,"key":"SMITH"},{"data":"Defend_R","floor":40.0,"key":"SMITH"},{"data":"Defend_R","floor":42.0,"key":"SMITH"},{"data":"Defend_R","floor":49,"key":"SMITH"}],"neow_cost":"PERCENT_DAMAGE","seed_source_timestamp":0,"circlet_count":0,"master_deck":["Defend_R+1","Defend_R+1","Defend_R+1","Defend_R+1","Corruption+1","Havoc+1","Ghostly Armor+1","Disarm+1","True Grit+1","Barricade+1","Whirlwind+1","Feed+1","Shockwave+1","Entrench+1","Feel No Pain+1","Body Slam+1","Disarm+1"],"special_seed":0,"relics":["Burning Blood","Dead Branch","MawBank","Whetstone","Blood Vial","Astrolabe","Toxic Egg 2","Singing Bowl","Molten Egg 2","Blue Candle","Oddly Smooth Stone","Cursed Key","Mango","Bottled Flame","War Paint"],"potions_floor_usage":[50],"damage_taken":[{"damage":7.0,"enemies":"Small Slimes","floor":1.0,"turns":4.0},{"damage":0.0,"enemies":"Lagavulin","floor":7.0,"turns":7.0},{"damage":1.0,"enemies":"2 Louse","floor":10.0,"turns":3.0},{"damage":0.0,"enemies":"Cultist","floor":11.0,"turns":3.0},{"damage":0.0,"enemies":"Large Slime","floor":13.0,"turns":5.0},{"damage":15.0,"enemies":"The Guardian","floor":16.0,"turns":10.0},{"damage":0.0,"enemies":"3 Byrds","floor":18.0,"turns":4.0},{"damage":12.0,"enemies":"2 Thieves","floor":22.0,"turns":2.0},{"damage":12.0,"enemies":"Gremlin Leader","floor":23.0,"turns":3.0},{"damage":3.0,"enemies":"Snake Plant","floor":24.0,"turns":1.0},{"damage":22.0,"enemies":"Slavers","floor":25.0,"turns":6.0},{"damage":14.0,"enemies":"Gremlin Leader","floor":27.0,"turns":8.0},{"damage":12.0,"enemies":"Book of Stabbing","floor":31.0,"turns":6.0},{"damage":8.0,"enemies":"Automaton","floor":33.0,"turns":6.0},{"damage":0.0,"enemies":"Orb Walker","floor":35.0,"turns":4.0},{"damage":11.0,"enemies":"3 Shapes","floor":38.0,"turns":6.0},{"damage":26.0,"enemies":"Mind Bloom Boss Battle","floor":39.0,"turns":6.0},{"damage":2.0,"enemies":"Reptomancer","floor":41.0,"turns":3.0},{"damage":0.0,"enemies":"Maw","floor":45.0,"turns":11.0},{"damage":6.0,"enemies":"Writhing Mass","floor":47.0,"turns":9.0},{"damage":20,"enemies":"Time Eater","floor":50,"turns":7}],"seed_played":"7327917135131308583","potions_obtained":[{"floor":7.0,"key":"Fire Potion"},{"floor":16.0,"key":"Poison Potion"},{"floor":23.0,"key":"Swift Potion"},{"floor":25.0,"key":"SteroidPotion"},{"floor":27.0,"key":"Energy Potion"},{"floor":41.0,"key":"Block Potion"},{"floor":45.0,"key":"Dexterity Potion"}],"is_trial":false,"path_per_floor":["M","$","?","$","?","R","E","R","T","M","M","R","M","?","R","B",null,"M","$","?","?","M","E","M","E","T","E","R","$","R","E","R","B",null,"M","?","?","M","?","R","E","R","T","?","M","?","M","$","R","B",null],"character_chosen":"IRONCLAD","items_purchased":["Corruption","Havoc","Feel No Pain","War Paint","Disarm+1"],"campfire_rested":0,"item_purchase_floors":[4,4,29,48,48],"current_hp_per_floor":[50,50,43,43,43,43,49,49,49,56,64,64,72,72,72,65,76,80,80,80,80,78,74,79,67,67,61,61,61,61,61,61,63,85,94,94,96,97,95,95,103,103,103,103,117,117,121,121,121,109],"gold":140,"neow_bonus":"ONE_RARE_RELIC","is_prod":false,"is_daily":false,"chose_seed":false,"campfire_upgraded":10,"win_rate":0,"timestamp":1568414816,"path_taken":["M","$","?","$","?","R","E","R","T","M","M","R","?","?","R","BOSS","M","$","?","?","?","E","M","E","T","E","R","$","R","E","R","BOSS","M","?","?","M","?","R","E","R","T","?","M","?","M","$","R","BOSS"],"build_version":"2019-07-17","purchased_purges":3,"victory":true,"max_hp_per_floor":[80,80,80,80,80,80,80,80,80,80,80,80,80,80,80,80,80,80,80,80,80,84,84,84,86,86,86,86,86,86,90,90,92,92,94,94,96,102,118,118,120,120,120,120,126,126,128,128,128,128],"card_choices":[{"not_picked":["Havoc","Clothesline"],"picked":"Headbutt","floor":1.0},{"not_picked":["Impervious","Second Wind"],"picked":"Disarm","floor":7.0},{"not_picked":["Second Wind","Thunderclap","Reckless Charge"],"picked":"SKIP","floor":10.0},{"not_picked":["Havoc","Clothesline"],"picked":"True Grit","floor":11.0},{"not_picked":["Clash","Perfected Strike","Carnage"],"picked":"SKIP","floor":13.0},{"not_picked":["Dark Embrace","Limit Break"],"picked":"Barricade","floor":16.0},{"not_picked":["Thunderclap","Uppercut","Perfected Strike"],"picked":"SKIP","floor":18.0},{"not_picked":["Headbutt+1","Heavy Blade","Thunderclap"],"picked":"SKIP","floor":22.0},{"not_picked":["Sword Boomerang+1","Double Tap","Perfected Strike+1"],"picked":"SKIP","floor":23.0},{"not_picked":["Twin Strike","Heavy Blade"],"picked":"Shockwave+1","floor":24.0},{"not_picked":["Entrench+1","True Grit+1","Armaments+1"],"picked":"Singing Bowl","floor":25.0},{"not_picked":["Flex+1","Wild Strike+1"],"picked":"Entrench+1","floor":27.0},{"not_picked":["Whirlwind+1","Shrug It Off+1"],"picked":"Body Slam+1","floor":31.0},{"not_picked":["Double Tap+1","Feed+1","Bludgeon+1"],"picked":"Singing Bowl","floor":33.0},{"not_picked":["Flex+1","Twin Strike+1","Iron Wave+1"],"picked":"Singing Bowl","floor":35.0},{"not_picked":["Transmutation+1","Dark Shackles+1","Enlightenment+1"],"picked":"Singing Bowl","floor":37.0},{"not_picked":["Anger+1","Perfected Strike+1","Combust+1"],"picked":"Singing Bowl","floor":38.0},{"not_picked":["Intimidate+1","Havoc+1","Body Slam+1"],"picked":"Singing Bowl","floor":39.0},{"not_picked":["Clash+1","Iron Wave+1","Intimidate+1"],"picked":"Singing Bowl","floor":41.0},{"not_picked":["Flex+1","Perfected Strike+1","Sword Boomerang+1"],"picked":"Singing Bowl","floor":45.0},{"not_picked":["Clothesline+1","Thunderclap+1","Flex+1"],"picked":"Singing Bowl","floor":47.0}],"player_experience":205911,"relics_obtained":[{"floor":7.0,"key":"Whetstone"},{"floor":9.0,"key":"Blood Vial"},{"floor":23.0,"key":"Toxic Egg 2"},{"floor":25.0,"key":"Singing Bowl"},{"floor":26.0,"key":"Molten Egg 2"},{"floor":27.0,"key":"Blue Candle"},{"floor":31.0,"key":"Oddly Smooth Stone"},{"floor":39.0,"key":"Mango"},{"floor":41.0,"key":"Bottled Flame"}],"event_choices":[{"damage_healed":0.0,"max_hp_gain":0.0,"max_hp_loss":0.0,"gold_gain":0.0,"event_name":"Scrap Ooze","player_choice":"Success","floor":3.0,"gold_loss":0.0,"damage_taken":7.0,"relics_obtained":["MawBank"]},{"damage_healed":0.0,"max_hp_gain":0.0,"max_hp_loss":0.0,"gold_gain":0.0,"cards_transformed":["Strike_R"],"event_name":"Transmorgrifier","player_choice":"Transformed","floor":5.0,"gold_loss":0.0,"damage_taken":0.0,"cards_obtained":["Ghostly Armor"]},{"damage_healed":0.0,"max_hp_gain":0.0,"max_hp_loss":0.0,"gold_gain":0.0,"event_name":"The Woman in Blue","player_choice":"Bought 0 Potions","floor":14.0,"gold_loss":0.0,"damage_taken":0.0},{"damage_healed":0.0,"max_hp_gain":0.0,"max_hp_loss":0.0,"gold_gain":0.0,"event_name":"Cursed Tome","player_choice":"Ignored","floor":20.0,"gold_loss":0.0,"damage_taken":0.0},{"damage_healed":0.0,"max_hp_gain":0.0,"max_hp_loss":0.0,"gold_gain":100.0,"event_name":"The Joust","player_choice":"Bet on Murderer","floor":21.0,"gold_loss":50.0,"damage_taken":0.0},{"damage_healed":0.0,"max_hp_gain":0.0,"max_hp_loss":0.0,"gold_gain":0.0,"event_name":"Mysterious Sphere","player_choice":"Ignored","floor":36.0,"gold_loss":0.0,"damage_taken":0.0},{"damage_healed":0.0,"max_hp_gain":0.0,"max_hp_loss":0.0,"gold_gain":0.0,"event_name":"SensoryStone","player_choice":"Memory 1","floor":37.0,"gold_loss":0.0,"damage_taken":0.0},{"damage_healed":0.0,"max_hp_gain":0.0,"max_hp_loss":0.0,"gold_gain":0.0,"event_name":"MindBloom","player_choice":"Fight","floor":39.0,"gold_loss":0.0,"damage_taken":0.0},{"cards_removed":["Headbutt"],"damage_healed":0.0,"max_hp_gain":0.0,"max_hp_loss":0.0,"gold_gain":0.0,"event_name":"Falling","player_choice":"Removed Attack","floor":44.0,"gold_loss":0.0,"damage_taken":0.0},{"damage_healed":0.0,"max_hp_gain":0.0,"max_hp_loss":0.0,"gold_gain":0.0,"event_name":"Tomb of Lord Red Mask","player_choice":"Ignored","floor":46.0,"gold_loss":0.0,"damage_taken":0.0}],"is_beta":false,"boss_relics":[{"not_picked":["Sozu","Black Blood"],"picked":"Astrolabe"},{"not_picked":["Snecko Eye","Runic Cube"],"picked":"Cursed Key"}],"items_purged_floors":[19,29,48],"is_endless":false,"potions_floor_spawned":[7,16,23,25,27,41,45,47],"ascension_level":8}