{"gold_per_floor":[118,118,137,137,68,103,103,122,122,147,222,222,247,262,262,365,365,380,393,393,493,513,547,547,557,584,611,622,635,663,682,682,785,785,796,296,296,296,46,77,77,106,106,153,186,186,204,5,5,5,5,5,5,38,38],"floor_reached":56,"playtime":5026,"items_purged":["Strike_B"],"score":1470,"play_id":"ebab25d6-6fd4-49d2-9080-577c25810270","local_time":"20190924172956","is_ascension_mode":true,"campfire_choices":[{"data":"Recycle","floor":7,"key":"SMITH"},{"data":"Sunder","floor":12,"key":"SMITH"},{"floor":15,"key":"REST"},{"data":"Echo Form","floor":24,"key":"SMITH"},{"data":"Self Repair","floor":32,"key":"SMITH"},{"floor":41,"key":"RECALL"},{"data":"Defragment","floor":46,"key":"SMITH"},{"data":"Electrodynamics","floor":49,"key":"SMITH"},{"data":"Doom and Gloom","floor":52,"key":"SMITH"}],"neow_cost":"NONE","seed_source_timestamp":1148944482003341,"circlet_count":0,"master_deck":["Strike_B","Strike_B","Defend_B","Defend_B","Defend_B","Defend_B","Zap","Dualcast","Recycle+1","Sunder+1","Doom and Gloom+1","Creative AI","Glacier+1","Electrodynamics+1","Coolheaded+1","Self Repair+1","Chaos+1","Echo Form+1","Skim+1","Leap+1","Hologram+1","Seek+1","Compile Driver+1","Echo Form+1","Defragment+1","Capacitor+1","Coolheaded+1","Reinforced Body+1","Consume+1"],"relics":["Cracked Core","NeowsBlessing","Toxic Egg 2","Gremlin Horn","Darkstone Periapt","Meat on the Bone","Snecko Eye","Anchor","Vajra","White Beast Statue","Ancient Tea Set","Black Star","DollysMirror","Bottled Lightning","Mercury Hourglass","Lizard Tail","Juzu Bracelet","Pen Nib","Boot","FossilizedHelix","Art of War","Prayer Wheel","Oddly Smooth Stone","Pear"],"potions_floor_usage":[13,23,27,42,55],"damage_taken":[{"damage":0,"enemies":"2 Louse","floor":1,"turns":1},{"damage":0,"enemies":"Cultist","floor":3,"turns":1},{"damage":0,"enemies":"3 Sentries","floor":6,"turns":1},{"damage":0,"enemies":"Small Slimes","floor":8,"turns":2},{"damage":15,"enemies":"Gremlin Nob","floor":10,"turns":4},{"damage":26,"enemies":"3 Sentries","floor":13,"turns":6},{"damage":8,"enemies":"Blue Slaver","floor":14,"turns":3},{"damage":31,"enemies":"Slime Boss","floor":16,"turns":7},{"damage":0,"enemies":"2 Thieves","floor":18,"turns":2},{"damage":10,"enemies":"3 Byrds","floor":19,"turns":2},{"damage":5,"enemies":"3 Cultists","floor":22,"turns":4},{"damage":5,"enemies":"Slavers","floor":23,"turns":5},{"damage":0,"enemies":"Centurion and Healer","floor":25,"turns":3},{"damage":39,"enemies":"Book of Stabbing","floor":27,"turns":7},{"damage":0,"enemies":"Cultist and Chosen","floor":28,"turns":8},{"damage":0,"enemies":"3 Cultists","floor":29,"turns":3},{"damage":0,"enemies":"Gremlin Leader","floor":30,"turns":5},{"damage":0,"enemies":"Snecko","floor":31,"turns":3},{"damage":14,"enemies":"Automaton","floor":33,"turns":7},{"damage":2,"enemies":"Orb Walker","floor":35,"turns":5},{"damage":0,"enemies":"Giant Head","floor":40,"turns":6},{"damage":8,"enemies":"Nemesis","floor":42,"turns":7},{"damage":21,"enemies":"2 Orb Walkers","floor":44,"turns":3},{"damage":0,"enemies":"Reptomancer","floor":45,"turns":5},{"damage":0,"enemies":"3 Shapes","floor":47,"turns":3},{"damage":18,"enemies":"Awakened One","floor":50,"turns":17},{"damage":16,"enemies":"Shield and Spear","floor":54,"turns":7},{"damage":17,"enemies":"The Heart","floor":55,"turns":10}],"seed_played":"-351717125708084797","potions_obtained":[{"floor":1,"key":"Energy Potion"},{"floor":13,"key":"GamblersBrew"},{"floor":27,"key":"Fruit Juice"},{"floor":28,"key":"FearPotion"},{"floor":29,"key":"Strength Potion"},{"floor":30,"key":"Ancient Potion"},{"floor":33,"key":"FocusPotion"},{"floor":35,"key":"EssenceOfDarkness"},{"floor":42,"key":"SpeedPotion"}],"is_trial":false,"path_per_floor":["M","?","M","?","$","E","R","M","T","E","?","R","E","M","R","B",null,"M","M","?","?","M","E","R","M","T","E","M","M","E","M","R","B",null,"M","$","?","?","$","E","R","E","T","?","E","R","M","$","R","B",null,"R","$","E","B",null],"character_chosen":"DEFECT","items_purchased":["Doom and Gloom","DollysMirror","Defragment","Bottled Lightning","Mercury Hourglass","Consume+1","PowerPotion"],"campfire_rested":1,"item_purchase_floors":[5,36,36,36,39,48,48],"current_hp_per_floor":[75,75,75,75,75,75,75,75,75,60,49,49,23,27,49,30,75,75,65,65,65,67,69,69,75,75,67,80,80,80,80,80,66,80,80,80,80,80,80,80,80,80,80,59,59,59,69,69,69,71,80,80,80,90,83],"gold":38,"neow_bonus":"THREE_ENEMY_KILL","is_prod":false,"is_daily":false,"chose_seed":false,"campfire_upgraded":7,"win_rate":0,"timestamp":1569360596,"path_taken":["M","?","?","?","$","E","R","M","T","E","?","R","E","M","R","BOSS","M","M","?","?","M","E","R","?","T","E","?","M","E","M","R","BOSS","M","?","?","?","$","E","R","E","T","?","E","R","M","?","R","BOSS","R","$","E","BOSS"],"build_version":"2019-09-24","purchased_purges":1,"victory":true,"max_hp_per_floor":[75,75,75,75,75,75,75,75,75,75,75,75,75,75,75,75,75,75,75,75,75,75,75,75,75,75,80,80,80,80,80,80,80,80,80,80,80,80,80,80,80,80,80,80,80,80,80,80,80,80,80,80,80,90,90],"card_choices":[{"not_picked":["Hologram","Redo"],"picked":"Recycle","floor":1},{"not_picked":["Hologram","Leap"],"picked":"Sunder","floor":3},{"not_picked":["Barrage","Ball Lightning"],"picked":"Steam","floor":6},{"not_picked":["Aggregate+1","Turbo+1","Barrage"],"picked":"SKIP","floor":8},{"not_picked":["Chaos+1","Steam+1"],"picked":"Creative AI","floor":10},{"not_picked":["Sunder","Hologram+1"],"picked":"Glacier+1","floor":13},{"not_picked":["Aggregate+1","Rebound","Beam Cell"],"picked":"SKIP","floor":14},{"not_picked":["Machine Learning","Hyperbeam"],"picked":"Electrodynamics","floor":16},{"not_picked":["Leap+1","Cold Snap"],"picked":"Coolheaded+1","floor":18},{"not_picked":["Turbo+1","Ball Lightning+1"],"picked":"Self Repair","floor":19},{"not_picked":["Ball Lightning","Rip and Tear"],"picked":"Chaos+1","floor":22},{"not_picked":["Hologram+1","Redo+1"],"picked":"Echo Form","floor":23},{"not_picked":["Force Field+1","Rebound"],"picked":"Skim+1","floor":25},{"not_picked":["Beam Cell","Rip and Tear","Chaos+1"],"picked":"SKIP","floor":27},{"not_picked":["BootSequence+1","Tempest+1","Ball Lightning"],"picked":"SKIP","floor":28},{"not_picked":["Gash","Storm"],"picked":"Leap+1","floor":29},{"not_picked":["Steam+1","Ball Lightning"],"picked":"Hologram+1","floor":30},{"not_picked":["Go for the Eyes","Rebound","Stack+1"],"picked":"SKIP","floor":31},{"not_picked":["Hyperbeam","Core Surge"],"picked":"Seek+1","floor":33},{"not_picked":["Stack+1","Sweeping Beam"],"picked":"Compile Driver+1","floor":35},{"not_picked":["Beam Cell","Gash+1","Steam+1"],"picked":"SKIP","floor":40},{"not_picked":["Hologram+1","Ball Lightning+1","Barrage"],"picked":"SKIP","floor":42},{"not_picked":["Fusion+1","White Noise+1"],"picked":"Capacitor+1","floor":45},{"not_picked":["Leap+1","Barrage"],"picked":"Coolheaded+1","floor":47},{"not_picked":["Leap+1","Stack+1"],"picked":"Reinforced Body+1","floor":47},{"not_picked":["FTL","Gash+1","Conserve Battery+1"],"picked":"SKIP","floor":54}],"player_experience":427492,"relics_obtained":[{"floor":6,"key":"Toxic Egg 2"},{"floor":9,"key":"Gremlin Horn"},{"floor":10,"key":"Darkstone Periapt"},{"floor":13,"key":"Meat on the Bone"},{"floor":23,"key":"Anchor"},{"floor":26,"key":"Vajra"},{"floor":27,"key":"White Beast Statue"},{"floor":30,"key":"Ancient Tea Set"},{"floor":40,"key":"Lizard Tail"},{"floor":40,"key":"Juzu Bracelet"},{"floor":42,"key":"Pen Nib"},{"floor":42,"key":"Boot"},{"floor":44,"key":"FossilizedHelix"},{"floor":45,"key":"Art of War"},{"floor":45,"key":"Prayer Wheel"},{"floor":54,"key":"Oddly Smooth Stone"},{"floor":54,"key":"Pear"}],"event_choices":[{"damage_healed":0,"gold_gain":0,"player_choice":"Bought 0 Potions","damage_taken":0,"max_hp_gain":0,"max_hp_loss":0,"event_name":"The Woman in Blue","floor":2,"gold_loss":0},{"cards_removed":["Strike_B"],"damage_healed":0,"gold_gain":0,"player_choice":"Forget","damage_taken":0,"max_hp_gain":0,"max_hp_loss":0,"event_name":"Living Wall","floor":4,"gold_loss":0},{"damage_healed":0,"gold_gain":75,"player_choice":"Gather Gold","damage_taken":11,"max_hp_gain":0,"max_hp_loss":0,"event_name":"World of Goop","floor":11,"gold_loss":0},{"damage_healed":0,"gold_gain":0,"player_choice":"Ignored","damage_taken":0,"max_hp_gain":0,"max_hp_loss":0,"event_name":"Ghosts","floor":20,"gold_loss":0},{"damage_healed":0,"gold_gain":100,"player_choice":"Pray","damage_taken":0,"max_hp_gain":0,"max_hp_loss":0,"event_name":"Golden Shrine","floor":21,"gold_loss":0},{"damage_healed":0,"gold_gain":0,"player_choice":"Memory 1","damage_taken":0,"max_hp_gain":0,"max_hp_loss":0,"event_name":"SensoryStone","floor":37,"gold_loss":0},{"cards_removed":["Steam"],"damage_healed":0,"gold_gain":0,"player_choice":"Removed Skill","damage_taken":0,"max_hp_gain":0,"max_hp_loss":0,"event_name":"Falling","floor":38,"gold_loss":0},{"damage_healed":0,"gold_gain":0,"player_choice":"Fight","damage_taken":0,"max_hp_gain":0,"max_hp_loss":0,"event_name":"Mysterious Sphere","floor":44,"gold_loss":0}],"is_beta":true,"boss_relics":[{"not_picked":["FrozenCore","SlaversCollar"],"picked":"Snecko Eye"},{"not_picked":["Runic Pyramid","Calling Bell"],"picked":"Black Star"}],"items_purged_floors":[48],"is_endless":false,"potions_floor_spawned":[1,13,27,28,29,30,31,33,35,40,42,44,47,54],"ascension_level":2}