{"gold_per_floor":[116,116,116,0,18,18,50,50,104,104,104,104,121,139,139,212,212,227,246,8,8,8,8,25,25,25,51,1,1,74,92,92,92],"floor_reached":33,"playtime":786,"items_purged":["Strike_G","Strike_G"],"score":560,"play_id":"b657cef4-5d31-4353-939e-b2b281a2d1fc","local_time":"20190616071708","is_ascension_mode":true,"campfire_choices":[{"data":"Well Laid Plans","floor":6,"key":"SMITH"},{"data":"Flying Knee","floor":10,"key":"SMITH"},{"data":"Dash","floor":12,"key":"SMITH"},{"floor":15,"key":"REST"},{"data":"A Thousand Cuts","floor":23,"key":"SMITH"},{"data":"Blur","floor":25,"key":"SMITH"},{"data":"Accuracy","floor":29,"key":"SMITH"},{"data":"Blade Dance","floor":32,"key":"SMITH"}],"neow_cost":"NONE","seed_source_timestamp":370466929572400,"circlet_count":0,"master_deck":["AscendersBane","Defend_G","Defend_G","Defend_G","Defend_G","Defend_G","Strike_G","Survivor+1","Neutralize+1","Flying Knee+1","Well Laid Plans+1","Endless Agony","Cloak And Dagger","Dash+1","Endless Agony","A Thousand Cuts+1","Accuracy+1","Leg Sweep","Endless Agony","Deflect","Writhe","Blur+1","Heel Hook","Blade Dance+1","Backflip"],"relics":["Ring of the Snake","NeowsBlessing","Pen Nib","PreservedInsect","Anchor","WristBlade","Bag of Preparation","Ninja Scroll","Oddly Smooth Stone","Unceasing Top","Pear"],"potions_floor_usage":[7,16,24,31,31],"damage_taken":[{"damage":0,"enemies":"2 Louse","floor":1,"turns":1},{"damage":0,"enemies":"Small Slimes","floor":5,"turns":1},{"damage":0,"enemies":"3 Sentries","floor":7,"turns":1},{"damage":0,"enemies":"Cultist","floor":13,"turns":3},{"damage":2,"enemies":"Exordium Thugs","floor":14,"turns":6},{"damage":10,"enemies":"The Guardian","floor":16,"turns":10},{"damage":0,"enemies":"Chosen","floor":18,"turns":3},{"damage":0,"enemies":"Spheric Guardian","floor":19,"turns":3},{"damage":0,"enemies":"Centurion and Healer","floor":24,"turns":3},{"damage":0,"enemies":"Gremlin Leader","floor":27,"turns":4},{"damage":4,"enemies":"Shelled Parasite and Fungi","floor":31,"turns":3},{"damage":70,"enemies":"Automaton","floor":33,"turns":6}],"seed_played":"-191835813052875565","potions_obtained":[{"floor":5,"key":"LiquidBronze"},{"floor":7,"key":"GhostInAJar"},{"floor":13,"key":"Strength Potion"},{"floor":16,"key":"Dexterity Potion"},{"floor":24,"key":"LiquidBronze"}],"is_trial":false,"path_per_floor":["M","?","?","$","M","R","E","?","T","R","?","R","M","M","R","B",null,"M","M","$","?","?","R","M","R","T","E","$","R","T","M","R","B"],"character_chosen":"THE_SILENT","items_purchased":["Well Laid Plans","Endless Agony","Deflect","Blade Dance"],"campfire_rested":1,"item_purchase_floors":[4,20,20,28],"current_hp_per_floor":[59,52,32,32,32,32,32,21,21,21,21,21,21,19,38,28,57,57,57,57,57,57,57,57,57,57,57,57,57,67,63,63,0],"gold":92,"neow_bonus":"THREE_ENEMY_KILL","is_prod":false,"is_daily":false,"chose_seed":false,"campfire_upgraded":7,"win_rate":0,"timestamp":1560662228,"path_taken":["M","?","?","$","M","R","E","?","T","R","?","R","M","M","R","BOSS","M","M","$","?","?","R","?","R","T","E","$","R","?","M","R","BOSS"],"build_version":"2019-01-23","purchased_purges":2,"victory":false,"max_hp_per_floor":[66,66,66,66,66,66,66,66,66,66,66,66,66,66,66,66,66,66,66,66,66,66,66,66,66,66,66,66,66,76,76,76,76],"card_choices":[{"not_picked":["All Out Attack","Blur"],"picked":"Flying Knee","floor":1},{"not_picked":["Slice","Concentrate"],"picked":"Endless Agony","floor":5},{"not_picked":["Outmaneuver","Riddle With Holes"],"picked":"Cloak And Dagger","floor":7},{"not_picked":["Acrobatics","Dodge and Roll"],"picked":"Endless Agony","floor":13},{"not_picked":["Sucker Punch","Deflect"],"picked":"Quick Slash","floor":14},{"not_picked":["Corpse Explosion","Wraith Form v2"],"picked":"A Thousand Cuts","floor":16},{"not_picked":["Dodge and Roll","Poisoned Stab"],"picked":"Accuracy","floor":18},{"not_picked":["Sucker Punch","Dodge and Roll"],"picked":"Leg Sweep","floor":19},{"not_picked":["All Out Attack","Prepared"],"picked":"Blur","floor":24},{"not_picked":["Dodge and Roll","Setup"],"picked":"Heel Hook","floor":27},{"not_picked":["Dash","Flying Knee"],"picked":"Backflip","floor":31}],"player_experience":1368712,"relics_obtained":[{"floor":7,"key":"Pen Nib"},{"floor":9,"key":"Anchor"},{"floor":26,"key":"Oddly Smooth Stone"},{"floor":27,"key":"Unceasing Top"},{"floor":30,"key":"Pear"}],"event_choices":[{"cards_removed":["Strike_G"],"damage_healed":0,"gold_gain":0,"player_choice":"Card Removal","damage_taken":7,"max_hp_gain":0,"max_hp_loss":0,"event_name":"Golden Wing","floor":2,"gold_loss":0},{"damage_healed":0,"gold_gain":0,"player_choice":"Entered Light","damage_taken":20,"max_hp_gain":0,"max_hp_loss":0,"event_name":"Shining Light","floor":3,"gold_loss":0,"cards_upgraded":["Neutralize","Survivor"]},{"damage_healed":0,"gold_gain":0,"player_choice":"Success","damage_taken":11,"relics_obtained":["PreservedInsect"],"max_hp_gain":0,"max_hp_loss":0,"event_name":"Scrap Ooze","floor":8,"gold_loss":0},{"damage_healed":0,"gold_gain":0,"cards_transformed":["Strike_G"],"player_choice":"Change","damage_taken":0,"max_hp_gain":0,"max_hp_loss":0,"event_name":"Living Wall","floor":11,"gold_loss":0,"cards_obtained":["Dash"]},{"damage_healed":0,"gold_gain":0,"player_choice":"Opened","damage_taken":0,"relics_obtained":["Bag of Preparation"],"max_hp_gain":0,"max_hp_loss":0,"event_name":"The Mausoleum","floor":21,"gold_loss":0,"cards_obtained":["Writhe"]},{"cards_removed":["Quick Slash"],"damage_healed":0,"gold_gain":0,"player_choice":"Gave Card","damage_taken":0,"relics_obtained":["Ninja Scroll"],"max_hp_gain":0,"max_hp_loss":0,"event_name":"WeMeetAgain","floor":22,"gold_loss":0}],"is_beta":false,"boss_relics":[{"not_picked":["Calling Bell","Coffee Dripper"],"picked":"WristBlade"}],"items_purged_floors":[4,20],"is_endless":false,"potions_floor_spawned":[5,7,13,16,24],"killed_by":"Automaton","ascension_level":16}