{"gold_per_floor":[115,129,129,304,304,304,315,315,315,315,335,349,367,396,396,491,491,510,510,484,258,258,258,269,99,99,99,99,99,99,112,112,217,217,235,248,259,279,279,279,312,312,312,312,312,322,348,67,67,67],"floor_reached":51,"playtime":3854,"items_purged":["Doubt","Strike_G","Setup"],"score":1008,"play_id":"27e9c8a8-ce73-436f-9fcb-f247f2ddbac8","local_time":"20181014230506","is_ascension_mode":true,"campfire_choices":[{"data":"Neutralize","floor":6,"key":"SMITH"},{"data":"Poisoned Stab","floor":8,"key":"SMITH"},{"data":"Poisoned Stab","floor":10,"key":"SMITH"},{"floor":15,"key":"REST"},{"data":"Caltrops","floor":23,"key":"SMITH"},{"data":"After Image","floor":27,"key":"SMITH"},{"data":"Footwork","floor":29,"key":"SMITH"},{"data":"Malaise","floor":32,"key":"SMITH"},{"data":"Adrenaline","floor":40,"key":"SMITH"},{"floor":42,"key":"REST"},{"floor":44,"key":"REST"},{"floor":49,"key":"REST"}],"neow_cost":"NONE","seed_source_timestamp":359241340041105,"circlet_count":0,"master_deck":["Defend_G+1","Defend_G+1","Defend_G+1","Defend_G+1","Defend_G+1","Survivor","Neutralize+1","AscendersBane","Poisoned Stab+1","Poisoned Stab+1","Well Laid Plans","Flying Knee","Dagger Throw","Blur","Leg Sweep","After Image+1","Riddle With Holes+1","Calculated Gamble+1","Unload+1","Blur+1","Caltrops+1","Skewer+1","PiercingWail+1","Terror","Footwork+1","Malaise+1","Footwork","Adrenaline+1","PiercingWail","Corpse Explosion","Dash+1","Deadly Poison+1","Backflip+1","Night Terror","Mayhem","Footwork"],"relics":["Ring of the Snake","Oddly Smooth Stone","Nunchaku","Prayer Wheel","Astrolabe","Bronze Scales","Bottled Flame","Smiling Mask","Sozu","Potion Belt","Torii","Bag of Marbles"],"potions_floor_usage":[16,16,20,24,33,50],"damage_taken":[{"damage":2,"enemies":"Small Slimes","floor":1,"turns":3},{"damage":1,"enemies":"Cultist","floor":2,"turns":5},{"damage":0,"enemies":"Jaw Worm","floor":7,"turns":5},{"damage":0,"enemies":"Looter","floor":11,"turns":3},{"damage":0,"enemies":"Large Slime","floor":12,"turns":5},{"damage":1,"enemies":"Blue Slaver","floor":13,"turns":3},{"damage":45,"enemies":"Gremlin Nob","floor":14,"turns":5},{"damage":21,"enemies":"The Guardian","floor":16,"turns":12},{"damage":7,"enemies":"3 Byrds","floor":18,"turns":7},{"damage":18,"enemies":"2 Thieves","floor":20,"turns":5},{"damage":0,"enemies":"Centurion and Healer","floor":24,"turns":8},{"damage":0,"enemies":"Shelled Parasite and Fungi","floor":31,"turns":9},{"damage":44,"enemies":"Collector","floor":33,"turns":14},{"damage":0,"enemies":"Orb Walker","floor":35,"turns":5},{"damage":4,"enemies":"3 Darklings","floor":36,"turns":6},{"damage":0,"enemies":"Maw","floor":37,"turns":9},{"damage":0,"enemies":"Sphere and 2 Shapes","floor":38,"turns":4},{"damage":31,"enemies":"Giant Head","floor":41,"turns":12},{"damage":29,"enemies":"4 Shapes","floor":46,"turns":4},{"damage":7,"enemies":"Nemesis","floor":47,"turns":9},{"damage":10,"enemies":"Time Eater","floor":50,"turns":13}],"seed_played":"5520239622036682671","potions_obtained":[{"floor":7,"key":"LiquidBronze"},{"floor":11,"key":"Regen Potion"},{"floor":14,"key":"Explosive Potion"},{"floor":16,"key":"EssenceOfSteel"},{"floor":18,"key":"GamblersBrew"},{"floor":20,"key":"PowerPotion"},{"floor":31,"key":"AttackPotion"}],"is_trial":false,"path_per_floor":["M","M","?","?","?","R","M","R","T","R","M","M","M","E","R","B",null,"M","?","M","$","?","R","M","$","T","R","T","R","?","M","R","B",null,"M","M","M","M","?","R","E","R","T","R","?","M","E","$","R","B"],"character_chosen":"THE_SILENT","items_purchased":["Bronze Scales","Footwork","Mayhem","Footwork"],"campfire_rested":4,"item_purchase_floors":[21,25,48,48],"current_hp_per_floor":[61,60,60,60,60,60,60,60,60,60,60,60,59,14,35,29,60,53,53,35,35,58,58,58,58,58,58,58,58,58,58,58,14,56,56,52,52,52,52,52,21,42,42,63,63,34,27,27,48,38],"gold":67,"neow_bonus":"RANDOM_COMMON_RELIC","is_prod":false,"is_daily":false,"chose_seed":false,"campfire_upgraded":8,"win_rate":0,"timestamp":1539554706,"path_taken":["M","M","?","?","?","R","?","R","T","R","M","M","M","E","R","BOSS","M","?","M","$","?","R","M","$","T","R","?","R","?","M","R","BOSS","M","M","M","M","?","R","E","R","T","R","?","?","E","$","R","BOSS"],"build_version":"2018-10-11","purchased_purges":3,"victory":true,"max_hp_per_floor":[70,70,70,70,70,70,70,70,70,70,70,70,70,70,70,70,70,70,70,70,70,70,70,70,70,70,70,70,70,70,70,70,70,70,70,70,70,70,70,70,70,70,70,70,70,70,70,70,70,70],"card_choices":[{"not_picked":["Acrobatics","Escape Plan"],"picked":"Poisoned Stab","floor":1},{"not_picked":["All Out Attack","Blade Dance"],"picked":"Dagger Throw","floor":2},{"not_picked":["Outmaneuver","Well Laid Plans"],"picked":"Flying Knee","floor":7},{"not_picked":["Accuracy","Deflect"],"picked":"Dagger Throw","floor":11},{"not_picked":["Accuracy","Well Laid Plans"],"picked":"Blur","floor":12},{"not_picked":["Dagger Throw","Flechettes","Acrobatics"],"picked":"SKIP","floor":13},{"not_picked":["Acrobatics","Escape Plan"],"picked":"Leg Sweep","floor":14},{"not_picked":["Storm of Steel","Unload"],"picked":"After Image","floor":16},{"not_picked":["Cloak And Dagger","Dagger Throw"],"picked":"Blur+1","floor":18},{"not_picked":["Quick Slash+1","Slice"],"picked":"Caltrops","floor":18},{"not_picked":["Dodge and Roll","Underhanded Strike"],"picked":"Slice+1","floor":20},{"not_picked":["Predator","Dodge and Roll"],"picked":"Skewer+1","floor":20},{"not_picked":["Cloak And Dagger+1","Outmaneuver+1"],"picked":"PiercingWail+1","floor":24},{"not_picked":["Underhanded Strike","Dagger Spray","Terror"],"picked":"SKIP","floor":24},{"not_picked":["Underhanded Strike","Dagger Spray"],"picked":"Terror","floor":24},{"not_picked":["Leg Sweep+1","Cloak And Dagger"],"picked":"Malaise","floor":31},{"not_picked":["Deflect","Reflex+1"],"picked":"Footwork","floor":31},{"not_picked":["Tools of the Trade","Unload"],"picked":"Adrenaline","floor":33},{"not_picked":["Riddle With Holes+1","Dagger Throw"],"picked":"PiercingWail","floor":35},{"not_picked":["Dagger Throw","Tactician","Prepared"],"picked":"SKIP","floor":35},{"not_picked":["Deadly Poison","Backstab"],"picked":"Corpse Explosion","floor":36},{"not_picked":["Expertise+1","Prepared+1","Finisher+1"],"picked":"SKIP","floor":36},{"not_picked":["Prepared","Backflip"],"picked":"Dash+1","floor":37},{"not_picked":["Concentrate+1","Dodge and Roll","Skewer"],"picked":"SKIP","floor":37},{"not_picked":["Riddle With Holes","Concentrate"],"picked":"Deadly Poison+1","floor":38},{"not_picked":["Blade Dance+1","Poisoned Stab","Deflect+1"],"picked":"SKIP","floor":38},{"not_picked":["Slice","Flying Knee"],"picked":"Backflip+1","floor":41},{"not_picked":["Sucker Punch+1","Dash+1","Prepared+1"],"picked":"SKIP","floor":46},{"not_picked":["Flechettes+1","Dodge and Roll+1","Slice+1"],"picked":"SKIP","floor":46},{"not_picked":["Acrobatics","Bouncing Flask"],"picked":"Night Terror","floor":47}],"player_experience":809329,"relics_obtained":[{"floor":9,"key":"Nunchaku"},{"floor":14,"key":"Prayer Wheel"},{"floor":26,"key":"Bottled Flame"},{"floor":28,"key":"Smiling Mask"},{"floor":41,"key":"Potion Belt"},{"floor":43,"key":"Torii"},{"floor":47,"key":"Bag of Marbles"}],"event_choices":[{"event_name":"Match and Keep!","player_choice":"1 cards matched","floor":3,"damage_taken":0},{"event_name":"Liars Game","player_choice":"agreed","floor":4,"damage_taken":0},{"event_name":"Transmorgrifier","player_choice":"Transform","floor":5,"damage_taken":0},{"event_name":"Vampires","player_choice":"Ignored","floor":19,"damage_taken":0},{"event_name":"The Library","player_choice":"Heal","floor":22,"damage_taken":0},{"event_name":"Back to Basics","player_choice":"Simplicity","floor":30,"damage_taken":0},{"event_name":"Falling","player_choice":"Removed Attack","floor":39,"damage_taken":0},{"event_name":"Transmorgrifier","player_choice":"Transform","floor":45,"damage_taken":0}],"is_beta":false,"boss_relics":[{"not_picked":["Empty Cage","Orrery"],"picked":"Astrolabe"},{"not_picked":["Runic Dome","Calling Bell"],"picked":"Sozu"}],"items_purged_floors":[21,25,48],"is_endless":false,"potions_floor_spawned":[7,11,14,16,18,20,31,37,38],"ascension_level":10}