{"gold_per_floor":[119,119,136,148,162,162,195,213,239,259,259,275,275,287,287,391,391,409,422,38,38,50,50,80,95,95,115,130,45,45,45,45,147,147,165,165,213,227,78,78,78,38,38,53,64,164,39,55,55,55],"floor_reached":51,"playtime":4280,"items_purged":["Defend_R","Strike_R","Doubt"],"score":648,"play_id":"874e3f19-ffb3-4eb8-890a-ee08cf84aa4c","local_time":"20190527213126","is_ascension_mode":false,"campfire_choices":[{"data":"Inflame","floor":6.0,"key":"SMITH"},{"data":"Battle Trance","floor":11.0,"key":"SMITH"},{"data":"Immolate","floor":13.0,"key":"SMITH"},{"data":"Ghostly Armor","floor":15.0,"key":"SMITH"},{"data":"Flame Barrier","floor":23.0,"key":"SMITH"},{"floor":32,"key":"REST"},{"floor":40,"key":"REST"},{"floor":49,"key":"REST"}],"neow_cost":"NONE","seed_source_timestamp":0,"circlet_count":0,"master_deck":["Strike_R","Strike_R","Strike_R","Defend_R","Defend_R","Defend_R","Bash","Inflame+1","Battle Trance+1","Ghostly Armor+1","Anger","Shrug It Off","Immolate+1","Shrug It Off","Bludgeon","Flame Barrier+1","Flex+1","Offering","Shockwave","Infernal Blade","Impervious+1","Body Slam+1","Shrug It Off"],"special_seed":0,"relics":["Burning Blood","Bag of Marbles","Oddly Smooth Stone","Red Skull","Sozu","Mango","PreservedInsect","Matryoshka","Boot","Ancient Tea Set","Bottled Lightning","Runic Pyramid","Champion Belt","Lantern","Ornamental Fan"],"potions_floor_usage":[33],"damage_taken":[{"damage":6.0,"enemies":"Jaw Worm","floor":1.0,"turns":5.0},{"damage":1.0,"enemies":"Cultist","floor":3.0,"turns":3.0},{"damage":5.0,"enemies":"Small Slimes","floor":4.0,"turns":4.0},{"damage":6.0,"enemies":"2 Fungi Beasts","floor":5.0,"turns":4.0},{"damage":19.0,"enemies":"3 Sentries","floor":7.0,"turns":8.0},{"damage":0.0,"enemies":"Exordium Wildlife","floor":8.0,"turns":4.0},{"damage":1.0,"enemies":"Looter","floor":10.0,"turns":3.0},{"damage":8.0,"enemies":"Large Slime","floor":12.0,"turns":5.0},{"damage":0.0,"enemies":"3 Louse","floor":14.0,"turns":1.0},{"damage":36.0,"enemies":"Hexaghost","floor":16.0,"turns":9.0},{"damage":1.0,"enemies":"Chosen","floor":18.0,"turns":3.0},{"damage":1.0,"enemies":"Shell Parasite","floor":19.0,"turns":3.0},{"damage":16.0,"enemies":"Snecko","floor":22.0,"turns":4.0},{"damage":39.0,"enemies":"Book of Stabbing","floor":24.0,"turns":8.0},{"damage":6.0,"enemies":"Chosen and Byrds","floor":25.0,"turns":1.0},{"damage":7.0,"enemies":"Centurion and Healer","floor":27.0,"turns":3.0},{"damage":15.0,"enemies":"Snake Plant","floor":28.0,"turns":2.0},{"damage":56,"enemies":"Automaton","floor":33,"turns":9},{"damage":25,"enemies":"Orb Walker","floor":35,"turns":5},{"damage":42,"enemies":"2 Orb Walkers","floor":37,"turns":6},{"damage":13,"enemies":"3 Shapes","floor":38,"turns":3},{"damage":6,"enemies":"Jaw Worm Horde","floor":44,"turns":1},{"damage":13,"enemies":"3 Darklings","floor":45,"turns":4},{"damage":23,"enemies":"Sphere and 2 Shapes","floor":48,"turns":3},{"damage":34,"enemies":"Awakened One","floor":50,"turns":15}],"seed_played":"7981612060440485150","potions_obtained":[{"floor":1.0,"key":"Swift Potion"},{"floor":5.0,"key":"SkillPotion"},{"floor":10.0,"key":"BloodPotion"},{"floor":16.0,"key":"GamblersBrew"}],"is_trial":false,"path_per_floor":["M","?","M","M","M","R","E","M","T","M","R","M","R","M","R","B",null,"M","M","$","?","M","R","E","M","T","M","M","?","T","?","R","B",null,"M","?","?","M","$","R","?","?","T","M","M","?","$","M","R","B",null],"character_chosen":"IRONCLAD","items_purchased":["Mango","Shrug It Off"],"campfire_rested":3,"item_purchase_floors":[20,39],"current_hp_per_floor":[80,80,80,80,80,80,67,73,73,78,78,76,76,80,80,50,80,80,80,94,94,84,84,60,60,60,59,50,50,50,50,78,28,94,75,75,39,32,32,60,94,94,94,94,87,87,87,70,94,66],"gold":55,"neow_bonus":"RANDOM_COMMON_RELIC","is_prod":false,"is_daily":false,"chose_seed":false,"campfire_upgraded":5,"win_rate":0.0,"timestamp":1559007086,"path_taken":["M","?","M","M","M","R","E","M","T","M","R","?","R","?","R","BOSS","M","M","$","?","M","R","E","M","T","M","?","?","?","?","R","BOSS","M","?","?","M","$","R","?","?","T","M","?","?","$","?","R","BOSS"],"build_version":"2019-01-23","purchased_purges":3,"victory":true,"max_hp_per_floor":[80,80,80,80,80,80,80,80,80,80,80,80,80,80,80,80,80,80,80,94,94,94,94,94,94,94,94,94,94,94,94,94,94,94,94,94,94,94,94,94,94,94,94,94,94,94,94,94,94,94],"card_choices":[{"not_picked":["Second Wind","Body Slam"],"picked":"Inflame","floor":1.0},{"not_picked":["Perfected Strike","Warcry","Blood for Blood"],"picked":"SKIP","floor":3.0},{"not_picked":["Warcry","Shrug It Off"],"picked":"Battle Trance","floor":4.0},{"not_picked":["Second Wind","Feel No Pain"],"picked":"Ghostly Armor","floor":5.0},{"not_picked":["Body Slam","Dual Wield"],"picked":"Anger","floor":7.0},{"not_picked":["Twin Strike","Thunderclap"],"picked":"Shrug It Off","floor":8.0},{"not_picked":["Pommel Strike","Bloodletting"],"picked":"Immolate","floor":10.0},{"not_picked":["Wild Strike","Anger"],"picked":"Shrug It Off","floor":12.0},{"not_picked":["Body Slam","Headbutt","Cleave"],"picked":"SKIP","floor":14.0},{"not_picked":["Dark Embrace","Fiend Fire"],"picked":"Bludgeon","floor":16.0},{"not_picked":["Sword Boomerang","Anger"],"picked":"Flame Barrier","floor":18.0},{"not_picked":["Thunderclap","Heavy Blade"],"picked":"Flex","floor":19.0},{"not_picked":["Anger","Entrench","Twin Strike"],"picked":"SKIP","floor":22.0},{"not_picked":["Rupture","Cleave"],"picked":"Offering","floor":24.0},{"not_picked":["Thunderclap","Sword Boomerang"],"picked":"Shockwave","floor":25.0},{"not_picked":["Warcry+1","Clothesline"],"picked":"Infernal Blade","floor":27.0},{"not_picked":["Warcry+1","Cleave","Clothesline"],"picked":"SKIP","floor":28.0},{"not_picked":["Fiend Fire","Berserk"],"picked":"Impervious","floor":33},{"not_picked":["Thunderclap+1","Perfected Strike+1","Battle Trance"],"picked":"SKIP","floor":35},{"not_picked":["True Grit+1","Carnage+1"],"picked":"Body Slam+1","floor":37},{"not_picked":["Flex","Uppercut+1","Armaments"],"picked":"SKIP","floor":38},{"not_picked":["Juggernaut","Thunderclap","Cleave+1"],"picked":"SKIP","floor":44},{"not_picked":["Thunderclap","Sword Boomerang","Burning Pact"],"picked":"SKIP","floor":45},{"not_picked":["Iron Wave","Dark Embrace","Warcry"],"picked":"SKIP","floor":48}],"player_experience":32580,"relics_obtained":[{"floor":7.0,"key":"Oddly Smooth Stone"},{"floor":9.0,"key":"Red Skull"},{"floor":24.0,"key":"PreservedInsect"},{"floor":26.0,"key":"Matryoshka"},{"floor":30,"key":"Ancient Tea Set"},{"floor":30,"key":"Bottled Lightning"},{"floor":37,"key":"Champion Belt"},{"floor":43,"key":"Lantern"},{"floor":43,"key":"Ornamental Fan"}],"event_choices":[{"cards_removed":["Strike_R"],"damage_healed":0.0,"max_hp_gain":0.0,"max_hp_loss":0.0,"gold_gain":0.0,"event_name":"Bonfire Elementals","player_choice":"Offered Basic","floor":2.0,"gold_loss":0.0,"damage_taken":0.0},{"damage_healed":0.0,"max_hp_gain":0.0,"max_hp_loss":0.0,"gold_gain":0.0,"event_name":"Upgrade Shrine","player_choice":"Upgraded","floor":21.0,"gold_loss":0.0,"damage_taken":0.0,"cards_upgraded":["Flex"]},{"damage_healed":0.0,"max_hp_gain":0.0,"max_hp_loss":0.0,"gold_gain":0.0,"event_name":"Addict","player_choice":"Obtained Relic","floor":29.0,"gold_loss":85.0,"damage_taken":0.0,"relics_obtained":["Boot"]},{"damage_healed":0,"gold_gain":0,"player_choice":"Ignored","damage_taken":0,"max_hp_gain":0,"max_hp_loss":0,"event_name":"Cursed Tome","floor":31,"gold_loss":0},{"damage_healed":0,"gold_gain":0,"player_choice":"Ignored","damage_taken":0,"max_hp_gain":0,"max_hp_loss":0,"event_name":"Tomb of Lord Red Mask","floor":36,"gold_loss":0},{"damage_healed":0,"gold_gain":0,"player_choice":"Fight","damage_taken":0,"max_hp_gain":0,"max_hp_loss":0,"event_name":"Mysterious Sphere","floor":37,"gold_loss":0},{"damage_healed":34,"gold_gain":0,"player_choice":"Heal","damage_taken":0,"max_hp_gain":0,"max_hp_loss":0,"event_name":"MindBloom","floor":41,"gold_loss":0,"cards_obtained":["Doubt"]},{"damage_healed":0,"gold_gain":0,"player_choice":"Upgrade","damage_taken":0,"max_hp_gain":0,"max_hp_loss":0,"event_name":"Designer","floor":42,"gold_loss":40,"cards_upgraded":["Impervious"]},{"damage_healed":0,"gold_gain":100,"player_choice":"Pray","damage_taken":0,"max_hp_gain":0,"max_hp_loss":0,"event_name":"Golden Shrine","floor":46,"gold_loss":0}],"is_beta":false,"boss_relics":[{"not_picked":["Calling Bell","Fusion Hammer"],"picked":"Sozu"},{"not_picked":["Astrolabe","Eternal Feather"],"picked":"Runic Pyramid"}],"items_purged_floors":[20,39,47],"is_endless":false,"potions_floor_spawned":[1,5,10,16,22,24,25,28,33,37,45],"ascension_level":0}