{"gold_per_floor":[114,114,114,114,114,114,139,139,139,204,221,286,301,351,351,425,425,443,50,99,99,99],"floor_reached":22,"playtime":830,"items_purged":["Strike_R"],"score":452,"play_id":"6071e8ed-03b7-46a5-8271-d1767d2bf6b3","local_time":"20190813031513","is_ascension_mode":true,"campfire_choices":[{"data":"Bash","floor":6.0,"key":"SMITH"},{"data":"Shrug It Off","floor":8.0,"key":"SMITH"},{"floor":15,"key":"REST"}],"neow_cost":"NONE","seed_source_timestamp":900814091098100,"circlet_count":0,"master_deck":["AscendersBane","Strike_R","Strike_R","Strike_R","Defend_R","Defend_R","Defend_R","Defend_R","Bash+1","Anger","Shrug It Off+1","Limit Break","Headbutt","Whirlwind","Flex","Double Tap","Anger","Exhume","Clash","Pommel Strike"],"special_seed":0,"relics":["Burning Blood","NeowsBlessing","Shuriken","Bottled Lightning","Tiny Chest","Smiling Mask","Runic Pyramid","Paper Frog","PreservedInsect"],"potions_floor_usage":[18],"damage_taken":[{"damage":0.0,"enemies":"Jaw Worm","floor":1.0,"turns":1.0},{"damage":0.0,"enemies":"Lagavulin","floor":7.0,"turns":1.0},{"damage":0.0,"enemies":"Gremlin Nob","floor":10.0,"turns":1.0},{"damage":8.0,"enemies":"2 Louse","floor":11.0,"turns":3.0},{"damage":64,"enemies":"Lagavulin Event","floor":12,"turns":8},{"damage":1,"enemies":"Cultist","floor":13,"turns":3},{"damage":45,"enemies":"Slime Boss","floor":16,"turns":8},{"damage":23,"enemies":"2 Thieves","floor":18,"turns":4},{"damage":44,"enemies":"Spheric Guardian","floor":22,"turns":5}],"seed_played":"8353355870227752589","potions_obtained":[{"floor":10.0,"key":"Fruit Juice"},{"floor":16,"key":"Energy Potion"}],"is_trial":false,"path_per_floor":["M","?","?","?","$","R","E","R","T","E","M","?","M","?","R","B",null,"M","$","T","?","M"],"character_chosen":"IRONCLAD","items_purchased":["Paper Frog","Pommel Strike"],"campfire_rested":1,"item_purchase_floors":[19,19],"current_hp_per_floor":[74,79,72,72,72,72,78,78,78,85,83,25,30,22,47,8,66,49,49,49,41,0],"gold":99,"neow_bonus":"THREE_ENEMY_KILL","is_prod":false,"is_daily":false,"chose_seed":false,"campfire_upgraded":2,"win_rate":0,"timestamp":1565658913,"path_taken":["M","?","?","?","$","R","E","R","T","E","?","?","M","?","R","BOSS","M","$","?","?","M"],"build_version":"2019-07-17","purchased_purges":1,"victory":false,"max_hp_per_floor":[75,80,80,80,80,80,80,80,80,85,85,85,85,85,85,85,85,85,85,85,85,85],"card_choices":[{"not_picked":["True Grit","Armaments"],"picked":"Anger","floor":1.0},{"not_picked":["Warcry","Clash"],"picked":"Headbutt","floor":7.0},{"not_picked":["Dropkick","Pommel Strike"],"picked":"Whirlwind","floor":10.0},{"not_picked":["Clash","Wild Strike"],"picked":"Flex","floor":11.0},{"not_picked":["Iron Wave","Dropkick"],"picked":"Double Tap","floor":12},{"not_picked":["Iron Wave","Headbutt"],"picked":"Anger","floor":13},{"not_picked":["Double Tap","Brutality"],"picked":"Exhume","floor":16},{"not_picked":["Wild Strike","Twin Strike"],"picked":"Clash","floor":18}],"player_experience":1866372,"relics_obtained":[{"floor":7.0,"key":"Shuriken"},{"floor":9.0,"key":"Bottled Lightning"},{"floor":10.0,"key":"Tiny Chest"},{"floor":12,"key":"Smiling Mask"},{"floor":20,"key":"PreservedInsect"}],"event_choices":[{"damage_healed":0.0,"max_hp_gain":5.0,"max_hp_loss":0.0,"gold_gain":0.0,"event_name":"Big Fish","player_choice":"Donut","floor":2.0,"gold_loss":0.0,"damage_taken":0.0},{"cards_removed":["Strike_R"],"damage_healed":0.0,"max_hp_gain":0.0,"max_hp_loss":0.0,"gold_gain":0.0,"event_name":"Golden Wing","player_choice":"Card Removal","floor":3.0,"gold_loss":0.0,"damage_taken":7.0},{"damage_healed":0.0,"max_hp_gain":0.0,"max_hp_loss":0.0,"gold_gain":0.0,"event_name":"Match and Keep!","player_choice":"2 cards matched","floor":4.0,"gold_loss":0.0,"damage_taken":0.0,"cards_obtained":["Shrug It Off","Limit Break"]},{"damage_healed":0,"gold_gain":0,"player_choice":"Searched \u00271\u0027 times","damage_taken":0,"max_hp_gain":0,"max_hp_loss":0,"event_name":"Dead Adventurer","floor":12,"gold_loss":0},{"damage_healed":0,"gold_gain":50,"player_choice":"Touch","damage_taken":8,"max_hp_gain":0,"max_hp_loss":0,"event_name":"FaceTrader","floor":14,"gold_loss":0},{"damage_healed":0,"gold_gain":0,"player_choice":"","damage_taken":8,"max_hp_gain":0,"max_hp_loss":0,"event_name":"Knowing Skull","floor":21,"potions_obtained":[],"gold_loss":0,"cards_obtained":[]}],"is_beta":false,"boss_relics":[{"not_picked":["Runic Dome","Coffee Dripper"],"picked":"Runic Pyramid"}],"items_purged_floors":[19],"is_endless":false,"potions_floor_spawned":[10,16],"killed_by":"Spheric Guardian","ascension_level":18}