{"gold_per_floor":[119,99,117,128,139,139,165,165,240,240,271,271,302,319,319,398,398,410,424,424,424,109,109,109],"floor_reached":24,"playtime":886,"items_purged":["Strike_B"],"score":410,"play_id":"1012b0a0-7dea-4888-8a45-647fe234af25","local_time":"20190630205257","is_ascension_mode":true,"campfire_choices":[{"data":"Defragment","floor":6,"key":"SMITH"},{"data":"Zap","floor":8,"key":"SMITH"},{"data":"Static Discharge","floor":10,"key":"SMITH"},{"floor":15,"key":"REST"},{"floor":23,"key":"REST"}],"neow_cost":"PERCENT_DAMAGE","seed_source_timestamp":1111008088225500,"circlet_count":0,"master_deck":["AscendersBane","Strike_B","Strike_B","Strike_B","Defend_B","Defend_B","Defend_B","Defend_B","Zap+1","Dualcast","BootSequence","Conserve Battery","Conserve Battery","Defragment+1","Static Discharge+1","Echo Form","Cold Snap","Self Repair","Creative AI","Consume","Defragment","Defragment+1","Leap"],"relics":["FrozenCore","WingedGreaves","The Courier","Anchor","Pear","Potion Belt","Bottled Lightning"],"potions_floor_usage":[5,7,7,16],"damage_taken":[{"damage":2,"enemies":"Jaw Worm","floor":1,"turns":3},{"damage":0,"enemies":"Cultist","floor":3,"turns":4},{"damage":0,"enemies":"2 Louse","floor":4,"turns":3},{"damage":0,"enemies":"Exordium Thugs","floor":5,"turns":4},{"damage":14,"enemies":"3 Sentries","floor":7,"turns":7},{"damage":8,"enemies":"Lagavulin","floor":11,"turns":7},{"damage":32,"enemies":"3 Sentries","floor":13,"turns":6},{"damage":9,"enemies":"Looter","floor":14,"turns":4},{"damage":10,"enemies":"The Guardian","floor":16,"turns":11},{"damage":19,"enemies":"Chosen","floor":18,"turns":6},{"damage":10,"enemies":"Shell Parasite","floor":19,"turns":9},{"damage":66,"enemies":"Slavers","floor":24,"turns":4}],"seed_played":"-478210960779025173","potions_obtained":[{"floor":1,"key":"Fire Potion"},{"floor":2,"key":"Fire Potion"},{"floor":5,"key":"Dexterity Potion"},{"floor":14,"key":"FocusPotion"}],"is_trial":false,"path_per_floor":["M","?","M","M","M","R","E","R","T","R","E","T","E","M","R","B",null,"M","M","?","?","$","R","E"],"character_chosen":"DEFECT","items_purchased":["Bottled Lightning","Leap"],"campfire_rested":2,"item_purchase_floors":[22,22],"current_hp_per_floor":[58,58,58,58,58,58,44,44,44,44,36,46,14,5,33,30,79,67,64,36,36,36,66,0],"gold":109,"neow_bonus":"TWENTY_PERCENT_HP_BONUS","is_prod":false,"is_daily":false,"chose_seed":false,"campfire_upgraded":3,"win_rate":0,"timestamp":1561920777,"path_taken":["M","?","M","?","M","R","E","R","T","R","E","?","E","?","R","BOSS","M","M","?","?","$","R","E"],"build_version":"2019-01-23","purchased_purges":1,"victory":false,"max_hp_per_floor":[85,85,85,85,85,85,85,85,85,85,85,95,95,95,95,95,95,95,95,100,100,100,100,100],"card_choices":[{"not_picked":["Barrage","Stack"],"picked":"BootSequence","floor":1},{"not_picked":["Gash","Rebound"],"picked":"Conserve Battery","floor":3},{"not_picked":["Beam Cell","Sweeping Beam"],"picked":"Conserve Battery","floor":4},{"not_picked":["Conserve Battery","White Noise"],"picked":"Defragment","floor":5},{"not_picked":["Go for the Eyes","Reboot"],"picked":"Static Discharge","floor":7},{"not_picked":["Force Field","Leap"],"picked":"Echo Form","floor":11},{"not_picked":["Steam","Stack"],"picked":"Cold Snap","floor":13},{"not_picked":["Rebound","Loop"],"picked":"Self Repair","floor":14},{"not_picked":["Rainbow","Hyperbeam"],"picked":"Creative AI","floor":16},{"not_picked":["Gash","Streamline+1"],"picked":"Consume","floor":18},{"not_picked":["Go for the Eyes","Steam Power"],"picked":"Defragment","floor":19}],"player_experience":1524675,"relics_obtained":[{"floor":7,"key":"WingedGreaves"},{"floor":9,"key":"The Courier"},{"floor":11,"key":"Anchor"},{"floor":12,"key":"Pear"},{"floor":13,"key":"Potion Belt"}],"event_choices":[{"damage_healed":0,"gold_gain":0,"player_choice":"Bought 1 Potion","damage_taken":0,"max_hp_gain":0,"max_hp_loss":0,"event_name":"The Woman in Blue","floor":2,"gold_loss":0},{"damage_healed":0,"gold_gain":0,"player_choice":"Shed Blood","damage_taken":33,"max_hp_gain":5,"max_hp_loss":0,"event_name":"Forgotten Altar","floor":20,"gold_loss":0},{"damage_healed":0,"gold_gain":0,"player_choice":"Copied","damage_taken":0,"max_hp_gain":0,"max_hp_loss":0,"event_name":"Duplicator","floor":21,"gold_loss":0,"cards_obtained":["Defragment"]}],"is_beta":false,"boss_relics":[{"not_picked":["Velvet Choker","Lizard Tail"],"picked":"FrozenCore"}],"items_purged_floors":[22],"is_endless":false,"potions_floor_spawned":[1,5,14],"killed_by":"Slavers","ascension_level":16}