{"gold_per_floor":[117,82,82,99,99,99,99,99,99,99,109,58,58,76,76,172,172,191,44,44,59,74,74,87,87,112,112,137,137,137,236,236,236],"floor_reached":33,"playtime":2138,"items_purged":["Strike_B"],"score":389,"play_id":"a18b534e-ef4e-4750-b734-401d3881d3a9","local_time":"20180905220551","is_ascension_mode":true,"campfire_choices":[{"data":"Fusion","floor":6,"key":"SMITH"},{"data":"White Noise","floor":8,"key":"SMITH"},{"floor":10,"key":"DIG"},{"floor":13,"key":"DIG"},{"floor":15,"key":"DIG"},{"floor":23,"key":"REST"},{"floor":25,"key":"DIG"},{"floor":27,"key":"REST"},{"floor":32,"key":"REST"}],"neow_cost":"","seed_source_timestamp":1594093197978987,"circlet_count":0,"master_deck":["Defend_B","Defend_B","Defend_B","Defend_B","Zap","Dualcast","Leap","Fusion+1","White Noise+1","Glacier","Lockon","Echo Form","Streamline","Scrape","Gash","Go for the Eyes+1","Streamline+1","Chill"],"relics":["Cracked Core","Pear","Shovel","Gambling Chip","Bottled Flame","Question Card","Empty Cage","MutagenicStrength","Strawberry","Bronze Scales","Bag of Preparation"],"potions_floor_usage":[16,16,33,33,33],"damage_taken":[{"damage":9,"enemies":"Jaw Worm","floor":1,"turns":3},{"damage":1,"enemies":"Cultist","floor":4,"turns":5},{"damage":1,"enemies":"2 Louse","floor":11,"turns":3},{"damage":1,"enemies":"Looter","floor":14,"turns":4},{"damage":9,"enemies":"The Guardian","floor":16,"turns":13},{"damage":14,"enemies":"Shell Parasite","floor":18,"turns":16},{"damage":5,"enemies":"Spheric Guardian","floor":21,"turns":4},{"damage":51,"enemies":"Centurion and Healer","floor":22,"turns":15},{"damage":16,"enemies":"Snecko","floor":24,"turns":8},{"damage":45,"enemies":"Gremlin Leader","floor":28,"turns":8},{"damage":105,"enemies":"Automaton","floor":33,"turns":12}],"seed_played":"4128110573981076792","potions_obtained":[{"floor":14,"key":"LiquidBronze"},{"floor":16,"key":"SpeedPotion"},{"floor":18,"key":"Ancient Potion"},{"floor":28,"key":"GamblersBrew"}],"is_trial":false,"path_per_floor":["M","?","?","M","?","R","?","R","T","R","M","$","R","M","R","B",null,"M","$","?","M","M","R","M","R","T","R","E","?","?","?","R"],"character_chosen":"DEFECT","items_purchased":["FearPotion","Scrape"],"campfire_rested":3,"item_purchase_floors":[12,19],"current_hp_per_floor":[59,75,75,74,81,81,81,81,81,81,80,80,80,85,85,76,83,69,69,69,64,13,38,22,29,29,56,11,11,41,41,68,0],"gold":236,"neow_bonus":"","is_prod":false,"is_daily":false,"chose_seed":false,"campfire_upgraded":2,"win_rate":0,"timestamp":1536181551,"path_taken":["M","?","?","M","?","R","?","R","T","R","M","$","R","M","R","BOSS","M","$","?","M","M","R","M","R","T","R","E","?","?","?","R","BOSS"],"build_version":"2018-08-30","purchased_purges":1,"victory":false,"max_hp_per_floor":[75,75,75,75,85,85,85,85,85,85,85,85,85,85,85,85,85,85,85,85,85,85,85,85,92,92,92,92,92,92,92,92,92],"card_choices":[{"not_picked":["Steam","Rebound"],"picked":"Leap","floor":1},{"not_picked":["Fusion","Double Energy"],"picked":"White Noise","floor":4},{"not_picked":["Stack","Recycle"],"picked":"Glacier","floor":11},{"not_picked":["Steam","Cold Snap"],"picked":"Lockon","floor":14},{"not_picked":["Seek","Fission","Rainbow"],"picked":"Echo Form","floor":16},{"not_picked":["Barrage","Tempest","Conserve Battery+1"],"picked":"Streamline","floor":18},{"not_picked":["Beam Cell","Force Field+1","Rebound"],"picked":"Gash","floor":21},{"not_picked":["Steam","Conserve Battery","Heatsinks"],"picked":"Go for the Eyes+1","floor":22},{"not_picked":["Seek","Go for the Eyes","Coolheaded+1"],"picked":"Streamline+1","floor":24},{"not_picked":["Compile Driver+1","Steam","Redo"],"picked":"Chill","floor":28}],"player_experience":642383,"relics_obtained":[{"floor":9,"key":"Shovel"},{"floor":10,"key":"Gambling Chip"},{"floor":13,"key":"Bottled Flame"},{"floor":15,"key":"Question Card"},{"floor":25,"key":"Strawberry"},{"floor":26,"key":"Bronze Scales"},{"floor":28,"key":"Bag of Preparation"}],"event_choices":[{"event_name":"The Cleric","player_choice":"Healed","floor":2,"damage_taken":0},{"event_name":"Living Wall","player_choice":"Change","floor":3,"damage_taken":0},{"event_name":"Scrap Ooze","player_choice":"success","floor":5,"damage_taken":3},{"event_name":"Golden Idol","player_choice":"Ignored","floor":7,"damage_taken":0},{"event_name":"Drug Dealer","player_choice":"Inject Mutagens","floor":20,"damage_taken":0},{"event_name":"Ghosts","player_choice":"Ignored","floor":29,"damage_taken":0},{"event_name":"The Library","player_choice":"Heal","floor":30,"damage_taken":0},{"event_name":"Nest","player_choice":"Stole From Cult","floor":31,"damage_taken":0}],"is_beta":false,"boss_relics":[{"not_picked":["Fusion Hammer","Philosopher\u0027s Stone"],"picked":"Empty Cage"}],"items_purged_floors":[19],"is_endless":false,"potions_floor_spawned":[14,16,18,28],"killed_by":"Automaton","ascension_level":9}