{"gold_per_floor":[109,120,120,45,45,45,77,77,146,146,164,199,18,50,50,121,121,136,336,355,375,392,392],"floor_reached":23,"playtime":980,"items_purged":["Strike_R"],"score":433,"play_id":"cfa3d0d6-2f3a-49d0-a2ca-90cceace6615","local_time":"20190708005227","is_ascension_mode":true,"campfire_choices":[{"data":"Bash","floor":6,"key":"SMITH"},{"data":"Armaments","floor":8,"key":"SMITH"},{"data":"True Grit","floor":15,"key":"SMITH"}],"neow_cost":"NONE","seed_source_timestamp":141405880778200,"circlet_count":0,"master_deck":["AscendersBane","Strike_R","Strike_R","Defend_R","Defend_R","Defend_R","Defend_R","Bash+1","Uppercut","Iron Wave","Armaments+1","Headbutt","Battle Trance","Fiend Fire","Flex","True Grit+1","Double Tap","Rage","Inflame","Feed","Bloodletting","Shockwave+1","Sword Boomerang","Disarm","Body Slam"],"relics":["Burning Blood","NeowsBlessing","Strawberry","Ornamental Fan","Prayer Wheel","Peace Pipe","Meat on the Bone","Runic Pyramid"],"potions_floor_usage":[12,14,16,16],"damage_taken":[{"damage":0,"enemies":"Small Slimes","floor":1,"turns":1},{"damage":0,"enemies":"2 Louse","floor":2,"turns":1},{"damage":0,"enemies":"Gremlin Nob","floor":7,"turns":1},{"damage":0,"enemies":"Cultist","floor":11,"turns":3},{"damage":11,"enemies":"3 Sentries","floor":12,"turns":6},{"damage":27,"enemies":"Lagavulin","floor":14,"turns":6},{"damage":32,"enemies":"The Guardian","floor":16,"turns":10},{"damage":6,"enemies":"Spheric Guardian","floor":18,"turns":3},{"damage":1,"enemies":"Chosen","floor":20,"turns":5},{"damage":29,"enemies":"Centurion and Healer","floor":21,"turns":6},{"damage":9,"enemies":"Snake Plant","floor":22,"turns":3},{"damage":55,"enemies":"Gremlin Leader","floor":23,"turns":5}],"seed_played":"-4750276619566280419","potions_obtained":[{"floor":1,"key":"AttackPotion"},{"floor":2,"key":"BloodPotion"},{"floor":11,"key":"Regen Potion"},{"floor":14,"key":"SkillPotion"},{"floor":21,"key":"Strength Potion"}],"is_trial":false,"path_per_floor":["M","M","$","?","?","R","E","R","T","?","M","E","$","E","R","B",null,"M","?","M","M","M","E"],"character_chosen":"IRONCLAD","items_purchased":["Flex","Strength Potion"],"campfire_rested":0,"item_purchase_floors":[13,13],"current_hp_per_floor":[74,75,75,75,68,68,81,81,81,81,82,77,77,56,56,57,76,76,76,81,58,55,0],"gold":392,"neow_bonus":"THREE_ENEMY_KILL","is_prod":false,"is_daily":false,"chose_seed":false,"campfire_upgraded":3,"win_rate":0,"timestamp":1562539947,"path_taken":["M","M","$","?","?","R","E","R","T","?","?","E","$","E","R","BOSS","M","?","M","?","M","E"],"build_version":"2019-07-05","purchased_purges":1,"victory":false,"max_hp_per_floor":[75,75,75,75,75,75,82,82,82,82,82,82,82,82,82,82,82,82,82,82,82,82,82],"card_choices":[{"not_picked":["Shockwave","Fire Breathing"],"picked":"Uppercut","floor":1},{"not_picked":["Cleave","Heavy Blade"],"picked":"Iron Wave","floor":2},{"not_picked":["Wild Strike","Hemokinesis"],"picked":"Armaments","floor":7},{"not_picked":["Searing Blow","Thunderclap"],"picked":"Headbutt","floor":11},{"not_picked":["Dark Embrace","Twin Strike"],"picked":"Battle Trance","floor":11},{"not_picked":["Cleave","Warcry"],"picked":"Fiend Fire","floor":12},{"not_picked":["Infernal Blade","Sword Boomerang"],"picked":"True Grit","floor":14},{"not_picked":["Exhume","Dark Embrace"],"picked":"Double Tap","floor":16},{"not_picked":["Havoc","Second Wind"],"picked":"Rage","floor":18},{"not_picked":["Clothesline","True Grit"],"picked":"Inflame","floor":18},{"not_picked":["Battle Trance","Headbutt"],"picked":"Feed","floor":20},{"not_picked":["Hemokinesis","Havoc"],"picked":"Bloodletting","floor":20},{"not_picked":["Warcry","Shrug It Off"],"picked":"Shockwave+1","floor":21},{"not_picked":["Twin Strike","True Grit"],"picked":"Sword Boomerang","floor":21},{"not_picked":["Twin Strike","Cleave"],"picked":"Disarm","floor":22},{"not_picked":["Clothesline","Armaments"],"picked":"Body Slam","floor":22}],"player_experience":1638183,"relics_obtained":[{"floor":7,"key":"Strawberry"},{"floor":9,"key":"Ornamental Fan"},{"floor":12,"key":"Peace Pipe"},{"floor":14,"key":"Meat on the Bone"}],"event_choices":[{"cards_removed":["Strike_R"],"damage_healed":0,"gold_gain":0,"player_choice":"Card Removal","damage_taken":0,"max_hp_gain":0,"max_hp_loss":0,"event_name":"The Cleric","floor":4,"gold_loss":75},{"cards_removed":["Strike_R"],"damage_healed":0,"gold_gain":0,"player_choice":"Card Removal","damage_taken":7,"max_hp_gain":0,"max_hp_loss":0,"event_name":"Golden Wing","floor":5,"gold_loss":0},{"damage_healed":0,"gold_gain":0,"player_choice":"Gave Potion","damage_taken":0,"relics_obtained":["Prayer Wheel"],"max_hp_gain":0,"max_hp_loss":0,"event_name":"WeMeetAgain","floor":10,"gold_loss":0},{"damage_healed":0,"gold_gain":200,"player_choice":"Gold","damage_taken":0,"max_hp_gain":0,"max_hp_loss":0,"event_name":"Wheel of Change","floor":19,"gold_loss":0}],"is_beta":false,"boss_relics":[{"not_picked":["Ectoplasm","Busted Crown"],"picked":"Runic Pyramid"}],"items_purged_floors":[13],"is_endless":false,"potions_floor_spawned":[1,2,11,14,21],"killed_by":"Gremlin Leader","ascension_level":17}