{"gold_per_floor":[168,184,200,200,44,70,70,96,121,121,131,7,7,38,38,114,114,132,150,150,150,250,250],"floor_reached":23,"playtime":1606,"items_purged":["Strike_G"],"score":355,"play_id":"cc7d48f3-b9db-43c5-aa2d-7269db728a9e","local_time":"20190521201037","is_ascension_mode":true,"campfire_choices":[{"floor":7,"key":"REST"},{"data":"Neutralize","floor":10,"key":"SMITH"},{"data":"Deadly Poison","floor":15,"key":"SMITH"}],"neow_cost":"NONE","seed_source_timestamp":60111406359014,"circlet_count":0,"master_deck":["AscendersBane","Defend_G+1","Defend_G","Defend_G","Defend_G","Defend_G","Strike_G","Strike_G+1","Strike_G","Strike_G","Survivor+1","Neutralize+1","Deadly Poison","Dagger Throw","Dodge and Roll","Slice","Endless Agony","Footwork","Blur","Infinite Blades","Deadly Poison+1","Burst","Choke"],"relics":["Tiny House","Letter Opener","Potion Belt","Anchor","War Paint","Snecko Eye","Enchiridion"],"potions_floor_usage":[4,6,16,16,23,23],"damage_taken":[{"damage":5,"enemies":"2 Louse","floor":1,"turns":3},{"damage":3,"enemies":"Small Slimes","floor":2,"turns":4},{"damage":2,"enemies":"Cultist","floor":3,"turns":5},{"damage":0,"enemies":"Exordium Thugs","floor":4,"turns":1},{"damage":20,"enemies":"Gremlin Nob","floor":6,"turns":4},{"damage":21,"enemies":"Lagavulin","floor":8,"turns":8},{"damage":2,"enemies":"Large Slime","floor":11,"turns":8},{"damage":7,"enemies":"3 Sentries","floor":14,"turns":8},{"damage":8,"enemies":"Slime Boss","floor":16,"turns":13},{"damage":0,"enemies":"Chosen","floor":18,"turns":4},{"damage":30,"enemies":"Shell Parasite","floor":19,"turns":7},{"damage":16,"enemies":"Slavers","floor":23,"turns":3}],"seed_played":"-7178110959144711043","potions_obtained":[{"floor":0,"key":"SmokeBomb"},{"floor":1,"key":"Explosive Potion"},{"floor":8,"key":"Dexterity Potion"},{"floor":11,"key":"Ancient Potion"}],"is_trial":false,"path_per_floor":["M","M","M","M","$","E","R","E","T","R","M","$","?","E","R","B",null,"M","M","?","?","?","E"],"character_chosen":"THE_SILENT","items_purchased":["Poison Potion","Endless Agony","Footwork","Explosive Potion"],"campfire_rested":1,"item_purchase_floors":[5,5,5,12],"current_hp_per_floor":[59,56,54,54,54,34,55,34,34,34,32,32,32,25,25,17,58,58,28,12,12,12,0],"gold":250,"neow_bonus":"BOSS_RELIC","is_prod":false,"is_daily":false,"chose_seed":false,"campfire_upgraded":2,"win_rate":0,"timestamp":1558465837,"path_taken":["M","M","M","M","$","E","R","E","T","R","M","$","?","E","R","BOSS","M","M","?","?","?","E"],"build_version":"2019-01-23","purchased_purges":1,"victory":false,"max_hp_per_floor":[71,71,71,71,71,71,71,71,71,71,71,71,71,71,71,71,71,71,71,71,71,71,71],"card_choices":[{"not_picked":["Heel Hook","Blade Dance"],"picked":"Deadly Poison","floor":0},{"not_picked":["Blade Dance","Acrobatics"],"picked":"Dagger Throw","floor":1},{"not_picked":["Underhanded Strike","Expertise"],"picked":"Dodge and Roll","floor":2},{"not_picked":["Outmaneuver","Eviscerate"],"picked":"Slice","floor":3},{"not_picked":["Masterful Stab","Heel Hook"],"picked":"Blur","floor":6},{"not_picked":["Heel Hook","Expertise","Quick Slash"],"picked":"SKIP","floor":8},{"not_picked":["Caltrops","Catalyst"],"picked":"Infinite Blades","floor":11},{"not_picked":["Flying Knee","Unload"],"picked":"Deadly Poison","floor":14},{"not_picked":["Tools of the Trade","Doppelganger"],"picked":"Burst","floor":16},{"not_picked":["Sucker Punch+1","Accuracy"],"picked":"Choke","floor":18},{"not_picked":["Tactician","Cloak And Dagger","Masterful Stab"],"picked":"SKIP","floor":19}],"player_experience":1034556,"relics_obtained":[{"floor":6,"key":"Letter Opener"},{"floor":8,"key":"Potion Belt"},{"floor":9,"key":"Anchor"},{"floor":14,"key":"War Paint"},{"floor":20,"key":"Enchiridion"}],"event_choices":[{"damage_healed":0,"gold_gain":0,"player_choice":"Ignored","damage_taken":0,"max_hp_gain":0,"max_hp_loss":0,"event_name":"Liars Game","floor":13,"gold_loss":0},{"damage_healed":0,"gold_gain":0,"player_choice":"Obtained Book","damage_taken":16,"max_hp_gain":0,"max_hp_loss":0,"event_name":"Cursed Tome","floor":20,"gold_loss":0},{"damage_healed":0,"gold_gain":0,"player_choice":"Ignored","damage_taken":0,"max_hp_gain":0,"max_hp_loss":0,"event_name":"The Mausoleum","floor":21,"gold_loss":0},{"damage_healed":0,"gold_gain":100,"player_choice":"Pray","damage_taken":0,"max_hp_gain":0,"max_hp_loss":0,"event_name":"Golden Shrine","floor":22,"gold_loss":0}],"is_beta":false,"boss_relics":[{"not_picked":["Sozu","Lizard Tail"],"picked":"Snecko Eye"}],"items_purged_floors":[12],"is_endless":false,"potions_floor_spawned":[1,4,8,11,14],"killed_by":"Slavers","ascension_level":14}