{"gold_per_floor":[110,123,123,141,14,14,30,30,56,56,121,131,210,222,222,299,299,309,328,19,19],"floor_reached":21,"playtime":898,"items_purged":["Strike_R","Doubt"],"score":441,"play_id":"3c68d9b7-92b0-43e5-8644-2cde258c9f09","local_time":"20190520022434","is_ascension_mode":true,"campfire_choices":[{"data":"Bash","floor":6,"key":"SMITH"},{"data":"Offering","floor":8,"key":"SMITH"},{"data":"True Grit","floor":10,"key":"SMITH"},{"data":"Armaments","floor":15,"key":"SMITH"}],"neow_cost":"NONE","seed_source_timestamp":529589952169000,"circlet_count":0,"master_deck":["AscendersBane","Strike_R","Strike_R","Strike_R","Defend_R","Defend_R","Defend_R","Defend_R","Bash+1","Cleave","True Grit+1","Offering+1","Shrug It Off","Anger","Barricade","Shrug It Off","Armaments+1","Feed","Writhe","Clumsy","Shockwave","Anger","Whirlwind"],"relics":["Burning Blood","Dream Catcher","Red Skull","Tiny Chest","Darkstone Periapt","Calling Bell","Ancient Tea Set","Mummified Hand","Calipers","PreservedInsect"],"potions_floor_usage":[11,12,12],"damage_taken":[{"damage":14,"enemies":"Jaw Worm","floor":1,"turns":3},{"damage":6,"enemies":"Cultist","floor":2,"turns":3},{"damage":2,"enemies":"2 Louse","floor":4,"turns":2},{"damage":22,"enemies":"Lots of Slimes","floor":7,"turns":4},{"damage":13,"enemies":"3 Sentries","floor":11,"turns":6},{"damage":9,"enemies":"Large Slime","floor":12,"turns":7},{"damage":14,"enemies":"Exordium Thugs","floor":14,"turns":6},{"damage":6,"enemies":"Slime Boss","floor":16,"turns":14},{"damage":20,"enemies":"Shell Parasite","floor":18,"turns":13},{"damage":48,"enemies":"Spheric Guardian","floor":19,"turns":8},{"damage":43,"enemies":"Snecko","floor":21,"turns":5}],"seed_played":"1817596258485955583","potions_obtained":[{"floor":2,"key":"SteroidPotion"},{"floor":4,"key":"Fire Potion"},{"floor":11,"key":"Regen Potion"},{"floor":16,"key":"Explosive Potion"}],"is_trial":false,"path_per_floor":["M","M","?","M","$","R","M","R","T","R","E","M","T","M","R","B",null,"M","M","$","M"],"character_chosen":"IRONCLAD","items_purchased":["Shrug It Off","Whirlwind","PreservedInsect"],"campfire_rested":0,"item_purchase_floors":[5,20,20],"current_hp_per_floor":[60,60,60,64,64,64,48,48,48,48,41,53,53,45,45,45,86,72,34,34,0],"gold":19,"neow_bonus":"RANDOM_COMMON_RELIC","is_prod":false,"is_daily":false,"chose_seed":false,"campfire_upgraded":4,"win_rate":0,"timestamp":1558311874,"path_taken":["M","M","?","M","$","R","?","R","T","R","E","M","?","M","R","BOSS","M","M","$","M"],"build_version":"2019-01-23","purchased_purges":2,"victory":false,"max_hp_per_floor":[75,75,75,75,75,75,75,75,75,75,75,75,75,75,75,75,93,93,97,97,97],"card_choices":[{"not_picked":["Blood for Blood","Pummel"],"picked":"Cleave","floor":1},{"not_picked":["Heavy Blade","Body Slam"],"picked":"True Grit","floor":2},{"not_picked":["Power Through","Body Slam"],"picked":"Offering","floor":4},{"not_picked":["Flex","Body Slam"],"picked":"Anger","floor":7},{"not_picked":["Clothesline","Dropkick"],"picked":"Barricade","floor":11},{"not_picked":["Heavy Blade","Sword Boomerang"],"picked":"Shrug It Off","floor":12},{"not_picked":["Sword Boomerang","Body Slam"],"picked":"Armaments","floor":14},{"not_picked":["Offering","Fiend Fire"],"picked":"Feed","floor":16},{"not_picked":["Thunderclap","Combust"],"picked":"Shockwave","floor":18},{"not_picked":["Warcry","Sentinel"],"picked":"Anger","floor":19}],"player_experience":1164986,"relics_obtained":[{"floor":9,"key":"Red Skull"},{"floor":11,"key":"Tiny Chest"},{"floor":13,"key":"Darkstone Periapt"},{"floor":17,"key":"Ancient Tea Set"},{"floor":17,"key":"Mummified Hand"},{"floor":17,"key":"Calipers"}],"event_choices":[{"cards_removed":["Strike_R"],"damage_healed":0,"gold_gain":0,"player_choice":"Purged","damage_taken":0,"max_hp_gain":0,"max_hp_loss":0,"event_name":"Purifier","floor":3,"gold_loss":0}],"is_beta":false,"boss_relics":[{"not_picked":["White Beast Statue","Tiny House"],"picked":"Calling Bell"}],"items_purged_floors":[5,20],"is_endless":false,"potions_floor_spawned":[2,4,11,16],"killed_by":"Snecko","ascension_level":16}