{"gold_per_floor":[18,31,31,31,50,50,78,0,24,24,24,44,10,10,10,113,113,113,113,40,40,40,40,40,40,40,40,1,1,1,1,1,1,1,1,1,1,1,1,1,1,1,1,1,1,1,1,0,0,0],"floor_reached":51,"playtime":3328,"items_purged":["Strike_B"],"score":1008,"play_id":"4ba56cb9-a997-49b2-96bf-2abf6269bf24","local_time":"20180907183827","is_ascension_mode":true,"campfire_choices":[{"data":"Streamline","floor":6,"key":"SMITH"},{"floor":11,"key":"REST"},{"floor":15,"key":"REST"},{"floor":23,"key":"REST"},{"data":"Zap","floor":29,"key":"SMITH"},{"floor":32,"key":"REST"},{"data":"Dualcast","floor":40,"key":"SMITH"},{"data":"Defragment","floor":42,"key":"SMITH"},{"data":"Defragment","floor":44,"key":"SMITH"},{"floor":49,"key":"REST"}],"neow_cost":"NO_GOLD","seed_source_timestamp":1753255410947819,"circlet_count":0,"master_deck":["Strike_B","Strike_B","Strike_B","Defend_B","Defend_B","Defend_B","Defend_B","Zap+1","Dualcast+1","Reboot","Genetic Algorithm","Streamline+1","Steam","Conserve Battery","Rebound","Defragment+1","Defragment+1","All For One","Beam Cell","Gash","Coolheaded","Go for the Eyes+1","BootSequence+1","Leap","Chill","Biased Cognition","Creative AI","Sweeping Beam","Hologram+1","Gash+1","PanicButton","Steam","Streamline","Stack+1","Force Field+1"],"relics":["Cracked Core","Boot","Smiling Mask","Regal Pillow","Ectoplasm","MutagenicStrength","Enchiridion","Bottled Flame","Oddly Smooth Stone","DataDisk","Sozu","Mango","Thread and Needle","Centennial Puzzle","Toxic Egg 2","Red Mask"],"potions_floor_usage":[16,16,31,33,33,36,41],"damage_taken":[{"damage":23,"enemies":"Small Slimes","floor":1,"turns":7},{"damage":6,"enemies":"Jaw Worm","floor":2,"turns":3},{"damage":0,"enemies":"2 Louse","floor":5,"turns":3},{"damage":34,"enemies":"3 Sentries","floor":7,"turns":7},{"damage":0,"enemies":"2 Fungi Beasts","floor":12,"turns":2},{"damage":44,"enemies":"Slime Boss","floor":16,"turns":8},{"damage":17,"enemies":"Shell Parasite","floor":18,"turns":6},{"damage":0,"enemies":"Spheric Guardian","floor":22,"turns":3},{"damage":8,"enemies":"Chosen and Byrds","floor":24,"turns":4},{"damage":9,"enemies":"Gremlin Leader","floor":25,"turns":4},{"damage":9,"enemies":"Cultist and Chosen","floor":27,"turns":7},{"damage":18,"enemies":"Snake Plant","floor":30,"turns":4},{"damage":2,"enemies":"Slavers","floor":31,"turns":6},{"damage":30,"enemies":"Automaton","floor":33,"turns":11},{"damage":0,"enemies":"Orb Walker","floor":35,"turns":4},{"damage":14,"enemies":"Mysterious Sphere","floor":36,"turns":5},{"damage":2,"enemies":"Mind Bloom Boss Battle","floor":37,"turns":6},{"damage":20,"enemies":"Nemesis","floor":41,"turns":7},{"damage":18,"enemies":"3 Darklings","floor":45,"turns":6},{"damage":13,"enemies":"Transient","floor":46,"turns":5},{"damage":0,"enemies":"4 Shapes","floor":47,"turns":6},{"damage":3,"enemies":"Time Eater","floor":50,"turns":20}],"seed_played":"-7268931202274452630","potions_obtained":[{"floor":1,"key":"FocusPotion"},{"floor":5,"key":"FearPotion"},{"floor":27,"key":"FocusPotion"},{"floor":30,"key":"Energy Potion"},{"floor":31,"key":"Explosive Potion"},{"floor":33,"key":"Block Potion"}],"is_trial":false,"path_per_floor":["M","M","$","?","M","R","E","$","T","?","R","M","$","T","R","B",null,"M","?","$","?","M","R","M","E","T","M","$","R","M","E","R","B",null,"M","?","?","?","?","R","E","R","T","R","M","M","M","?","R","B"],"character_chosen":"DEFECT","items_purchased":["Rebound","SpeedPotion","Defragment","Gash","Chill"],"campfire_rested":5,"item_purchase_floors":[8,8,13,20,28],"current_hp_per_floor":[45,39,39,39,39,39,5,5,5,5,27,27,27,27,64,20,61,44,44,44,28,28,65,57,48,48,39,39,39,21,19,56,26,63,63,63,61,61,89,89,69,69,69,69,51,38,38,38,79,76],"gold":0,"neow_bonus":"THREE_RARE_CARDS","is_prod":false,"is_daily":false,"chose_seed":false,"campfire_upgraded":5,"win_rate":0,"timestamp":1536341907,"path_taken":["M","M","$","?","M","R","E","$","T","?","R","M","?","?","R","BOSS","M","?","$","?","M","R","M","E","T","?","$","R","?","E","R","BOSS","M","?","?","?","?","R","E","R","T","R","M","M","?","?","R","BOSS"],"build_version":"2018-09-06","purchased_purges":1,"victory":true,"max_hp_per_floor":[75,75,75,75,75,75,75,75,75,75,75,75,75,75,75,75,75,75,75,75,75,75,75,75,75,75,75,75,75,75,75,75,75,75,75,89,89,89,89,89,89,89,89,89,89,89,89,89,89,89],"card_choices":[{"not_picked":["Meteor Strike","Buffer"],"picked":"Reboot","floor":0},{"not_picked":["Compile Driver","Auto Shields"],"picked":"Genetic Algorithm","floor":1},{"not_picked":["Leap","Conserve Battery"],"picked":"Streamline","floor":2},{"not_picked":["Capacitor","Coolheaded"],"picked":"Steam","floor":5},{"not_picked":["Steam","Blizzard"],"picked":"Conserve Battery","floor":7},{"not_picked":["Barrage","Scrape"],"picked":"Defragment","floor":12},{"not_picked":["Multi-Cast","Thunder Strike"],"picked":"All For One","floor":16},{"not_picked":["Compile Driver","Hello World"],"picked":"Beam Cell","floor":18},{"not_picked":["Hologram","Conserve Battery"],"picked":"Coolheaded","floor":22},{"not_picked":["Stack+1","Conserve Battery"],"picked":"Go for the Eyes+1","floor":24},{"not_picked":["Leap","Steam+1"],"picked":"BootSequence+1","floor":25},{"not_picked":["Go for the Eyes","Blizzard"],"picked":"Leap","floor":27},{"not_picked":["Reprogram","Stack","Rebound"],"picked":"SKIP","floor":30},{"not_picked":["Cold Snap","Hologram"],"picked":"Biased Cognition","floor":31},{"not_picked":["Amplify","Buffer"],"picked":"Creative AI","floor":33},{"not_picked":["Leap","Coolheaded"],"picked":"Sweeping Beam","floor":35},{"not_picked":["Redo","Go for the Eyes+1"],"picked":"Hologram+1","floor":36},{"not_picked":["Recycle+1","Beam Cell+1"],"picked":"Gash+1","floor":37},{"not_picked":["Secret Weapon","HandOfGreed"],"picked":"PanicButton","floor":38},{"not_picked":["Steam","Ball Lightning+1","Hello World"],"picked":"SKIP","floor":41},{"not_picked":["Ball Lightning+1","Hello World"],"picked":"Steam","floor":41},{"not_picked":["Coolheaded+1","Ball Lightning"],"picked":"Streamline","floor":45},{"not_picked":["Redo+1","Streamline"],"picked":"Stack+1","floor":46},{"not_picked":["Reprogram+1","Cold Snap+1"],"picked":"Force Field+1","floor":47}],"player_experience":663464,"relics_obtained":[{"floor":7,"key":"Boot"},{"floor":9,"key":"Smiling Mask"},{"floor":14,"key":"Regal Pillow"},{"floor":21,"key":"Enchiridion"},{"floor":25,"key":"Bottled Flame"},{"floor":26,"key":"Oddly Smooth Stone"},{"floor":31,"key":"DataDisk"},{"floor":36,"key":"Mango"},{"floor":37,"key":"Thread and Needle"},{"floor":41,"key":"Centennial Puzzle"},{"floor":43,"key":"Toxic Egg 2"}],"event_choices":[{"event_name":"The Cleric","player_choice":"Leave","floor":4,"damage_taken":0},{"event_name":"Golden Idol","player_choice":"Ignored","floor":10,"damage_taken":0},{"event_name":"Drug Dealer","player_choice":"Inject Mutagens","floor":19,"damage_taken":0},{"event_name":"Cursed Tome","player_choice":"Obtained Book","floor":21,"damage_taken":0},{"event_name":"Mysterious Sphere","player_choice":"Fight","floor":36,"damage_taken":0},{"event_name":"MindBloom","player_choice":"Fight","floor":37,"damage_taken":0},{"event_name":"SensoryStone","player_choice":"Memory 1","floor":38,"damage_taken":0},{"event_name":"Wheel of Change","player_choice":"Full Heal","floor":39,"damage_taken":0},{"event_name":"Tomb of Lord Red Mask","player_choice":"Paid","floor":48,"damage_taken":0}],"is_beta":false,"boss_relics":[{"not_picked":["White Beast Statue","Fusion Hammer"],"picked":"Ectoplasm"},{"not_picked":["Velvet Choker","Inserter"],"picked":"Sozu"}],"items_purged_floors":[20],"is_endless":false,"potions_floor_spawned":[1,5,12,27,30,31,33,35,45,46],"ascension_level":9}