{"gold_per_floor":[112,187,362,362,362,362,388,405,431,462,480,337,350,378,378,452,452,465,178,197,197,210,242,262,262,262,262,294,304,403,413,413,485,485,503,557,557,344,361,373,390,410,437,437,437,450,74,88,88,88],"floor_reached":50,"playtime":2845,"items_purged":["Doubt","Strike_R"],"score":980,"play_id":"9eb07a44-0dfb-4ae4-90ff-a84475153a32","local_time":"20191007144521","is_ascension_mode":true,"campfire_choices":[{"data":"Rampage","floor":6.0,"key":"SMITH"},{"data":"Uppercut","floor":15.0,"key":"SMITH"},{"floor":25,"key":"REST"},{"floor":27,"key":"REST"},{"floor":32,"key":"REST"},{"floor":44,"key":"REST"},{"floor":49,"key":"RECALL"}],"neow_cost":"NONE","seed_source_timestamp":0,"circlet_count":0,"master_deck":["AscendersBane","Strike_R+1","Strike_R+1","Strike_R+1","Strike_R+1","Defend_R+1","Defend_R+1","Defend_R+1","Defend_R+1","Bash+1","Rampage+1","True Grit+1","Uppercut+1","Reaper+1","Battle Trance+1","Combust+1","Spot Weakness+1","Exhume+1","Whirlwind+1","Inflame+1","Shrug It Off+1","Heavy Blade+1","Metallicize+1","Evolve+1","Reaper+1","Infernal Blade+1","Disarm+1","Whirlwind+1","Ghostly Armor+1","Shrug It Off+1","Disarm+1","Infernal Blade+1","Master of Strategy","Disarm"],"special_seed":0,"relics":["Burning Blood","NeowsBlessing","MealTicket","Strawberry","Darkstone Periapt","Vajra","Fusion Hammer","Sling","StoneCalendar","Bottled Flame","Orichalcum","Mark of Pain","Unceasing Top","Eternal Feather","Lantern","Mark of the Bloom","Oddly Smooth Stone"],"potions_floor_usage":[28,36,40,42,48,48,50],"damage_taken":[{"damage":0.0,"enemies":"Small Slimes","floor":1.0,"turns":1.0},{"damage":0.0,"enemies":"3 Sentries","floor":7.0,"turns":1.0},{"damage":0.0,"enemies":"2 Louse","floor":8.0,"turns":1.0},{"damage":28.0,"enemies":"Gremlin Nob","floor":10.0,"turns":4.0},{"damage":1.0,"enemies":"Cultist","floor":11.0,"turns":4.0},{"damage":3.0,"enemies":"Large Slime","floor":13.0,"turns":6.0},{"damage":25.0,"enemies":"Lagavulin","floor":14.0,"turns":5.0},{"damage":4.0,"enemies":"Slime Boss","floor":16.0,"turns":6.0},{"damage":30.0,"enemies":"Spheric Guardian","floor":18.0,"turns":4.0},{"damage":1.0,"enemies":"3 Byrds","floor":20.0,"turns":3.0},{"damage":39.0,"enemies":"Snecko","floor":22.0,"turns":5.0},{"damage":33.0,"enemies":"Slavers","floor":23.0,"turns":4.0},{"damage":24,"enemies":"Snake Plant","floor":24,"turns":5},{"damage":47,"enemies":"Book of Stabbing","floor":28,"turns":5},{"damage":8,"enemies":"Cultist and Chosen","floor":29,"turns":4},{"damage":7,"enemies":"Centurion and Healer","floor":31,"turns":6},{"damage":67,"enemies":"Collector","floor":33,"turns":10},{"damage":5,"enemies":"3 Shapes","floor":35,"turns":6},{"damage":90,"enemies":"2 Orb Walkers","floor":36,"turns":6},{"damage":22,"enemies":"3 Darklings","floor":39,"turns":3},{"damage":34,"enemies":"Jaw Worm Horde","floor":40,"turns":3},{"damage":17,"enemies":"4 Shapes","floor":41,"turns":7},{"damage":36,"enemies":"Spire Growth","floor":42,"turns":7},{"damage":6,"enemies":"Writhing Mass","floor":46,"turns":7},{"damage":12,"enemies":"Transient","floor":48,"turns":5},{"damage":77,"enemies":"Time Eater","floor":50,"turns":5}],"seed_played":"5134649265210846119","potions_obtained":[{"floor":8.0,"key":"PowerPotion"},{"floor":10.0,"key":"Regen Potion"},{"floor":11.0,"key":"DuplicationPotion"},{"floor":14.0,"key":"SteroidPotion"},{"floor":18.0,"key":"PowerPotion"},{"floor":24,"key":"Block Potion"},{"floor":28,"key":"SpeedPotion"},{"floor":31,"key":"Weak Potion"},{"floor":39,"key":"SteroidPotion"},{"floor":41,"key":"AttackPotion"},{"floor":42,"key":"SpeedPotion"},{"floor":48,"key":"LiquidBronze"}],"is_trial":false,"path_per_floor":["M","?","?","?","?","R","E","M","T","E","M","$","M","E","R","B",null,"M","$","M","?","M","E","M","R","T","R","E","M","?","M","R","B",null,"M","?","?","$","M","M","M","M","T","R","?","M","$","M","R","B"],"character_chosen":"IRONCLAD","items_purchased":["Combust","Inflame","Shrug It Off","Sling","Disarm","Whirlwind","Oddly Smooth Stone","Master of Strategy","Block Potion"],"campfire_rested":4,"item_purchase_floors":[12,19,19,19,38,38,47,47,47],"current_hp_per_floor":[78,67,67,72,72,72,78,84,91,69,74,89,92,73,73,75,88,77,92,92,92,74,71,55,82,82,92,51,74,74,80,92,46,81,92,31,31,46,61,53,64,41,41,86,86,80,80,68,68,0],"gold":88,"neow_bonus":"THREE_ENEMY_KILL","is_prod":false,"is_daily":false,"chose_seed":false,"campfire_upgraded":2,"win_rate":0,"timestamp":1570473921,"path_taken":["M","?","?","?","?","R","E","M","T","E","M","$","M","E","R","BOSS","M","$","?","?","M","E","M","R","T","R","E","M","?","M","R","BOSS","M","?","?","$","?","M","M","M","T","R","?","M","$","M","R","BOSS"],"build_version":"2019-10-04","purchased_purges":2,"victory":false,"max_hp_per_floor":[80,80,80,85,85,85,85,85,92,92,92,92,92,92,92,92,92,92,92,92,92,92,92,92,92,92,92,92,92,92,92,92,92,92,92,92,92,92,92,92,92,92,92,92,92,92,92,92,92,92],"card_choices":[{"not_picked":["Warcry","Fire Breathing"],"picked":"Rampage","floor":1.0},{"not_picked":["Pummel","Seeing Red"],"picked":"True Grit","floor":7.0},{"not_picked":["Havoc","Hemokinesis"],"picked":"Uppercut","floor":8.0},{"not_picked":["Headbutt","Pommel Strike"],"picked":"Reaper","floor":10.0},{"not_picked":["Iron Wave","Anger"],"picked":"Battle Trance","floor":11.0},{"not_picked":["Clash","Twin Strike","Clothesline"],"picked":"SKIP","floor":13.0},{"not_picked":["Searing Blow","Perfected Strike"],"picked":"Spot Weakness","floor":14.0},{"not_picked":["Dark Embrace","Bludgeon"],"picked":"Exhume","floor":16.0},{"not_picked":["Heavy Blade+1","True Grit+1"],"picked":"Whirlwind","floor":18.0},{"not_picked":["Havoc","Sword Boomerang"],"picked":"Heavy Blade+1","floor":20.0},{"not_picked":["Cleave","Thunderclap","Sentinel"],"picked":"SKIP","floor":22.0},{"not_picked":["Clothesline","Reckless Charge+1"],"picked":"Metallicize","floor":23},{"not_picked":["Havoc","Warcry+1","True Grit"],"picked":"SKIP","floor":24},{"not_picked":["Dark Embrace","Intimidate"],"picked":"Evolve","floor":28},{"not_picked":["Warcry","Burning Pact","True Grit"],"picked":"SKIP","floor":29},{"not_picked":["Rampage","Flex","Twin Strike"],"picked":"SKIP","floor":31},{"not_picked":["Fiend Fire","Dark Embrace"],"picked":"Reaper","floor":33},{"not_picked":["Anger+1","Thunderclap+1","Infernal Blade"],"picked":"SKIP","floor":35},{"not_picked":["Bloodletting","Havoc"],"picked":"Infernal Blade+1","floor":36},{"not_picked":["Headbutt","Body Slam"],"picked":"Ghostly Armor","floor":39},{"not_picked":["Anger+1","Burning Pact"],"picked":"Shrug It Off","floor":40},{"not_picked":["Inflame","Flex+1"],"picked":"Disarm","floor":41},{"not_picked":["Perfected Strike","Heavy Blade","Rampage"],"picked":"SKIP","floor":42},{"not_picked":["Rupture","Clothesline"],"picked":"Infernal Blade+1","floor":46},{"not_picked":["Feel No Pain","Headbutt"],"picked":"Disarm","floor":48}],"player_experience":471302,"relics_obtained":[{"floor":7.0,"key":"MealTicket"},{"floor":9.0,"key":"Strawberry"},{"floor":10.0,"key":"Darkstone Periapt"},{"floor":14.0,"key":"Vajra"},{"floor":23,"key":"StoneCalendar"},{"floor":26,"key":"Bottled Flame"},{"floor":28,"key":"Orichalcum"},{"floor":36,"key":"Unceasing Top"},{"floor":43,"key":"Lantern"}],"event_choices":[{"damage_healed":0.0,"max_hp_gain":0.0,"max_hp_loss":0.0,"gold_gain":75.0,"event_name":"World of Goop","player_choice":"Gather Gold","floor":2.0,"gold_loss":0.0,"damage_taken":11.0},{"damage_healed":0.0,"max_hp_gain":0.0,"max_hp_loss":0.0,"gold_gain":175.0,"event_name":"Liars Game","player_choice":"AGREE","floor":3.0,"gold_loss":0.0,"damage_taken":0.0,"cards_obtained":["Doubt"]},{"damage_healed":0.0,"max_hp_gain":5.0,"max_hp_loss":0.0,"gold_gain":0.0,"event_name":"Big Fish","player_choice":"Donut","floor":4.0,"gold_loss":0.0,"damage_taken":0.0},{"damage_healed":0.0,"max_hp_gain":0.0,"max_hp_loss":0.0,"gold_gain":0.0,"event_name":"Upgrade Shrine","player_choice":"Upgraded","floor":5.0,"gold_loss":0.0,"damage_taken":0.0,"cards_upgraded":["Bash"]},{"damage_healed":0.0,"max_hp_gain":0.0,"max_hp_loss":0.0,"gold_gain":0.0,"event_name":"The Mausoleum","player_choice":"Ignored","floor":21.0,"gold_loss":0.0,"damage_taken":0.0},{"damage_healed":0,"gold_gain":99,"player_choice":"Stole From Cult","damage_taken":0,"max_hp_gain":0,"max_hp_loss":0,"event_name":"Nest","floor":30,"gold_loss":0},{"damage_healed":0,"gold_gain":0,"player_choice":"Fight","damage_taken":0,"max_hp_gain":0,"max_hp_loss":0,"event_name":"Mysterious Sphere","floor":36,"gold_loss":0},{"damage_healed":0,"gold_gain":0,"player_choice":"Gave Potion","damage_taken":0,"relics_obtained":["Eternal Feather"],"max_hp_gain":0,"max_hp_loss":0,"event_name":"WeMeetAgain","floor":37,"gold_loss":0},{"damage_healed":0,"gold_gain":0,"player_choice":"Upgrade","damage_taken":0,"relics_obtained":["Mark of the Bloom"],"max_hp_gain":0,"max_hp_loss":0,"event_name":"MindBloom","floor":45,"gold_loss":0,"cards_upgraded":["Strike_R","Strike_R","Strike_R","Strike_R","Defend_R","Defend_R","Defend_R","Defend_R","True Grit","Reaper","Battle Trance","Combust","Spot Weakness","Exhume","Whirlwind","Inflame","Shrug It Off","Metallicize","Evolve","Reaper","Disarm","Whirlwind","Ghostly Armor","Shrug It Off","Disarm"]}],"is_beta":true,"boss_relics":[{"not_picked":["SlaversCollar","Velvet Choker"],"picked":"Fusion Hammer"},{"not_picked":["Tiny House","Astrolabe"],"picked":"Mark of Pain"}],"items_purged_floors":[12,38],"is_endless":false,"potions_floor_spawned":[8,10,11,14,18,24,28,31,39,41,42,48],"killed_by":"Time Eater","ascension_level":13}