{"gold_per_floor":[109,109,124,149,19,50,50,60,129,146,159,309,327,356,356,431,431,444,461,479,479,493,493,511,511,534,550,550],"floor_reached":28,"playtime":1043,"items_purged":[],"score":518,"play_id":"6d0a9b0c-1a63-413c-8dae-d692993f1bd8","local_time":"20190301004923","is_ascension_mode":true,"campfire_choices":[{"floor":7.0,"key":"REST"},{"data":"Darkness","floor":15.0,"key":"SMITH"},{"floor":23,"key":"REST"},{"floor":25,"key":"REST"}],"neow_cost":"NONE","seed_source_timestamp":1082234980267824,"circlet_count":0,"master_deck":["AscendersBane","Strike_B","Strike_B","Defend_B+1","Defend_B","Defend_B","Defend_B","Zap","Dualcast+1","Beam Cell","Fusion+1","Coolheaded","Cold Snap","Loop","Glacier","Rebound","Multi-Cast","Darkness+1","Doubt","Ball Lightning","Genetic Algorithm","Seek","Cold Snap","Hologram","Redo+1","Hologram","Conserve Battery","All For One","Coolheaded"],"special_seed":0,"relics":["Cracked Core","Orichalcum","Happy Flower","Symbiotic Virus","War Paint","Nuclear Battery","Bag of Preparation"],"potions_floor_usage":[27,27],"damage_taken":[{"damage":10.0,"enemies":"2 Louse","floor":1.0,"turns":2.0},{"damage":1.0,"enemies":"Cultist","floor":3.0,"turns":4.0},{"damage":23.0,"enemies":"Gremlin Nob","floor":6.0,"turns":4.0},{"damage":2.0,"enemies":"Small Slimes","floor":8.0,"turns":5.0},{"damage":11.0,"enemies":"Blue Slaver","floor":10.0,"turns":3.0},{"damage":0.0,"enemies":"Gremlin Gang","floor":11.0,"turns":3.0},{"damage":3.0,"enemies":"2 Fungi Beasts","floor":13.0,"turns":3.0},{"damage":0.0,"enemies":"3 Sentries","floor":14.0,"turns":5.0},{"damage":18.0,"enemies":"Slime Boss","floor":16.0,"turns":8.0},{"damage":2.0,"enemies":"3 Byrds","floor":18.0,"turns":4.0},{"damage":16.0,"enemies":"2 Thieves","floor":19.0,"turns":4.0},{"damage":15.0,"enemies":"Cultist and Chosen","floor":20.0,"turns":4.0},{"damage":16,"enemies":"Chosen and Byrds","floor":22,"turns":6},{"damage":14,"enemies":"Sentry and Sphere","floor":24,"turns":6},{"damage":0,"enemies":"Snake Plant","floor":27,"turns":1},{"damage":42,"enemies":"Book of Stabbing","floor":28,"turns":5}],"seed_played":"5921428458374495625","potions_obtained":[{"floor":1.0,"key":"PowerPotion"},{"floor":3.0,"key":"Explosive Potion"},{"floor":8.0,"key":"EssenceOfSteel"},{"floor":16.0,"key":"SteroidPotion"},{"floor":19.0,"key":"Poison Potion"},{"floor":24,"key":"AttackPotion"}],"is_trial":false,"path_per_floor":["M","?","M","T","$","E","R","M","T","M","M","?","M","E","R","B",null,"M","M","M","?","M","R","M","R","T","M","E"],"character_chosen":"DEFECT","items_purchased":["Cold Snap","Loop"],"campfire_rested":3,"item_purchase_floors":[5,5],"current_hp_per_floor":[54,54,53,53,53,30,51,49,49,38,38,38,35,35,35,17,58,56,40,25,25,9,30,16,37,37,37,0],"gold":550,"neow_bonus":"TRANSFORM_CARD","is_prod":false,"is_daily":false,"chose_seed":false,"campfire_upgraded":1,"win_rate":0,"timestamp":1551397763,"path_taken":["M","?","?","?","$","E","R","M","T","M","M","?","M","E","R","BOSS","M","M","M","?","?","R","M","R","T","M","E"],"build_version":"2019-01-23","purchased_purges":0,"victory":false,"max_hp_per_floor":[71,71,71,71,71,71,71,71,71,71,71,71,71,71,71,71,71,71,71,71,71,71,71,71,71,71,71,71],"card_choices":[{"not_picked":["Reprogram","Skim"],"picked":"Fusion","floor":1.0},{"not_picked":["Recycle","Go for the Eyes"],"picked":"Coolheaded","floor":3.0},{"not_picked":["Buffer","Genetic Algorithm"],"picked":"Glacier","floor":6.0},{"not_picked":["Go for the Eyes","Steam"],"picked":"Rebound","floor":8.0},{"not_picked":["Coolheaded","Blizzard"],"picked":"Multi-Cast","floor":10.0},{"not_picked":["White Noise","Beam Cell"],"picked":"Darkness","floor":11.0},{"not_picked":["Redo","Chill"],"picked":"Ball Lightning","floor":13.0},{"not_picked":["Leap","Sweeping Beam"],"picked":"Genetic Algorithm","floor":14.0},{"not_picked":["Fission","Multi-Cast"],"picked":"Seek","floor":16.0},{"not_picked":["FTL+1","Redo"],"picked":"Cold Snap","floor":18.0},{"not_picked":["Darkness","Steam"],"picked":"Hologram","floor":19.0},{"not_picked":["Scrape","Go for the Eyes"],"picked":"Redo+1","floor":20.0},{"not_picked":["Stack","Sweeping Beam"],"picked":"Conserve Battery","floor":22},{"not_picked":["Force Field","Barrage"],"picked":"All For One","floor":24},{"not_picked":["Undo","Leap"],"picked":"Coolheaded","floor":27}],"player_experience":676912,"relics_obtained":[{"floor":4.0,"key":"Orichalcum"},{"floor":6.0,"key":"Happy Flower"},{"floor":9.0,"key":"Symbiotic Virus"},{"floor":14.0,"key":"War Paint"},{"floor":26,"key":"Bag of Preparation"}],"event_choices":[{"damage_healed":0.0,"max_hp_gain":0.0,"max_hp_loss":0.0,"gold_gain":0.0,"event_name":"Upgrade Shrine","player_choice":"Upgraded","floor":2.0,"gold_loss":0.0,"damage_taken":0.0,"cards_upgraded":["Fusion"]},{"damage_healed":0.0,"max_hp_gain":0.0,"max_hp_loss":0.0,"gold_gain":150.0,"event_name":"Liars Game","player_choice":"AGREE","floor":12.0,"gold_loss":0.0,"damage_taken":0.0,"cards_obtained":["Doubt"]},{"damage_healed":0.0,"max_hp_gain":0.0,"max_hp_loss":0.0,"gold_gain":0.0,"cards_transformed":["Strike_B"],"event_name":"Transmorgrifier","player_choice":"Transformed","floor":21.0,"gold_loss":0.0,"damage_taken":0.0,"cards_obtained":["Hologram"]}],"is_beta":false,"boss_relics":[{"not_picked":["Snecko Eye","Runic Pyramid"],"picked":"Nuclear Battery"}],"items_purged_floors":[],"is_endless":false,"potions_floor_spawned":[1,3,8,16,19,24],"killed_by":"Book of Stabbing","ascension_level":20}