{"gold_per_floor":[20,34,88,104,64,90,100,110,110,110,10,10,10],"floor_reached":13,"playtime":952,"items_purged":["Strike_R"],"score":145,"play_id":"c749d9f0-0bdb-4b4e-a2da-e31d679da257","local_time":"20190325194617","is_ascension_mode":true,"campfire_choices":[{"data":"Armaments","floor":10,"key":"SMITH"},{"data":"Limit Break","floor":12,"key":"SMITH"}],"neow_cost":"NO_GOLD","seed_source_timestamp":0,"circlet_count":0,"master_deck":["AscendersBane","Strike_R","Strike_R","Strike_R","Strike_R","Defend_R","Defend_R","Defend_R","Defend_R","Bash","Limit Break+1","Carnage","Shrug It Off","Sever Soul","Inflame","Armaments+1","Body Slam","Iron Wave","Clash"],"special_seed":0,"relics":["Burning Blood","Boot","Letter Opener","Vajra"],"potions_floor_usage":[6],"damage_taken":[{"damage":11,"enemies":"Cultist","floor":1,"turns":4},{"damage":20,"enemies":"Small Slimes","floor":2,"turns":3},{"damage":4,"enemies":"Jaw Worm","floor":4,"turns":3},{"damage":31,"enemies":"3 Sentries","floor":6,"turns":9},{"damage":6,"enemies":"2 Fungi Beasts","floor":7,"turns":4},{"damage":15,"enemies":"Red Slaver","floor":8,"turns":6},{"damage":20,"enemies":"Lots of Slimes","floor":13,"turns":1}],"seed_played":"-6067645975428239453","potions_obtained":[{"floor":1,"key":"Weak Potion"},{"floor":2,"key":"PowerPotion"},{"floor":6,"key":"GamblersBrew"},{"floor":8,"key":"Fire Potion"}],"is_trial":false,"path_per_floor":["M","M","T","M","$","E","M","M","T","R","$","R","M"],"character_chosen":"IRONCLAD","items_purchased":["Inflame","Clash"],"campfire_rested":0,"item_purchase_floors":[5,11],"current_hp_per_floor":[63,49,49,51,51,26,26,17,17,17,17,17,0],"gold":10,"neow_bonus":"THREE_RARE_CARDS","is_prod":false,"is_daily":false,"chose_seed":false,"campfire_upgraded":2,"win_rate":0,"timestamp":1553539577,"path_taken":["M","M","?","M","$","E","?","M","T","R","$","R","M"],"build_version":"2019-01-23","purchased_purges":1,"victory":false,"max_hp_per_floor":[75,75,75,75,75,75,75,75,75,75,75,75,75],"card_choices":[{"not_picked":["Fiend Fire","Impervious"],"picked":"Limit Break","floor":0},{"not_picked":["Feel No Pain","Clash"],"picked":"Carnage","floor":1},{"not_picked":["Disarm","Anger"],"picked":"Shrug It Off","floor":2},{"not_picked":["Uppercut","Whirlwind"],"picked":"Sever Soul","floor":4},{"not_picked":["Entrench","Flame Barrier"],"picked":"Armaments","floor":6},{"not_picked":["Perfected Strike","Shrug It Off"],"picked":"Body Slam","floor":7},{"not_picked":["Wild Strike","Anger"],"picked":"Iron Wave","floor":8}],"player_experience":1002706,"relics_obtained":[{"floor":3,"key":"Boot"},{"floor":6,"key":"Letter Opener"},{"floor":9,"key":"Vajra"}],"event_choices":[],"is_beta":false,"boss_relics":[],"items_purged_floors":[11],"is_endless":false,"potions_floor_spawned":[1,2,6,8],"killed_by":"Lots of Slimes","ascension_level":14}