{"gold_per_floor":[112,112,128,183,183,183,38,52,100,100,120,135,135,62,62,165,195,208,220,72,72,88,88,108,124,124,139,155,169,169,183,183,278,278,296,296,306,306,319,319,319,319,319,335,37,37,37,49,49,49],"floor_reached":51,"playtime":2366,"items_purged":["Strike_B"],"score":757,"play_id":"e85d3009-52ed-448d-8c57-59b110eea87a","local_time":"20180624131337","is_ascension_mode":true,"campfire_choices":[{"data":"Dualcast","floor":6,"key":"SMITH"},{"data":"Zap","floor":10,"key":"SMITH"},{"data":"Beam Cell","floor":13,"key":"SMITH"},{"data":"Chill","floor":15,"key":"SMITH"},{"data":"Biased Cognition","floor":23,"key":"SMITH"},{"data":"Loop","floor":30,"key":"SMITH"},{"data":"Hologram","floor":32,"key":"SMITH"},{"floor":40,"key":"REST"},{"data":"Sweeping Beam","floor":42,"key":"SMITH"},{"data":"Echo Form","floor":46,"key":"SMITH"},{"data":"Double Energy","floor":49,"key":"SMITH"}],"neow_cost":"NONE","seed_source_timestamp":844337518260952,"circlet_count":0,"master_deck":["Strike_B+1","Strike_B+1","Strike_B+1","Defend_B+1","Defend_B+1","Defend_B+1","Defend_B+1","Zap+1","Dualcast+1","Gash","Gash","Cold Snap","Gash","Ball Lightning","Core Surge","Beam Cell+1","Chill+1","Biased Cognition+1","Sweeping Beam+1","Defragment+1","Hologram+1","Defragment+1","Leap+1","Loop+1","Double Energy+1","Gash+1","Core Surge","Ball Lightning+1","Echo Form+1","Rebound"],"relics":["Cracked Core","Omamori","Ornamental Fan","DataDisk","Lantern","Tiny House","Bag of Marbles","Toolbox","Nuclear Battery","Smiling Mask","Shuriken"],"potions_floor_usage":[16,18,29,33,50,50,50],"damage_taken":[{"damage":0,"enemies":"Jaw Worm","floor":1,"turns":3},{"damage":1,"enemies":"Small Slimes","floor":3,"turns":3},{"damage":0,"enemies":"Cultist","floor":8,"turns":3},{"damage":2,"enemies":"Looter","floor":11,"turns":3},{"damage":5,"enemies":"Gremlin Gang","floor":12,"turns":3},{"damage":29,"enemies":"The Guardian","floor":16,"turns":10},{"damage":0,"enemies":"Shell Parasite","floor":18,"turns":3},{"damage":0,"enemies":"Spheric Guardian","floor":19,"turns":3},{"damage":6,"enemies":"Centurion and Healer","floor":22,"turns":4},{"damage":0,"enemies":"Sentry and Sphere","floor":24,"turns":5},{"damage":0,"enemies":"3 Cultists","floor":25,"turns":5},{"damage":0,"enemies":"Centurion and Healer","floor":27,"turns":5},{"damage":0,"enemies":"Snecko","floor":28,"turns":5},{"damage":13,"enemies":"Slaver and Parasite","floor":29,"turns":4},{"damage":0,"enemies":"Centurion and Healer","floor":31,"turns":4},{"damage":19,"enemies":"Champ","floor":33,"turns":8},{"damage":0,"enemies":"3 Shapes","floor":35,"turns":5},{"damage":0,"enemies":"Orb Walker","floor":37,"turns":3},{"damage":0,"enemies":"Maw","floor":39,"turns":6},{"damage":0,"enemies":"Sphere and 2 Shapes","floor":44,"turns":4},{"damage":6,"enemies":"4 Shapes","floor":48,"turns":5},{"damage":25,"enemies":"Awakened One","floor":50,"turns":11}],"seed_played":"-5603200474725127274","potions_obtained":[{"floor":3,"key":"Regen Potion"},{"floor":12,"key":"Explosive Potion"},{"floor":17,"key":"AttackPotion"},{"floor":18,"key":"Block Potion"},{"floor":24,"key":"Block Potion"},{"floor":33,"key":"FocusPotion"},{"floor":35,"key":"Strength Potion"}],"is_trial":false,"path_per_floor":["M","?","M","T","?","R","$","M","T","R","M","M","R","$","R","B",null,"M","M","$","?","M","R","M","M","T","M","M","M","R","M","R","B",null,"M","?","M","$","M","R","?","R","T","M","$","R","$","M","R","B"],"character_chosen":"DEFECT","items_purchased":["Cold Snap","Gash","Chill","Bag of Marbles","Shuriken","Rebound"],"campfire_rested":1,"item_purchase_floors":[7,7,14,20,45,45],"current_hp_per_floor":[75,57,56,56,56,56,56,56,56,56,54,49,49,49,49,20,80,80,80,80,80,74,74,74,74,74,74,74,61,61,61,61,42,80,80,80,80,80,80,80,80,80,80,80,80,80,80,74,74,56],"gold":49,"neow_bonus":"RANDOM_COMMON_RELIC","is_prod":false,"is_daily":false,"chose_seed":false,"campfire_upgraded":10,"win_rate":0,"timestamp":1529842417,"path_taken":["M","?","M","?","?","R","$","M","T","R","?","M","R","$","R","BOSS","M","M","$","?","M","R","M","M","T","M","?","M","R","M","R","BOSS","M","?","M","?","M","R","?","R","T","?","$","R","$","?","R","BOSS"],"build_version":"2018-06-21v2","purchased_purges":1,"victory":true,"max_hp_per_floor":[75,75,75,75,75,75,75,75,75,75,75,75,75,75,75,75,80,80,80,80,80,80,80,80,80,80,80,80,80,80,80,80,80,80,80,80,80,80,80,80,80,80,80,80,80,80,80,80,80,80],"card_choices":[{"not_picked":["Hologram","Stack"],"picked":"Gash","floor":1},{"not_picked":["Hologram","Static Discharge"],"picked":"Gash","floor":3},{"not_picked":["Compile Driver","Blizzard"],"picked":"Ball Lightning","floor":8},{"not_picked":["Hello World","Self Repair"],"picked":"Core Surge","floor":11},{"not_picked":["Steam Power","Redo"],"picked":"Beam Cell","floor":12},{"not_picked":["Rainbow","Thunder Strike"],"picked":"Biased Cognition","floor":16},{"not_picked":["Rip and Tear","Streamline"],"picked":"Sweeping Beam","floor":17},{"not_picked":["Sweeping Beam","Stack"],"picked":"Defragment+1","floor":18},{"not_picked":["Steam+1","Lockon"],"picked":"Hologram","floor":19},{"not_picked":["Steam","Beam Cell+1","Rip and Tear"],"picked":"SKIP","floor":22},{"not_picked":["Turbo","Core Surge"],"picked":"Defragment+1","floor":24},{"not_picked":["Reprogram","White Noise+1"],"picked":"Leap+1","floor":25},{"not_picked":["Sunder+1","Steam Power"],"picked":"Loop","floor":27},{"not_picked":["Gash","Hello World"],"picked":"Double Energy","floor":28},{"not_picked":["Redo","Hologram"],"picked":"Gash+1","floor":29},{"not_picked":["Ball Lightning","White Noise","Barrage"],"picked":"SKIP","floor":31},{"not_picked":["Thunder Strike","Rainbow"],"picked":"Core Surge","floor":33},{"not_picked":["Redo","Blizzard","Ball Lightning"],"picked":"SKIP","floor":35},{"not_picked":["Leap","Rip and Tear+1","Reprogram"],"picked":"SKIP","floor":37},{"not_picked":["Genetic Algorithm+1","Sunder"],"picked":"Ball Lightning+1","floor":39},{"not_picked":["Steam+1","Blizzard+1"],"picked":"Echo Form","floor":44},{"not_picked":["Cold Snap","Rebound","Stack"],"picked":"SKIP","floor":48}],"player_experience":488936,"relics_obtained":[{"floor":4,"key":"DataDisk"},{"floor":9,"key":"Lantern"},{"floor":26,"key":"Toolbox"},{"floor":43,"key":"Smiling Mask"}],"event_choices":[{"event_name":"Scrap Ooze","player_choice":"success","floor":2,"damage_taken":18},{"event_name":"The Woman in Blue","player_choice":"Bought 0 Potions","floor":5,"damage_taken":0},{"event_name":"Back to Basics","player_choice":"Simplicity","floor":21,"damage_taken":0},{"event_name":"Mysterious Sphere","player_choice":"Ignore","floor":36,"damage_taken":0},{"event_name":"SensoryStone","player_choice":"Memory 1","floor":41,"damage_taken":0}],"boss_relics":[{"not_picked":["Runic Dome","Sozu"],"picked":"Tiny House"},{"not_picked":["Runic Pyramid","Astrolabe"],"picked":"Nuclear Battery"}],"items_purged_floors":[7],"is_endless":false,"potions_floor_spawned":[3,12,18,24,28,33,35,37,44],"ascension_level":3}