{"gold_per_floor":[113,113,125,136,151,151,9,9,9,9,24,24,37,51,51,156,156,173,96,115,132,132,132,160,160,184,84,84,101,101],"floor_reached":30,"playtime":1675,"items_purged":["Strike_R","Strike_R"],"score":242,"play_id":"21068590-de5c-4358-885c-75d7529612d2","local_time":"20191009202109","is_ascension_mode":false,"campfire_choices":[{"data":"Uppercut","floor":6.0,"key":"SMITH"},{"data":"Bash","floor":8.0,"key":"SMITH"},{"data":"Limit Break","floor":12.0,"key":"SMITH"},{"data":"Uppercut","floor":15.0,"key":"SMITH"},{"data":"Flame Barrier","floor":23,"key":"SMITH"}],"neow_cost":"NONE","seed_source_timestamp":279720068606048,"circlet_count":0,"master_deck":["Strike_R","Defend_R","Defend_R","Defend_R","Defend_R","Bash+1","Uppercut+1","Limit Break+1","Clothesline","Uppercut+1","Reaper","Flame Barrier+1","Inflame+1"],"special_seed":0,"relics":["Snecko Eye","Bottled Flame"],"potions_floor_usage":[28],"damage_taken":[{"damage":1.0,"enemies":"Jaw Worm","floor":1.0,"turns":3.0},{"damage":2.0,"enemies":"Small Slimes","floor":3.0,"turns":3.0},{"damage":0.0,"enemies":"Cultist","floor":4.0,"turns":2.0},{"damage":15.0,"enemies":"3 Louse","floor":5.0,"turns":4.0},{"damage":0.0,"enemies":"Looter","floor":11.0,"turns":2.0},{"damage":0.0,"enemies":"Exordium Wildlife","floor":13.0,"turns":2.0},{"damage":11.0,"enemies":"Lots of Slimes","floor":14.0,"turns":5.0},{"damage":32.0,"enemies":"Slime Boss","floor":16.0,"turns":10.0},{"damage":0.0,"enemies":"Spheric Guardian","floor":18.0,"turns":3.0},{"damage":0.0,"enemies":"3 Byrds","floor":20.0,"turns":4.0},{"damage":6.0,"enemies":"Snecko","floor":21.0,"turns":3.0},{"damage":20,"enemies":"Gremlin Leader","floor":24,"turns":5},{"damage":36,"enemies":"Colosseum Slavers","floor":28,"turns":4},{"damage":11,"enemies":"3 Cultists","floor":29,"turns":5},{"damage":0,"enemies":"Centurion and Healer","floor":30,"turns":1}],"seed_played":"-2905690837400750301","potions_obtained":[{"floor":1.0,"key":"BloodPotion"},{"floor":11.0,"key":"Weak Potion"},{"floor":13.0,"key":"BloodPotion"},{"floor":14.0,"key":"Strength Potion"}],"is_trial":false,"path_per_floor":["M","?","M","M","M","R","$","R","T","?","M","R","M","M","R","B",null,"M","$","M","M","?","R","E","?","T","$","?","M","M"],"character_chosen":"IRONCLAD","items_purchased":["Limit Break","Flame Barrier"],"campfire_rested":0,"item_purchase_floors":[7,19],"current_hp_per_floor":[79,79,77,77,62,62,62,62,62,62,62,62,62,51,51,19,80,80,80,80,80,80,80,60,45,45,45,34,38,38],"gold":101,"neow_bonus":"BOSS_RELIC","is_prod":false,"is_daily":false,"chose_seed":false,"campfire_upgraded":5,"win_rate":0,"timestamp":1570677669,"path_taken":["M","?","M","M","M","R","$","R","T","?","M","R","M","M","R","BOSS","M","$","?","M","?","R","E","?","T","$","?","M","?"],"build_version":"2019-07-17","purchased_purges":2,"victory":false,"max_hp_per_floor":[80,80,80,80,80,80,80,80,80,80,80,80,80,80,80,80,80,80,80,80,80,80,80,80,85,85,85,85,85,85],"card_choices":[{"not_picked":["Dual Wield","Twin Strike"],"picked":"Uppercut","floor":1.0},{"not_picked":["Flex","Body Slam","Infernal Blade"],"picked":"SKIP","floor":3.0},{"not_picked":["Disarm","Entrench","Twin Strike"],"picked":"SKIP","floor":4.0},{"not_picked":["Seeing Red","Clash","Infernal Blade"],"picked":"SKIP","floor":5.0},{"not_picked":["Metallicize","Intimidate","Warcry"],"picked":"SKIP","floor":11.0},{"not_picked":["Corruption","Intimidate"],"picked":"Clothesline","floor":13.0},{"not_picked":["Sentinel","Perfected Strike"],"picked":"Uppercut","floor":14.0},{"not_picked":["Offering","Limit Break"],"picked":"Reaper","floor":16.0},{"not_picked":["Anger+1","Blood for Blood","Thunderclap"],"picked":"SKIP","floor":18.0},{"not_picked":["Pummel","Second Wind"],"picked":"Inflame+1","floor":20.0},{"not_picked":["Carnage+1","Pummel","Rampage+1"],"picked":"SKIP","floor":21.0},{"not_picked":["Havoc","True Grit","Wild Strike"],"picked":"SKIP","floor":24},{"not_picked":["Heavy Blade","Cleave","Sword Boomerang+1"],"picked":"SKIP","floor":29}],"player_experience":377513,"relics_obtained":[{"floor":24,"key":"Bottled Flame"}],"event_choices":[{"cards_removed":["Strike_R"],"damage_healed":0.0,"max_hp_gain":0.0,"max_hp_loss":0.0,"gold_gain":0.0,"event_name":"Living Wall","player_choice":"Forget","floor":2.0,"gold_loss":0.0,"damage_taken":0.0},{"cards_removed":["Strike_R"],"damage_healed":0.0,"max_hp_gain":0.0,"max_hp_loss":0.0,"gold_gain":0.0,"event_name":"Bonfire Elementals","player_choice":"Offered Basic","floor":10.0,"gold_loss":0.0,"damage_taken":0.0},{"damage_healed":0,"gold_gain":0,"player_choice":"Ignored","damage_taken":0,"max_hp_gain":0,"max_hp_loss":0,"event_name":"The Mausoleum","floor":22,"gold_loss":0},{"damage_healed":0,"gold_gain":0,"player_choice":"Shed Blood","damage_taken":20,"max_hp_gain":5,"max_hp_loss":0,"event_name":"Forgotten Altar","floor":25,"gold_loss":0},{"damage_healed":0,"gold_gain":0,"player_choice":"Fight","damage_taken":0,"max_hp_gain":0,"max_hp_loss":0,"event_name":"Colosseum","floor":28,"gold_loss":0},{"damage_healed":0,"gold_gain":0,"player_choice":"Fled From Nobs","damage_taken":0,"max_hp_gain":0,"max_hp_loss":0,"event_name":"Colosseum","floor":28,"gold_loss":0}],"is_beta":false,"boss_relics":[{"not_picked":["Pandora\u0027s Box","Astrolabe","Runic Pyramid"]}],"items_purged_floors":[7,27],"is_endless":false,"potions_floor_spawned":[1,11,13,14,20,21],"killed_by":"Centurion and Healer","ascension_level":0}