{"gold_per_floor":[116,116,131,149,149,149,168,168,168,343,353,353,44,44,44,140,140,160,170,170],"floor_reached":20,"playtime":652,"items_purged":["Doubt"],"score":262,"play_id":"4aa42312-16c5-42f8-bb0d-cc4052e2bcee","local_time":"20190226202707","is_ascension_mode":true,"campfire_choices":[{"data":"Leap","floor":6,"key":"SMITH"},{"data":"Loop","floor":8,"key":"SMITH"},{"floor":12,"key":"REST"},{"floor":15,"key":"REST"}],"neow_cost":"NONE","seed_source_timestamp":0,"circlet_count":0,"master_deck":["AscendersBane","Strike_B+1","Defend_B+1","Defend_B","Defend_B","Zap+1","Dualcast","Hologram","Leap+1","Loop+1","Rip and Tear","Coolheaded","Defragment","Buffer","Amplify+1","Machine Learning+1","Scrape+1","Go for the Eyes","Leap"],"special_seed":0,"relics":["Cracked Core","Juzu Bracelet","Ancient Tea Set","Bag of Preparation","Astrolabe"],"potions_floor_usage":[16,16,19],"damage_taken":[{"damage":7,"enemies":"Small Slimes","floor":1,"turns":3},{"damage":0,"enemies":"Cultist","floor":3,"turns":3},{"damage":9,"enemies":"Jaw Worm","floor":4,"turns":4},{"damage":4,"enemies":"Blue Slaver","floor":7,"turns":4},{"damage":10,"enemies":"2 Fungi Beasts","floor":11,"turns":3},{"damage":11,"enemies":"Slime Boss","floor":16,"turns":12},{"damage":22,"enemies":"Shell Parasite","floor":18,"turns":6},{"damage":41,"enemies":"2 Thieves","floor":19,"turns":4},{"damage":20,"enemies":"Colosseum Slavers","floor":20,"turns":3}],"seed_played":"-6849582292871455778","potions_obtained":[{"floor":1,"key":"Block Potion"},{"floor":7,"key":"FearPotion"},{"floor":18,"key":"LiquidBronze"}],"is_trial":false,"path_per_floor":["M","?","M","M","?","R","M","R","T","?","M","R","$","?","R","B",null,"M","M","?"],"character_chosen":"DEFECT","items_purchased":["Defragment","Bag of Preparation"],"campfire_rested":2,"item_purchase_floors":[13,13],"current_hp_per_floor":[61,61,61,52,37,37,33,33,33,33,23,45,45,38,60,49,69,47,6,0],"gold":170,"neow_bonus":"RANDOM_COMMON_RELIC","is_prod":false,"is_daily":false,"chose_seed":false,"campfire_upgraded":2,"win_rate":0,"timestamp":1551209227,"path_taken":["M","?","M","M","?","R","M","R","T","?","M","R","$","?","R","BOSS","M","M","?"],"build_version":"2019-01-23","purchased_purges":1,"victory":false,"max_hp_per_floor":[75,75,75,75,75,75,75,75,75,75,75,75,75,75,75,75,75,75,75,75],"card_choices":[{"not_picked":["Blizzard","Steam"],"picked":"Hologram","floor":1},{"not_picked":["Coolheaded","Self Repair"],"picked":"Leap","floor":3},{"not_picked":["Redo","Hello World"],"picked":"Loop","floor":4},{"not_picked":["Turbo","Redo"],"picked":"Rip and Tear","floor":7},{"not_picked":["Go for the Eyes","Storm"],"picked":"Coolheaded","floor":11},{"not_picked":["Rainbow","Biased Cognition"],"picked":"Buffer","floor":16},{"not_picked":["Rebound","Barrage"],"picked":"Go for the Eyes","floor":18},{"not_picked":["Redo","Rip and Tear+1"],"picked":"Leap","floor":19}],"player_experience":864670,"relics_obtained":[{"floor":9,"key":"Ancient Tea Set"}],"event_choices":[{"damage_healed":0,"gold_gain":0,"player_choice":"Upgraded","damage_taken":0,"max_hp_gain":0,"max_hp_loss":0,"event_name":"Upgrade Shrine","floor":2,"gold_loss":0,"cards_upgraded":["Zap"]},{"damage_healed":0,"gold_gain":0,"player_choice":"Entered Light","damage_taken":15,"max_hp_gain":0,"max_hp_loss":0,"event_name":"Shining Light","floor":5,"gold_loss":0,"cards_upgraded":["Defend_B","Strike_B"]},{"damage_healed":0,"gold_gain":175,"player_choice":"AGREE","damage_taken":0,"max_hp_gain":0,"max_hp_loss":0,"event_name":"Liars Game","floor":10,"gold_loss":0,"cards_obtained":["Doubt"]},{"cards_removed":["Strike_B"],"damage_healed":0,"gold_gain":0,"player_choice":"Card Removal","damage_taken":7,"max_hp_gain":0,"max_hp_loss":0,"event_name":"Golden Wing","floor":14,"gold_loss":0},{"damage_healed":0,"gold_gain":0,"player_choice":"Fight","damage_taken":0,"max_hp_gain":0,"max_hp_loss":0,"event_name":"Colosseum","floor":20,"gold_loss":0}],"is_beta":false,"boss_relics":[{"not_picked":["Fusion Hammer","Runic Dome"],"picked":"Astrolabe"}],"items_purged_floors":[13],"is_endless":false,"potions_floor_spawned":[1,7,18],"killed_by":"Colosseum Slavers","ascension_level":12}