{"gold_per_floor":[109,109,57,232,252,252,283,283,306,324,334,352,9,28,28,28],"floor_reached":16,"playtime":606,"items_purged":[],"score":153,"play_id":"65330e92-8b27-451f-ad8f-27b20b583614","local_time":"20180806192237","is_ascension_mode":true,"campfire_choices":[{"floor":6,"key":"REST"},{"data":"Anger","floor":8,"key":"SMITH"},{"floor":15,"key":"REST"}],"neow_cost":"NONE","seed_source_timestamp":1333584109359792,"circlet_count":0,"master_deck":["Strike_R","Strike_R","Strike_R","Strike_R","Strike_R","Defend_R","Defend_R","Defend_R","Defend_R","Bash+1","AscendersBane","Doubt","Battle Trance","Anger+1","Whirlwind","Inflame","Thunderclap","Shockwave"],"relics":["Burning Blood","Ancient Tea Set","Blood Vial","Dream Catcher","Turnip"],"potions_floor_usage":[7,7,11],"damage_taken":[{"damage":18,"enemies":"Cultist","floor":1,"turns":6},{"damage":18,"enemies":"Jaw Worm","floor":5,"turns":4},{"damage":20,"enemies":"Gremlin Nob","floor":7,"turns":4},{"damage":1,"enemies":"2 Louse","floor":10,"turns":3},{"damage":22,"enemies":"Exordium Wildlife","floor":11,"turns":2},{"damage":0,"enemies":"Lots of Slimes","floor":12,"turns":1},{"damage":36,"enemies":"Exordium Thugs","floor":14,"turns":6},{"damage":61,"enemies":"The Guardian","floor":16,"turns":12}],"seed_played":"5609760216954889769","potions_obtained":[{"floor":1,"key":"Poison Potion"},{"floor":10,"key":"Energy Potion"}],"is_trial":false,"path_per_floor":["M","?","$","?","M","R","E","R","T","M","M","M","$","M","R"],"character_chosen":"IRONCLAD","items_purchased":["SteroidPotion","Turnip","SteroidPotion"],"campfire_rested":2,"item_purchase_floors":[3,13,13],"current_hp_per_floor":[60,60,60,60,48,72,58,58,58,65,51,59,59,31,55,0],"gold":28,"neow_bonus":"RANDOM_COMMON_RELIC","is_prod":false,"is_daily":false,"chose_seed":false,"campfire_upgraded":1,"win_rate":0,"timestamp":1533579757,"path_taken":["M","?","$","?","?","R","E","R","T","M","M","?","$","?","R","BOSS"],"build_version":"2018-08-02","purchased_purges":0,"victory":false,"max_hp_per_floor":[80,80,80,80,80,80,80,80,80,80,80,80,80,80,80,80],"card_choices":[{"not_picked":["Combust","Clash","Fire Breathing"],"picked":"SKIP","floor":1},{"not_picked":["Body Slam","Reckless Charge"],"picked":"Battle Trance","floor":5},{"not_picked":["Second Wind","Warcry"],"picked":"Anger","floor":7},{"not_picked":["Clash","Battle Trance"],"picked":"Whirlwind","floor":10},{"not_picked":["Rampage","Fire Breathing"],"picked":"Inflame","floor":11},{"not_picked":["Cleave","Sever Soul"],"picked":"Thunderclap","floor":12},{"not_picked":["Headbutt","Wild Strike"],"picked":"Shockwave","floor":14}],"player_experience":544545,"relics_obtained":[{"floor":7,"key":"Blood Vial"},{"floor":9,"key":"Dream Catcher"}],"event_choices":[{"event_name":"Accursed Blacksmith","player_choice":"Forge","floor":2,"damage_taken":0},{"event_name":"Liars Game","player_choice":"agreed","floor":4,"damage_taken":0}],"is_beta":false,"boss_relics":[],"items_purged_floors":[],"is_endless":false,"potions_floor_spawned":[1,10],"killed_by":"The Guardian","ascension_level":10}