{"gold_per_floor":[109,109,119,138,63,63,63,63,63,63,81,81,111,123,123,200,200,215,164,182,182,193,193,193,204,204,204,41,74,74,94,94,170,170,182,182,182,195,195,195,195,95,95,53,70,81,26,36,36,36],"floor_reached":51,"playtime":6533,"items_purged":["Strike_G","Survivor"],"score":1369,"play_id":"74b145a1-4165-4e7e-bc24-6769f062f0ac","local_time":"20191004212217","is_ascension_mode":true,"campfire_choices":[{"data":"Neutralize","floor":6.0,"key":"SMITH"},{"data":"Dagger Spray","floor":8.0,"key":"SMITH"},{"data":"Leg Sweep","floor":12.0,"key":"SMITH"},{"floor":15.0,"key":"REST"},{"data":"Outmaneuver","floor":23.0,"key":"SMITH"},{"floor":27.0,"key":"REST"},{"data":"Dash","floor":30.0,"key":"SMITH"},{"floor":32.0,"key":"REST"},{"data":"Backflip","floor":40,"key":"SMITH"},{"data":"Footwork","floor":49,"key":"SMITH"}],"neow_cost":"NONE","seed_source_timestamp":45510192484465,"circlet_count":0,"master_deck":["AscendersBane","Neutralize+1","Backflip+1","Leg Sweep+1","Leg Sweep+1","Dagger Spray+1","Tools of the Trade","Noxious Fumes+1","Backflip+1","Dash","Outmaneuver+1","Dash+1","Catalyst","Madness","Madness","Prepared+1","Footwork+1","Tactician+1","Acrobatics+1"],"special_seed":0,"relics":["Ring of the Serpent","NeowsBlessing","Lantern","Snake Skull","Pandora\u0027s Box","Nilry\u0027s Codex","Anchor","War Paint","Mummified Hand","Bottled Lightning","Regal Pillow"],"potions_floor_usage":[38,45,50,50],"damage_taken":[{"damage":0.0,"enemies":"Small Slimes","floor":1.0,"turns":1.0},{"damage":0.0,"enemies":"Cultist","floor":3.0,"turns":1.0},{"damage":0.0,"enemies":"Jaw Worm","floor":4.0,"turns":1.0},{"damage":6.0,"enemies":"Exordium Wildlife","floor":11.0,"turns":12.0},{"damage":48.0,"enemies":"Gremlin Nob","floor":13.0,"turns":8.0},{"damage":0.0,"enemies":"3 Louse","floor":14.0,"turns":3.0},{"damage":21.0,"enemies":"Hexaghost","floor":16.0,"turns":19.0},{"damage":9.0,"enemies":"2 Thieves","floor":18.0,"turns":4.0},{"damage":0.0,"enemies":"Spheric Guardian","floor":20.0,"turns":6.0},{"damage":0.0,"enemies":"Snecko","floor":22.0,"turns":6.0},{"damage":2.0,"enemies":"Chosen and Byrds","floor":25.0,"turns":5.0},{"damage":29.0,"enemies":"Slavers","floor":29.0,"turns":6.0},{"damage":2.0,"enemies":"Snake Plant","floor":31.0,"turns":4.0},{"damage":0.0,"enemies":"Automaton","floor":33.0,"turns":12.0},{"damage":5,"enemies":"Orb Walker","floor":35,"turns":3},{"damage":0,"enemies":"3 Shapes","floor":38,"turns":6},{"damage":0,"enemies":"3 Darklings","floor":45,"turns":6},{"damage":0,"enemies":"Writhing Mass","floor":46,"turns":8},{"damage":2,"enemies":"Transient","floor":48,"turns":6},{"damage":0,"enemies":"Awakened One","floor":50,"turns":15}],"seed_played":"-8044969210102695620","potions_obtained":[{"floor":2.0,"key":"EssenceOfSteel"},{"floor":2.0,"key":"Energy Potion"},{"floor":14.0,"key":"GhostInAJar"},{"floor":25.0,"key":"Dexterity Potion"},{"floor":33.0,"key":"GhostInAJar"},{"floor":38,"key":"Block Potion"}],"is_trial":false,"path_per_floor":["M","?","M","M","$","R","?","R","T","$","M","R","E","M","R","B",null,"M","$","M","$","M","R","?","M","T","R","$","E","R","M","R","B",null,"M","?","?","M","?","R","T","$","T","$","M","M","$","M","R","B",null],"character_chosen":"THE_SILENT","items_purchased":["Backflip","War Paint","Footwork","SkillPotion"],"campfire_rested":3,"item_purchase_floors":[19,28,44,47],"current_hp_per_floor":[59,59,59,59,59,59,59,59,59,59,53,53,5,5,24,3,50,41,41,41,41,41,41,20,18,18,37,37,8,8,6,25,25,56,51,51,39,39,39,39,39,39,39,39,39,39,39,37,37,37],"gold":36,"neow_bonus":"THREE_ENEMY_KILL","is_prod":false,"is_daily":false,"chose_seed":false,"campfire_upgraded":7,"win_rate":0,"timestamp":1570249337,"path_taken":["M","?","?","M","$","R","?","R","T","?","M","R","E","M","R","BOSS","M","?","M","$","M","R","?","M","T","R","?","E","R","M","R","BOSS","M","?","?","M","?","R","?","?","T","$","M","M","$","M","R","BOSS"],"build_version":"2019-07-17","purchased_purges":2,"victory":true,"max_hp_per_floor":[66,66,66,66,66,66,66,66,66,66,66,66,66,66,66,66,66,66,66,66,66,66,66,66,66,66,66,66,66,66,66,66,66,66,66,66,66,66,66,66,66,66,66,66,66,66,66,66,66,66],"card_choices":[{"not_picked":["Quick Slash","Infinite Blades"],"picked":"Backflip","floor":1.0},{"not_picked":["Outmaneuver","Bane"],"picked":"Leg Sweep","floor":3.0},{"not_picked":["Tactician","Underhanded Strike"],"picked":"Leg Sweep","floor":4.0},{"not_picked":["Deadly Poison","Slice","Reflex"],"picked":"SKIP","floor":11.0},{"not_picked":["PiercingWail","Setup"],"picked":"Caltrops","floor":13.0},{"not_picked":["Eviscerate","Underhanded Strike","Flechettes"],"picked":"SKIP","floor":14.0},{"not_picked":["Wraith Form v2","Doppelganger"],"picked":"Tools of the Trade","floor":16.0},{"not_picked":["Cloak And Dagger","Prepared"],"picked":"Noxious Fumes+1","floor":18.0},{"not_picked":["Distraction","Eviscerate"],"picked":"Dash","floor":20.0},{"not_picked":["Storm of Steel","Bane"],"picked":"Outmaneuver","floor":22.0},{"not_picked":["Dagger Spray","Masterful Stab"],"picked":"Dash","floor":25.0},{"not_picked":["Cloak And Dagger","Outmaneuver+1","Dodge and Roll"],"picked":"SKIP","floor":29.0},{"not_picked":["Accuracy","Outmaneuver","Cloak And Dagger"],"picked":"SKIP","floor":31.0},{"not_picked":["Dodge and Roll","PiercingWail"],"picked":"Catalyst","floor":35},{"not_picked":["Bane","PiercingWail"],"picked":"Prepared+1","floor":38},{"not_picked":["Endless Agony+1","Underhanded Strike","Poisoned Stab+1"],"picked":"SKIP","floor":45},{"not_picked":["Dagger Throw","Distraction+1"],"picked":"Tactician+1","floor":46},{"not_picked":["Bullet Time","Poisoned Stab"],"picked":"Acrobatics+1","floor":48}],"player_experience":318837,"relics_obtained":[{"floor":9.0,"key":"Lantern"},{"floor":13.0,"key":"Snake Skull"},{"floor":24.0,"key":"Nilry\u0027s Codex"},{"floor":26.0,"key":"Anchor"},{"floor":29.0,"key":"Mummified Hand"},{"floor":41,"key":"Bottled Lightning"},{"floor":43,"key":"Regal Pillow"}],"event_choices":[{"damage_healed":0.0,"max_hp_gain":0.0,"max_hp_loss":0.0,"gold_gain":0.0,"event_name":"Lab","player_choice":"Got Potions","floor":2.0,"gold_loss":0.0,"damage_taken":0.0},{"damage_healed":0.0,"max_hp_gain":0.0,"max_hp_loss":0.0,"gold_gain":0.0,"cards_transformed":["Strike_G"],"event_name":"Transmorgrifier","player_choice":"Transformed","floor":7.0,"gold_loss":0.0,"damage_taken":0.0,"cards_obtained":["Dagger Spray"]},{"damage_healed":0.0,"max_hp_gain":0.0,"max_hp_loss":0.0,"gold_gain":0.0,"event_name":"Cursed Tome","player_choice":"Obtained Book","floor":24.0,"gold_loss":0.0,"damage_taken":21.0},{"cards_removed":["Caltrops"],"damage_healed":0,"gold_gain":0,"player_choice":"Removed Power","damage_taken":0,"max_hp_gain":0,"max_hp_loss":0,"event_name":"Falling","floor":36,"gold_loss":0},{"damage_healed":0,"gold_gain":0,"player_choice":"Embrace Madness","damage_taken":12,"max_hp_gain":0,"max_hp_loss":0,"event_name":"Winding Halls","floor":37,"gold_loss":0,"cards_obtained":["Madness","Madness"]},{"damage_healed":0,"gold_gain":0,"player_choice":"Ignored","damage_taken":0,"max_hp_gain":0,"max_hp_loss":0,"event_name":"Mysterious Sphere","floor":39,"gold_loss":0}],"is_beta":false,"boss_relics":[{"not_picked":["WristBlade","Orrery"],"picked":"Pandora\u0027s Box"},{"not_picked":["Runic Pyramid","Black Star"],"picked":"Ring of the Serpent"}],"items_purged_floors":[5,42],"is_endless":false,"potions_floor_spawned":[3,14,25,33,35,38],"ascension_level":17}