{"gold_per_floor":[118,118,393,124,141,141,176,176,199,73,93,427,438,454,454,528,528,547,547,566,586,599,599,629,644,644,644,18,50,50,65,65,144,144,160,77,88,34,34,53,53,70,70,70,70,170,170,170,170,170],"floor_reached":51,"playtime":3218,"items_purged":["Regret","Strike_B"],"score":1243,"play_id":"6ce0f3d3-6eb2-46a5-bd50-58f7b6e06fae","local_time":"20181103194358","is_ascension_mode":true,"campfire_choices":[{"data":"Ball Lightning","floor":6,"key":"SMITH"},{"data":"FTL","floor":8,"key":"SMITH"},{"floor":15,"key":"REST"},{"data":"Go for the Eyes","floor":23,"key":"SMITH"},{"data":"Sunder","floor":27,"key":"SMITH"},{"floor":30,"key":"REST"},{"data":"Barrage","floor":32,"key":"SMITH"},{"floor":41,"key":"REST"},{"floor":44,"key":"REST"},{"floor":47,"key":"REST"},{"floor":49,"key":"REST"}],"neow_cost":"NONE","seed_source_timestamp":555671763663263,"circlet_count":0,"master_deck":["AscendersBane","Strike_B","Strike_B","Defend_B","Defend_B","Defend_B","Defend_B","Zap+1","Dualcast+1","BootSequence+1","FTL+1","Ball Lightning+1","Compile Driver","Go for the Eyes+1","Chaos","Glacier","Machine Learning","Cold Snap","Barrage+1","Echo Form","Hologram","Sunder+1","Gash","Coolheaded+1","Cold Snap","Conserve Battery+1","Biased Cognition","Defragment","Consume+1","Conserve Battery+1","Echo Form","Hologram+1","Blind+1"],"relics":["Cracked Core","Bronze Scales","Kunai","War Paint","Old Coin","Runic Pyramid","Art of War","Darkstone Periapt","Calipers","Toxic Egg 2","Lantern","Inserter","Symbiotic Virus","Bird Faced Urn"],"potions_floor_usage":[22,33,33,40,40,50,50],"damage_taken":[{"damage":2,"enemies":"Jaw Worm","floor":1,"turns":4},{"damage":0,"enemies":"Cultist","floor":5,"turns":3},{"damage":16,"enemies":"Gremlin Nob","floor":7,"turns":3},{"damage":0,"enemies":"Small Slimes","floor":11,"turns":2},{"damage":13,"enemies":"Lagavulin","floor":12,"turns":4},{"damage":0,"enemies":"Red Slaver","floor":13,"turns":2},{"damage":0,"enemies":"Gremlin Gang","floor":14,"turns":3},{"damage":14,"enemies":"Hexaghost","floor":16,"turns":9},{"damage":2,"enemies":"Chosen","floor":18,"turns":5},{"damage":0,"enemies":"3 Byrds","floor":20,"turns":3},{"damage":0,"enemies":"Cultist and Chosen","floor":21,"turns":6},{"damage":0,"enemies":"3 Cultists","floor":22,"turns":5},{"damage":10,"enemies":"Gremlin Leader","floor":24,"turns":9},{"damage":9,"enemies":"Snake Plant","floor":25,"turns":4},{"damage":19,"enemies":"Slavers","floor":29,"turns":5},{"damage":0,"enemies":"Chosen and Byrds","floor":31,"turns":6},{"damage":30,"enemies":"Collector","floor":33,"turns":12},{"damage":0,"enemies":"3 Shapes","floor":35,"turns":5},{"damage":21,"enemies":"3 Darklings","floor":37,"turns":6},{"damage":31,"enemies":"Transient","floor":40,"turns":6},{"damage":25,"enemies":"4 Shapes","floor":42,"turns":5},{"damage":0,"enemies":"Mind Bloom Boss Battle","floor":46,"turns":8},{"damage":24,"enemies":"Donu and Deca","floor":50,"turns":14}],"seed_played":"-8712418876591658115","potions_obtained":[{"floor":7,"key":"Dexterity Potion"},{"floor":12,"key":"Swift Potion"},{"floor":22,"key":"SpeedPotion"},{"floor":37,"key":"FearPotion"},{"floor":40,"key":"Weak Potion"},{"floor":42,"key":"AttackPotion"}],"is_trial":false,"path_per_floor":["M","?","?","$","M","R","E","R","T","$","M","E","M","M","R","B",null,"M","?","M","M","M","R","E","M","T","R","$","E","R","M","R","B",null,"M","$","M","$","?","M","R","M","T","R","?","?","R","?","R","B",null],"character_chosen":"DEFECT","items_purchased":["Bronze Scales","Ball Lightning","Go for the Eyes","Calipers","Toxic Egg 2","Coolheaded+1","Consume+1","Block Potion"],"campfire_rested":6,"item_purchase_floors":[4,4,10,28,28,28,36,38],"current_hp_per_floor":[62,62,62,62,62,62,46,46,46,46,46,33,33,33,54,40,63,61,61,61,61,61,61,51,42,42,42,42,23,44,44,44,14,57,57,57,36,36,36,5,26,1,1,22,22,22,43,43,64,48],"gold":170,"neow_bonus":"TRANSFORM_CARD","is_prod":false,"is_daily":false,"chose_seed":false,"campfire_upgraded":5,"win_rate":0,"timestamp":1541274238,"path_taken":["M","?","?","$","M","R","E","R","T","$","M","E","?","?","R","BOSS","M","?","?","M","M","R","E","M","T","R","$","E","R","?","R","BOSS","M","$","M","$","?","?","R","M","T","R","?","?","R","?","R","BOSS"],"build_version":"2018-11-01","purchased_purges":2,"victory":true,"max_hp_per_floor":[71,71,71,71,71,71,71,71,71,71,71,71,71,71,71,71,71,71,71,71,71,71,71,71,71,71,71,71,71,71,71,71,71,71,71,71,71,71,71,71,71,71,71,71,71,71,71,71,71,71],"card_choices":[{"not_picked":["Redo","Reinforced Body"],"picked":"FTL","floor":1},{"not_picked":["Scrape","Hello World"],"picked":"Compile Driver","floor":5},{"not_picked":["Rebound","Steam Power","Compile Driver"],"picked":"SKIP","floor":7},{"not_picked":["Chaos","Turbo"],"picked":"Beam Cell","floor":11},{"not_picked":["Meteor Strike","Turbo","Blizzard"],"picked":"SKIP","floor":12},{"not_picked":["Redo","BootSequence"],"picked":"Chaos","floor":13},{"not_picked":["Barrage","White Noise"],"picked":"Glacier","floor":14},{"not_picked":["Thunder Strike","Core Surge"],"picked":"Machine Learning","floor":16},{"not_picked":["Gash","Rip and Tear"],"picked":"Cold Snap","floor":18},{"not_picked":["Steam","Go for the Eyes"],"picked":"Barrage","floor":20},{"not_picked":["Force Field","Turbo+1"],"picked":"Echo Form","floor":21},{"not_picked":["Go for the Eyes","Barrage"],"picked":"Hologram","floor":22},{"not_picked":["Redo","Reinforced Body"],"picked":"Sunder","floor":24},{"not_picked":["Streamline","Hologram"],"picked":"Gash","floor":25},{"not_picked":["Rebound","Storm"],"picked":"Cold Snap","floor":29},{"not_picked":["Go for the Eyes","Recycle+1"],"picked":"Conserve Battery+1","floor":31},{"not_picked":["Seek+1","Hyperbeam"],"picked":"Biased Cognition","floor":33},{"not_picked":["Loop","Leap+1"],"picked":"Defragment","floor":35},{"not_picked":["Blizzard","Turbo+1"],"picked":"Conserve Battery+1","floor":37},{"not_picked":["Steam Power+1","Redo+1"],"picked":"Hologram+1","floor":40},{"not_picked":["Redo+1","Rebound","Sweeping Beam"],"picked":"SKIP","floor":42},{"not_picked":["Finesse+1","Master of Strategy+1"],"picked":"Blind+1","floor":48}],"player_experience":960619,"relics_obtained":[{"floor":7,"key":"Kunai"},{"floor":9,"key":"War Paint"},{"floor":12,"key":"Old Coin"},{"floor":24,"key":"Art of War"},{"floor":26,"key":"Darkstone Periapt"},{"floor":29,"key":"Lantern"},{"floor":43,"key":"Symbiotic Virus"},{"floor":46,"key":"Bird Faced Urn"}],"event_choices":[{"damage_healed":0,"gold_gain":0,"player_choice":"Grow","damage_taken":0,"max_hp_gain":0,"max_hp_loss":0,"event_name":"Living Wall","floor":2,"gold_loss":0,"cards_upgraded":["Zap"]},{"damage_healed":0,"gold_gain":275,"player_choice":"Desecrate","damage_taken":0,"max_hp_gain":0,"max_hp_loss":0,"event_name":"Golden Shrine","floor":3,"gold_loss":0,"cards_obtained":["Regret"]},{"damage_healed":0,"gold_gain":0,"player_choice":"0 cards matched","damage_taken":0,"max_hp_gain":0,"max_hp_loss":0,"event_name":"Match and Keep!","floor":19,"gold_loss":0,"cards_obtained":[]},{"damage_healed":0,"gold_gain":0,"player_choice":"Copied","damage_taken":0,"max_hp_gain":0,"max_hp_loss":0,"event_name":"Duplicator","floor":39,"gold_loss":0,"cards_obtained":["Echo Form"]},{"cards_removed":["Beam Cell"],"damage_healed":0,"gold_gain":0,"player_choice":"Removed Attack","damage_taken":0,"max_hp_gain":0,"max_hp_loss":0,"event_name":"Falling","floor":45,"gold_loss":0},{"damage_healed":0,"gold_gain":0,"player_choice":"Fight","damage_taken":0,"max_hp_gain":0,"max_hp_loss":0,"event_name":"MindBloom","floor":46,"gold_loss":0},{"damage_healed":0,"gold_gain":0,"player_choice":"Memory 1","damage_taken":0,"max_hp_gain":0,"max_hp_loss":0,"event_name":"SensoryStone","floor":48,"gold_loss":0}],"is_beta":false,"boss_relics":[{"not_picked":["Coffee Dripper","Pandora\u0027s Box"],"picked":"Runic Pyramid"},{"not_picked":["Empty Cage","Fusion Hammer"],"picked":"Inserter"}],"items_purged_floors":[4,10],"is_endless":false,"potions_floor_spawned":[7,12,13,14,22,25,29,37,40,42,46],"ascension_level":17}