{"path_per_floor":["M","M","?","?","$","E","R","?","T","M","?","$","R","M","R","B",null,"M","M","?","M","M","R","$","R","T","R","?","R","M","?","R"],"character_chosen":"IRONCLAD","items_purchased":["Offering","Whirlwind","Energy Potion"],"gold_per_floor":[119,132,307,307,232,261,261,261,261,276,276,20,20,36,36,135,135,145,163,163,177,197,197,78,78,108,108,108,108,122,122,122],"floor_reached":33,"campfire_rested":2,"playtime":2372,"current_hp_per_floor":[80,80,80,64,64,32,32,25,25,32,32,32,32,33,33,37,80,75,56,56,24,16,16,16,40,40,40,25,50,35,63,63],"items_purged":["Doubt","Strike_R"],"gold":122,"play_id":"75fc1c7d-0ac3-4055-9b5f-f8311c9e6a68","is_prod":false,"is_daily":false,"is_ascension_mode":true,"campfire_upgraded":6,"path_taken":["M","M","?","?","$","E","R","?","T","M","?","$","R","M","R","BOSS","M","M","?","M","M","R","?","R","T","R","?","R","M","?","R","BOSS"],"build_version":"2018-01-25-PROD3","purchased_purges":3,"victory":false,"master_deck":["Strike_R","Strike_R+1","Defend_R","Defend_R","Defend_R","Bash+1","Second Wind+1","Thunderclap+1","Metallicize+1","Rampage+1","Offering+1","Brutality","Flex+1","Iron Wave+1","Whirlwind+1"],"max_hp_per_floor":[80,80,80,80,80,80,80,80,80,80,80,80,80,80,80,80,80,80,80,80,80,80,80,80,80,80,80,85,85,85,85,85],"relics":["Burning Blood","Matryoshka","Vajra","Blood Vial","Sozu","Tiny Chest","Du-Vu Doll"],"card_choices":[{"not_picked":["Havoc","Armaments"],"picked":"Second Wind"},{"not_picked":["Clash","True Grit"],"picked":"Thunderclap"},{"not_picked":["Anger","Flex"],"picked":"Metallicize"},{"not_picked":["Warcry","Reckless Charge"],"picked":"Rampage"},{"not_picked":["Bludgeon","Limit Break"],"picked":"Brutality"},{"not_picked":["Wild Strike","Headbutt"],"picked":"Flex"},{"not_picked":["Wild Strike","Headbutt"],"picked":"Iron Wave"}],"player_experience":126417,"potions_floor_usage":[],"damage_taken":[{"damage":1.0,"enemies":"Cultist","floor":1.0,"turns":3.0},{"damage":4.0,"enemies":"Small Slimes","floor":2.0,"turns":3.0},{"damage":50.0,"enemies":"Lagavulin","floor":6.0,"turns":6.0},{"damage":1.0,"enemies":"2 Louse","floor":10.0,"turns":2.0},{"damage":7.0,"enemies":"Large Slime","floor":14.0,"turns":3.0},{"damage":4.0,"enemies":"Slime Boss","floor":16.0,"turns":5.0},{"damage":11.0,"enemies":"3 Byrds","floor":18.0,"turns":4.0},{"damage":27.0,"enemies":"Chosen","floor":19.0,"turns":4.0},{"damage":40,"enemies":"Centurion and Healer","floor":21,"turns":4},{"damage":16,"enemies":"Sentry and Sphere","floor":22,"turns":5},{"damage":23,"enemies":"Chosen and Byrds","floor":30,"turns":5},{"damage":65,"enemies":"Champ","floor":33,"turns":8}],"event_choices":[{"event_name":"Liars Game","player_choice":"agreed","floor":3.0,"damage_taken":0.0},{"event_name":"Shining Light","player_choice":"Entered Light","floor":4.0,"damage_taken":0.0},{"event_name":"Golden Wing","player_choice":"Card Removal","floor":8.0,"damage_taken":0.0},{"event_name":"Living Wall","player_choice":"Forget","floor":11.0,"damage_taken":0.0},{"event_name":"Back to Basics","player_choice":"Elegance","floor":20,"damage_taken":0},{"event_name":"Forgotten Altar","player_choice":"Shed Blood","floor":28,"damage_taken":0},{"event_name":"The Library","player_choice":"Heal","floor":31,"damage_taken":0}],"boss_relics":[],"potions_floor_spawned":[1,6,14,18,30],"seed_played":"7111275152988228484","killed_by":"Champ","ascension_level":2,"is_trial":false}