{"gold_per_floor":[15,27,46,46,58,93,93,125,152,46,56,74,74,88,88,186,186,186,186,186,186,126,126,126,126,126,126,51,51],"floor_reached":29,"playtime":1415,"items_purged":[],"score":408,"play_id":"048bf0db-ae7e-4bec-b5a7-390aec697b62","local_time":"20190930191717","is_ascension_mode":true,"campfire_choices":[{"floor":7,"key":"REST"},{"data":"Havoc","floor":13,"key":"SMITH"},{"data":"Corruption","floor":15,"key":"SMITH"},{"data":"Entrench","floor":23,"key":"SMITH"}],"neow_cost":"NO_GOLD","seed_source_timestamp":1677488805366753,"circlet_count":0,"master_deck":["AscendersBane","Strike_R","Strike_R","Defend_R","Defend_R","Defend_R","Defend_R","Bash","Twin Strike","Corruption+1","Anger","Iron Wave","Barricade+1","Feel No Pain","Entrench+1","Iron Wave","Havoc+1","Shrug It Off","Exhume","Inflame","Exhume","Body Slam","Clothesline","Shockwave","Body Slam"],"relics":["Burning Blood","TungstenRod","CaptainsWheel","Art of War","Juzu Bracelet","Ectoplasm","Bag of Marbles","Oddly Smooth Stone"],"potions_floor_usage":[5,12,18,22,27],"damage_taken":[{"damage":1,"enemies":"Jaw Worm","floor":1,"turns":5},{"damage":5,"enemies":"Cultist","floor":2,"turns":3},{"damage":5,"enemies":"2 Louse","floor":3,"turns":4},{"damage":14,"enemies":"Lots of Slimes","floor":5,"turns":5},{"damage":58,"enemies":"Lagavulin","floor":6,"turns":9},{"damage":15,"enemies":"Gremlin Nob","floor":8,"turns":4},{"damage":23,"enemies":"Large Slime","floor":11,"turns":7},{"damage":10,"enemies":"Looter","floor":12,"turns":3},{"damage":6,"enemies":"3 Louse","floor":14,"turns":5},{"damage":19,"enemies":"Hexaghost","floor":16,"turns":12},{"damage":14,"enemies":"Chosen","floor":18,"turns":6},{"damage":27,"enemies":"2 Thieves","floor":22,"turns":4},{"damage":16,"enemies":"Snake Plant","floor":25,"turns":5},{"damage":24,"enemies":"Gremlin Leader","floor":27,"turns":11},{"damage":0,"enemies":"Shelled Parasite and Fungi","floor":29,"turns":1}],"seed_played":"-3901027592604548776","potions_obtained":[{"floor":4,"key":"HeartOfIron"},{"floor":4,"key":"AttackPotion"},{"floor":5,"key":"SpeedPotion"},{"floor":6,"key":"Fire Potion"},{"floor":11,"key":"BloodPotion"},{"floor":16,"key":"AttackPotion"},{"floor":18,"key":"Regen Potion"},{"floor":22,"key":"ElixirPotion"},{"floor":27,"key":"Ancient Potion"}],"is_trial":false,"path_per_floor":["M","M","M","?","M","E","R","E","T","$","M","M","R","M","R","B",null,"M","?","?","?","M","R","?","M","T","E","?","M"],"character_chosen":"IRONCLAD","items_purchased":["Feel No Pain","Entrench"],"campfire_rested":1,"item_purchase_floors":[10,10],"current_hp_per_floor":[77,78,79,79,71,19,43,34,34,34,17,29,29,29,29,16,64,56,56,42,42,35,35,35,25,25,7,7,7],"gold":51,"neow_bonus":"ONE_RARE_RELIC","is_prod":false,"is_daily":false,"chose_seed":false,"campfire_upgraded":3,"win_rate":0,"timestamp":1569885437,"path_taken":["M","M","M","?","M","E","R","E","T","?","M","M","R","M","R","BOSS","M","?","?","?","M","R","?","M","T","E","?","M"],"build_version":"2019-09-27","purchased_purges":0,"victory":false,"max_hp_per_floor":[80,80,80,80,80,80,80,80,80,80,80,80,80,80,80,80,80,80,80,85,85,85,85,85,85,85,85,85,85],"card_choices":[{"not_picked":["Wild Strike","Bloodletting"],"picked":"Twin Strike","floor":1},{"not_picked":["Feel No Pain","Pommel Strike"],"picked":"Corruption","floor":2},{"not_picked":["Flex","Dual Wield"],"picked":"Anger","floor":3},{"not_picked":["Armaments","Rupture","Thunderclap"],"picked":"SKIP","floor":5},{"not_picked":["Body Slam","Dropkick"],"picked":"Iron Wave","floor":6},{"not_picked":["Power Through","Iron Wave"],"picked":"Barricade","floor":8},{"not_picked":["Combust","Thunderclap"],"picked":"Iron Wave","floor":11},{"not_picked":["True Grit","Cleave"],"picked":"Havoc","floor":12},{"not_picked":["Anger","Thunderclap"],"picked":"Shrug It Off","floor":14},{"not_picked":["Limit Break","Double Tap"],"picked":"Exhume","floor":16},{"not_picked":["Shrug It Off","Armaments"],"picked":"Inflame","floor":18},{"not_picked":["Rupture","Wild Strike"],"picked":"Clothesline","floor":22},{"not_picked":["Feed","Havoc+1"],"picked":"Shockwave","floor":25},{"not_picked":["Twin Strike","Clothesline"],"picked":"Body Slam","floor":27}],"player_experience":447334,"relics_obtained":[{"floor":6,"key":"CaptainsWheel"},{"floor":8,"key":"Art of War"},{"floor":9,"key":"Juzu Bracelet"},{"floor":26,"key":"Bag of Marbles"},{"floor":27,"key":"Oddly Smooth Stone"}],"event_choices":[{"damage_healed":0,"gold_gain":0,"player_choice":"Got Potions","damage_taken":0,"max_hp_gain":0,"max_hp_loss":0,"event_name":"Lab","floor":4,"gold_loss":0},{"damage_healed":0,"gold_gain":0,"player_choice":"Forge","damage_taken":0,"max_hp_gain":0,"max_hp_loss":0,"event_name":"Accursed Blacksmith","floor":19,"gold_loss":0,"cards_upgraded":["Barricade"]},{"damage_healed":0,"gold_gain":0,"player_choice":"Shed Blood","damage_taken":20,"max_hp_gain":5,"max_hp_loss":0,"event_name":"Forgotten Altar","floor":20,"gold_loss":0},{"damage_healed":0,"gold_gain":0,"cards_transformed":["Strike_R","Strike_R"],"player_choice":"Became Test Subject","damage_taken":0,"max_hp_gain":0,"max_hp_loss":0,"event_name":"Drug Dealer","floor":21,"gold_loss":0,"cards_obtained":["Exhume","Body Slam"]},{"damage_healed":0,"gold_gain":0,"player_choice":"Ignored","damage_taken":0,"max_hp_gain":0,"max_hp_loss":0,"event_name":"Ghosts","floor":24,"gold_loss":0},{"cards_removed":["Strike_R"],"damage_healed":0,"gold_gain":0,"player_choice":"Gave Gold","damage_taken":0,"max_hp_gain":0,"max_hp_loss":0,"event_name":"Beggar","floor":28,"gold_loss":75}],"is_beta":true,"boss_relics":[{"not_picked":["Empty Cage","Runic Dome"],"picked":"Ectoplasm"}],"items_purged_floors":[],"is_endless":false,"potions_floor_spawned":[5,6,11,16,18,22,27],"killed_by":"Shelled Parasite and Fungi","ascension_level":12}