{"gold_per_floor":[111,130,146,146,156,156,156,187,187,217],"floor_reached":10,"playtime":339,"items_purged":[],"score":122,"play_id":"abc87789-aaf5-4222-8778-a01afbad9d90","local_time":"20190611231853","is_ascension_mode":true,"campfire_choices":[{"data":"Zap","floor":6,"key":"SMITH"}],"neow_cost":"NONE","seed_source_timestamp":20582260623800,"circlet_count":0,"master_deck":["AscendersBane","Strike_B","Strike_B","Strike_B","Defend_B","Defend_B","Defend_B","Defend_B","Zap+1","Dualcast","Melter","Capacitor","Consume","Leap","Coolheaded"],"relics":["Cracked Core","Letter Opener","Peace Pipe","Turnip","Potion Belt"],"potions_floor_usage":[5,10],"damage_taken":[{"damage":0,"enemies":"Cultist","floor":1,"turns":5},{"damage":0,"enemies":"2 Louse","floor":2,"turns":3},{"damage":7,"enemies":"Jaw Worm","floor":3,"turns":4},{"damage":11,"enemies":"Red Slaver","floor":5,"turns":4},{"damage":27,"enemies":"3 Sentries","floor":8,"turns":8},{"damage":22,"enemies":"Gremlin Nob","floor":10,"turns":3}],"seed_played":"-2831502682301347272","potions_obtained":[{"floor":1,"key":"SteroidPotion"},{"floor":3,"key":"SkillPotion"},{"floor":8,"key":"EssenceOfSteel"}],"is_trial":false,"path_per_floor":["M","M","M","?","M","R","?","E","T","?"],"character_chosen":"DEFECT","items_purchased":[],"campfire_rested":0,"item_purchase_floors":[],"current_hp_per_floor":[64,64,57,62,51,51,46,19,19,0],"gold":217,"neow_bonus":"REMOVE_CARD","is_prod":false,"is_daily":false,"chose_seed":false,"campfire_upgraded":1,"win_rate":0,"timestamp":1560287933,"path_taken":["M","?","M","?","M","R","?","E","T","?"],"build_version":"2019-01-23","purchased_purges":0,"victory":false,"max_hp_per_floor":[71,71,71,76,76,76,76,76,76,76],"card_choices":[{"not_picked":["Go for the Eyes","Turbo"],"picked":"Melter","floor":1},{"not_picked":["Fusion","Go for the Eyes"],"picked":"Capacitor","floor":2},{"not_picked":["Hologram","Compile Driver"],"picked":"Consume","floor":3},{"not_picked":["Rebound","Turbo"],"picked":"Leap","floor":5},{"not_picked":["Barrage","FTL"],"picked":"Coolheaded","floor":8}],"player_experience":1304651,"relics_obtained":[{"floor":8,"key":"Peace Pipe"},{"floor":9,"key":"Turnip"}],"event_choices":[{"damage_healed":0,"gold_gain":0,"player_choice":"Donut","damage_taken":0,"max_hp_gain":5,"max_hp_loss":0,"event_name":"Big Fish","floor":4,"gold_loss":0},{"damage_healed":0,"gold_gain":0,"player_choice":"Success","damage_taken":5,"relics_obtained":["Letter Opener"],"max_hp_gain":0,"max_hp_loss":0,"event_name":"Scrap Ooze","floor":7,"gold_loss":0},{"damage_healed":0,"gold_gain":30,"player_choice":"Searched \u00273\u0027 times","damage_taken":0,"relics_obtained":["Potion Belt"],"max_hp_gain":0,"max_hp_loss":0,"event_name":"Dead Adventurer","floor":10,"gold_loss":0}],"is_beta":false,"boss_relics":[],"items_purged_floors":[],"is_endless":false,"potions_floor_spawned":[1,3,8],"killed_by":"Gremlin Nob","ascension_level":16}