{"gold_per_floor":[118,68,79,91,16,16,16,30,79,79,109,123,123,23,23,97,97,111,69,14,25,35,35,35],"floor_reached":24,"playtime":1105,"items_purged":["Strike_G","Strike_G"],"score":386,"play_id":"b022e6a0-b2f2-4316-9233-a241b35b3fba","local_time":"20191005121041","is_ascension_mode":true,"campfire_choices":[{"data":"Sucker Punch","floor":6.0,"key":"SMITH"},{"data":"Noxious Fumes","floor":10.0,"key":"SMITH"},{"data":"Catalyst","floor":13.0,"key":"SMITH"},{"data":"Caltrops","floor":15.0,"key":"SMITH"},{"floor":23,"key":"REST"}],"neow_cost":"NONE","seed_source_timestamp":72408588979585,"circlet_count":0,"master_deck":["AscendersBane","Strike_G+1","Strike_G+1","Defend_G","Defend_G","Defend_G","Defend_G","Defend_G","Survivor","Neutralize","Sucker Punch+1","Caltrops+1","Catalyst+1","Noxious Fumes+1","Leg Sweep","Leg Sweep","Night Terror","Well Laid Plans","Backflip","Dagger Spray"],"special_seed":0,"relics":["Ring of the Snake","PreservedInsect","Whetstone","Strawberry","Lizard Tail"],"potions_floor_usage":[22,22],"damage_taken":[{"damage":0.0,"enemies":"Cultist","floor":1.0,"turns":4.0},{"damage":7.0,"enemies":"Jaw Worm","floor":3.0,"turns":6.0},{"damage":3.0,"enemies":"Small Slimes","floor":4.0,"turns":5.0},{"damage":5.0,"enemies":"Red Slaver","floor":8.0,"turns":5.0},{"damage":15.0,"enemies":"3 Sentries","floor":11.0,"turns":7.0},{"damage":1.0,"enemies":"Blue Slaver","floor":12.0,"turns":6.0},{"damage":26.0,"enemies":"The Guardian","floor":16.0,"turns":10.0},{"damage":0.0,"enemies":"3 Byrds","floor":18.0,"turns":3.0},{"damage":33.0,"enemies":"2 Thieves","floor":19.0,"turns":5.0},{"damage":19.0,"enemies":"Snecko","floor":21.0,"turns":8.0},{"damage":42,"enemies":"3 Cultists","floor":22,"turns":6},{"damage":30,"enemies":"Gremlin Leader","floor":24,"turns":2}],"seed_played":"5111976653238011966","potions_obtained":[{"floor":4.0,"key":"FearPotion"},{"floor":11.0,"key":"EssenceOfSteel"},{"floor":12.0,"key":"AttackPotion"},{"floor":18.0,"key":"EssenceOfSteel"}],"is_trial":false,"path_per_floor":["M","$","M","M","$","R","?","M","T","R","E","M","R","$","R","B",null,"M","M","$","M","M","R","E"],"character_chosen":"THE_SILENT","items_purchased":["Sucker Punch","Backflip"],"campfire_rested":1,"item_purchase_floors":[2,20],"current_hp_per_floor":[59,59,52,49,49,49,49,44,44,44,36,35,35,35,35,9,57,57,24,24,5,8,29,0],"gold":35,"neow_bonus":"RANDOM_COMMON_RELIC","is_prod":false,"is_daily":false,"chose_seed":false,"campfire_upgraded":4,"win_rate":0,"timestamp":1570302641,"path_taken":["M","$","M","M","$","R","?","M","T","R","E","M","R","$","R","BOSS","M","?","$","M","M","R","E"],"build_version":"2019-07-17","purchased_purges":2,"victory":false,"max_hp_per_floor":[66,66,66,66,66,66,66,66,66,66,73,73,73,73,73,73,73,73,73,73,73,73,73,73],"card_choices":[{"not_picked":["Poisoned Stab","Cloak And Dagger","Deadly Poison"],"picked":"SKIP","floor":1.0},{"not_picked":["Slice","Dodge and Roll"],"picked":"Caltrops","floor":3.0},{"not_picked":["Riddle With Holes","Deadly Poison"],"picked":"Catalyst","floor":4.0},{"not_picked":["Acrobatics","Terror"],"picked":"Leg Sweep","floor":8.0},{"not_picked":["Acrobatics","Poisoned Stab"],"picked":"Leg Sweep","floor":11.0},{"not_picked":["Sucker Punch","Noxious Fumes","Flechettes"],"picked":"SKIP","floor":12.0},{"not_picked":["Wraith Form v2","Die Die Die"],"picked":"Night Terror","floor":16.0},{"not_picked":["Concentrate","Dagger Throw","Dodge and Roll"],"picked":"SKIP","floor":18.0},{"not_picked":["Setup+1","Infinite Blades+1"],"picked":"Well Laid Plans","floor":19.0},{"not_picked":["Cloak And Dagger","Skewer","Deadly Poison"],"picked":"SKIP","floor":21.0},{"not_picked":["Reflex","Blade Dance"],"picked":"Dagger Spray","floor":22}],"player_experience":330822,"relics_obtained":[{"floor":9.0,"key":"Whetstone"},{"floor":11.0,"key":"Strawberry"}],"event_choices":[{"damage_healed":0.0,"max_hp_gain":0.0,"max_hp_loss":0.0,"gold_gain":0.0,"cards_transformed":["Strike_G"],"event_name":"Transmorgrifier","player_choice":"Transformed","floor":7.0,"gold_loss":0.0,"damage_taken":0.0,"cards_obtained":["Noxious Fumes"]}],"is_beta":false,"boss_relics":[{"not_picked":["Fusion Hammer","Astrolabe"],"picked":"Lizard Tail"}],"items_purged_floors":[5,14],"is_endless":false,"potions_floor_spawned":[4,11,12,18,21],"killed_by":"Gremlin Leader","ascension_level":19}