{"gold_per_floor":[116,116,116,131,148,148,165,165,241,241,269,16,16,16,16,95,95,110,110,126,24,24],"floor_reached":22,"playtime":764,"items_purged":["Strike_B"],"score":364,"play_id":"922a77d7-dfa2-4aaf-82a7-120ac1b27314","local_time":"20190623225426","is_ascension_mode":true,"campfire_choices":[{"data":"Go for the Eyes","floor":6,"key":"SMITH"},{"data":"Zap","floor":8,"key":"SMITH"},{"data":"Lockon","floor":10,"key":"SMITH"},{"floor":13,"key":"REST"},{"floor":15,"key":"REST"}],"neow_cost":"NONE","seed_source_timestamp":245285736147097,"circlet_count":0,"master_deck":["AscendersBane","Strike_B","Strike_B","Defend_B","Defend_B","Defend_B","Defend_B","Zap+1","Dualcast","Go for the Eyes+1","Lockon+1","Conserve Battery","Gash+1","Ball Lightning","Gash","Biased Cognition+1","Fission","Scrape","Streamline","Defragment","Coolheaded"],"relics":["Cracked Core","Vajra","Question Card","Anchor","Snecko Eye"],"potions_floor_usage":[16,16],"damage_taken":[{"damage":0,"enemies":"Jaw Worm","floor":1,"turns":3},{"damage":7,"enemies":"2 Louse","floor":4,"turns":2},{"damage":0,"enemies":"Cultist","floor":5,"turns":3},{"damage":8,"enemies":"Exordium Thugs","floor":7,"turns":5},{"damage":28,"enemies":"3 Sentries","floor":11,"turns":6},{"damage":30,"enemies":"The Guardian","floor":16,"turns":7},{"damage":19,"enemies":"Spheric Guardian","floor":18,"turns":4},{"damage":21,"enemies":"3 Byrds","floor":20,"turns":4},{"damage":17,"enemies":"Cultist and Chosen","floor":22,"turns":3}],"seed_played":"-6844629908668458393","potions_obtained":[{"floor":5,"key":"Poison Potion"},{"floor":7,"key":"LiquidBronze"}],"is_trial":false,"path_per_floor":["M","?","?","M","M","R","M","R","T","R","E","$","R","?","R","B",null,"M","?","M","$","M"],"character_chosen":"DEFECT","items_purchased":["Biased Cognition","Defragment","Coolheaded"],"campfire_rested":2,"item_purchase_floors":[12,21,21],"current_hp_per_floor":[64,64,64,57,57,57,49,49,49,49,21,21,42,21,42,12,56,37,37,16,16,0],"gold":24,"neow_bonus":"RANDOM_COMMON_RELIC","is_prod":false,"is_daily":false,"chose_seed":false,"campfire_upgraded":3,"win_rate":0,"timestamp":1561326866,"path_taken":["M","?","?","?","M","R","M","R","T","R","E","?","R","?","R","BOSS","M","?","M","$","M"],"build_version":"2019-01-23","purchased_purges":1,"victory":false,"max_hp_per_floor":[71,71,71,71,71,71,71,71,71,71,71,71,71,71,71,71,71,71,71,71,71,71],"card_choices":[{"not_picked":["Auto Shields","Redo"],"picked":"Go for the Eyes","floor":1},{"not_picked":["Reprogram","Turbo"],"picked":"Conserve Battery","floor":4},{"not_picked":["Tempest","Streamline"],"picked":"Gash","floor":5},{"not_picked":["Aggregate","Stack"],"picked":"Ball Lightning","floor":7},{"not_picked":["Reprogram","Turbo","Storm"],"picked":"Gash","floor":11},{"not_picked":["Buffer","Multi-Cast","Amplify"],"picked":"Fission","floor":16},{"not_picked":["Blizzard","Stack+1","Barrage"],"picked":"Scrape","floor":18},{"not_picked":["Ball Lightning","Tempest","Redo"],"picked":"Streamline","floor":20}],"player_experience":1102908,"relics_obtained":[{"floor":9,"key":"Question Card"},{"floor":11,"key":"Anchor"}],"event_choices":[{"damage_healed":0,"gold_gain":0,"player_choice":"Leave","damage_taken":0,"max_hp_gain":0,"max_hp_loss":0,"event_name":"The Cleric","floor":2,"gold_loss":0},{"damage_healed":0,"gold_gain":0,"cards_transformed":["Strike_B"],"player_choice":"Transformed","damage_taken":0,"max_hp_gain":0,"max_hp_loss":0,"event_name":"Transmorgrifier","floor":3,"gold_loss":0,"cards_obtained":["Lockon"]},{"damage_healed":0,"gold_gain":0,"player_choice":"Entered Light","damage_taken":21,"max_hp_gain":0,"max_hp_loss":0,"event_name":"Shining Light","floor":14,"gold_loss":0,"cards_upgraded":["Biased Cognition","Gash"]},{"damage_healed":0,"gold_gain":0,"player_choice":"Ignored","damage_taken":0,"max_hp_gain":0,"max_hp_loss":0,"event_name":"Vampires","floor":19,"gold_loss":0}],"is_beta":false,"boss_relics":[{"not_picked":["Fusion Hammer","Astrolabe"],"picked":"Snecko Eye"}],"items_purged_floors":[12],"is_endless":false,"potions_floor_spawned":[5,7],"killed_by":"Cultist and Chosen","ascension_level":20}