{"path_per_floor":["M","M","M","M","?","R","M","$","T","E","?","R","M","?","R","B",null,"M","$","?","M","M","R","T","M","T","R"],"character_chosen":"IRONCLAD","items_purchased":["Apotheosis","Rage","Secret Weapon"],"gold_per_floor":[119,139,153,167,235,235,247,35,61,93,43,43,56,131,131,233,233,251,38,0,18,32,32,59,75,102,102,102],"floor_reached":28,"campfire_rested":1,"playtime":1391,"current_hp_per_floor":[80,80,80,74,74,74,74,74,74,73,73,73,69,58,80,41,80,62,62,62,68,66,66,66,42,42,42,0],"items_purged":[],"gold":102,"score":220,"play_id":"c5887930-3bc8-4756-870c-40542c96029d","local_time":"20180521173310","is_prod":false,"is_daily":false,"chose_seed":false,"is_ascension_mode":false,"campfire_upgraded":4,"timestamp":1526920390,"campfire_choices":[{"data":"Bash","floor":6,"key":"SMITH"},{"data":"True Grit","floor":12,"key":"SMITH"},{"floor":15,"key":"REST"},{"data":"Apotheosis","floor":23,"key":"SMITH"},{"data":"Wild Strike","floor":27,"key":"SMITH"}],"path_taken":["M","M","M","M","?","R","M","$","T","E","?","R","M","?","R","BOSS","M","$","?","?","M","R","?","M","T","R","E"],"build_version":"2018-05-17","seed_source_timestamp":0,"purchased_purges":0,"victory":false,"master_deck":["Strike_R","Strike_R","Strike_R","Strike_R","Defend_R","Defend_R","Defend_R","Defend_R","Bash+1","Headbutt","Clothesline","Burning Pact","Sever Soul","Apotheosis+1","True Grit+1","Juggernaut","Rage","Secret Weapon","Wild Strike+1"],"max_hp_per_floor":[80,80,80,80,80,80,80,80,80,80,80,80,80,80,80,80,80,80,80,80,80,85,85,85,85,85,85,85],"relics":["Burning Blood","Happy Flower","Omamori","Mark of Pain","Ancient Tea Set","Regal Pillow"],"card_choices":[{"not_picked":["Flame Barrier","Power Through"],"picked":"Headbutt","floor":1},{"not_picked":["Twin Strike","Warcry"],"picked":"Clothesline","floor":2},{"not_picked":["Limit Break","Armaments"],"picked":"Burning Pact","floor":3},{"not_picked":["Pummel","Bloodletting","Rupture"],"picked":"SKIP","floor":4},{"not_picked":["Burning Pact","Sword Boomerang"],"picked":"Sever Soul","floor":7},{"not_picked":["Infernal Blade","Warcry"],"picked":"True Grit","floor":10},{"not_picked":["Headbutt","Sword Boomerang","Rampage"],"picked":"SKIP","floor":13},{"not_picked":["Limit Break","Exhume"],"picked":"Juggernaut","floor":16},{"not_picked":["Anger","Pummel","Burning Pact"],"picked":"SKIP","floor":18},{"not_picked":["Dropkick+1","Anger","Perfected Strike+1"],"picked":"SKIP","floor":21},{"not_picked":["Iron Wave","Flex+1","Heavy Blade+1"],"picked":"SKIP","floor":22},{"not_picked":["Cleave","Pummel+1"],"picked":"Wild Strike","floor":25}],"player_experience":381935,"potions_floor_usage":[10,16,22,25,28],"damage_taken":[{"damage":3.0,"enemies":"Small Slimes","floor":1.0,"turns":3.0},{"damage":6,"enemies":"Jaw Worm","floor":2,"turns":3},{"damage":0,"enemies":"Large Slime","floor":3,"turns":6},{"damage":12,"enemies":"Blue Slaver","floor":4,"turns":4},{"damage":6,"enemies":"3 Louse","floor":7,"turns":3},{"damage":7,"enemies":"Gremlin Nob","floor":10,"turns":4},{"damage":10,"enemies":"2 Fungi Beasts","floor":13,"turns":3},{"damage":45,"enemies":"Slime Boss","floor":16,"turns":11},{"damage":24,"enemies":"2 Thieves","floor":18,"turns":5},{"damage":0,"enemies":"Chosen","floor":21,"turns":4},{"damage":13,"enemies":"Snecko","floor":22,"turns":5},{"damage":30,"enemies":"3 Cultists","floor":25,"turns":6},{"damage":54,"enemies":"Slavers","floor":28,"turns":5}],"relics_obtained":[{"floor":9,"key":"Happy Flower"},{"floor":10,"key":"Omamori"},{"floor":24,"key":"Ancient Tea Set"},{"floor":26,"key":"Regal Pillow"}],"event_choices":[{"event_name":"Golden Wing","player_choice":"Gained Gold","floor":5,"damage_taken":0},{"event_name":"The Cleric","player_choice":"Card Removal","floor":11,"damage_taken":0},{"event_name":"World of Goop","player_choice":"Gather Gold","floor":14,"damage_taken":0},{"event_name":"Masked Bandits","player_choice":"Paid Bandits 38 gold","floor":20,"damage_taken":0}],"boss_relics":[{"not_picked":["Runic Dome","Calling Bell"],"picked":"Mark of Pain"}],"potions_floor_spawned":[1,2,4,7,13,18,25],"seed_played":"-4744136454547973543","killed_by":"Slavers","ascension_level":0,"potions_obtained":[{"floor":1,"key":"Swift Potion"},{"floor":2,"key":"Block Potion"},{"floor":4,"key":"BloodPotion"},{"floor":13,"key":"FearPotion"},{"floor":18,"key":"Fruit Juice"},{"floor":25,"key":"FearPotion"}],"is_trial":false}