{"gold_per_floor":[118,136,156,168,179,179,209,238,238,238,252,266,279,306,306,411,411,425,443,454,120,120,120,45,60,60,75,91,111,31,31,31,127,127,137,137,137,63,63,63,77,77,103,127,139,151,178,207,219,231],"floor_reached":51,"playtime":3293,"items_purged":["Strike_B"],"score":857,"play_id":"533e2bf4-5620-4e64-9d1f-d7f32b5f1de0","local_time":"20180816201248","is_ascension_mode":true,"campfire_choices":[{"data":"Core Surge","floor":6,"key":"SMITH"},{"data":"Strike_B","floor":10,"key":"PURGE"},{"data":"White Noise","floor":15,"key":"SMITH"},{"data":"Defragment","floor":23,"key":"SMITH"},{"data":"Streamline","floor":32,"key":"SMITH"},{"data":"Writhe","floor":40,"key":"PURGE"},{"data":"Capacitor","floor":42,"key":"SMITH"},{"data":"Defragment","floor":49,"key":"SMITH"}],"neow_cost":"TEN_PERCENT_HP_LOSS","seed_source_timestamp":4169905632689,"circlet_count":0,"master_deck":["Strike_B+1","Defend_B+1","Defend_B+1","Defend_B+1","Defend_B+1","Zap","Dualcast","White Noise+1","FTL","Steam","Streamline+1","Core Surge+1","Compile Driver","Conserve Battery","Core Surge+1","Darkness","Barrage+1","Defragment+1","Stack+1","Hologram+1","BootSequence","Glacier","Barrage+1","Madness","Capacitor+1","White Noise+1","Consume+1","Defragment+1","Glacier+1"],"relics":["FrozenCore","Peace Pipe","Dream Catcher","Meat on the Bone","Symbiotic Virus","Coffee Dripper","HandDrill","Whetstone","MawBank"],"potions_floor_usage":[14,16,19,27,33,45,50,50],"damage_taken":[{"damage":0,"enemies":"Cultist","floor":1,"turns":3},{"damage":0,"enemies":"Small Slimes","floor":2,"turns":3},{"damage":1,"enemies":"Jaw Worm","floor":3,"turns":4},{"damage":0,"enemies":"Gremlin Gang","floor":4,"turns":5},{"damage":6,"enemies":"Looter","floor":5,"turns":3},{"damage":10,"enemies":"Lagavulin","floor":8,"turns":5},{"damage":8,"enemies":"Blue Slaver","floor":11,"turns":3},{"damage":0,"enemies":"Exordium Wildlife","floor":12,"turns":2},{"damage":12,"enemies":"Looter","floor":13,"turns":3},{"damage":16,"enemies":"Gremlin Nob","floor":14,"turns":3},{"damage":22,"enemies":"The Guardian","floor":16,"turns":8},{"damage":0,"enemies":"Spheric Guardian","floor":18,"turns":3},{"damage":20,"enemies":"2 Thieves","floor":19,"turns":4},{"damage":31,"enemies":"Centurion and Healer","floor":20,"turns":5},{"damage":13,"enemies":"Snake Plant","floor":25,"turns":3},{"damage":6,"enemies":"Sentry and Sphere","floor":27,"turns":3},{"damage":5,"enemies":"Centurion and Healer","floor":28,"turns":5},{"damage":0,"enemies":"Cultist and Chosen","floor":29,"turns":4},{"damage":8,"enemies":"Automaton","floor":33,"turns":8},{"damage":6,"enemies":"Flame Bruiser 1 Orb","floor":35,"turns":6},{"damage":30,"enemies":"3 Darklings","floor":41,"turns":5},{"damage":12,"enemies":"Flame Bruiser 2 Orb","floor":44,"turns":6},{"damage":3,"floor":45,"turns":5},{"damage":0,"enemies":"Spire Growth","floor":47,"turns":6},{"damage":1,"enemies":"4 Shapes","floor":48,"turns":7},{"damage":45,"enemies":"Time Eater","floor":50,"turns":24}],"seed_played":"842807903319216988","potions_obtained":[{"floor":3,"key":"FocusPotion"},{"floor":11,"key":"SteroidPotion"},{"floor":12,"key":"GamblersBrew"},{"floor":14,"key":"SneckoOil"},{"floor":16,"key":"PowerPotion"},{"floor":20,"key":"Strength Potion"},{"floor":25,"key":"Explosive Potion"},{"floor":27,"key":"Explosive Potion"},{"floor":33,"key":"PowerPotion"},{"floor":35,"key":"Weak Potion"},{"floor":44,"key":"Regen Potion"},{"floor":47,"key":"SkillPotion"}],"is_trial":false,"path_per_floor":["M","M","M","M","M","R","?","E","T","R","M","M","M","E","R","B",null,"M","M","M","$","?","R","?","M","T","M","M","M","$","?","R","B",null,"M","$","?","$","?","R","M","R","T","M","?","?","M","M","R","B"],"character_chosen":"DEFECT","items_purchased":["Defragment","HandDrill","Glacier","Capacitor"],"campfire_rested":0,"item_purchase_floors":[21,21,30,38],"current_hp_per_floor":[68,68,67,67,61,61,61,51,51,51,43,43,43,39,39,29,58,58,38,19,19,19,19,19,18,18,24,38,38,38,38,38,42,62,56,56,56,56,68,68,38,38,38,45,42,42,49,48,48,30],"gold":243,"neow_bonus":"ONE_RARE_RELIC","is_prod":false,"is_daily":false,"chose_seed":false,"campfire_upgraded":6,"win_rate":0,"timestamp":1534446768,"path_taken":["M","M","M","?","M","R","?","E","T","R","M","M","M","E","R","BOSS","M","M","M","$","?","R","?","M","T","M","?","M","$","?","R","BOSS","M","$","?","$","?","R","M","R","T","?","?","?","?","M","R","BOSS"],"build_version":"2018-08-09","purchased_purges":1,"victory":true,"max_hp_per_floor":[68,68,68,68,68,68,68,68,68,68,68,68,68,68,68,68,68,68,68,68,68,68,68,68,68,68,68,68,68,68,68,68,68,68,68,68,68,68,68,68,68,68,68,68,68,68,68,68,68,68],"card_choices":[{"not_picked":["Rebound","Beam Cell"],"picked":"White Noise","floor":1},{"not_picked":["Cold Snap","Beam Cell"],"picked":"FTL","floor":2},{"not_picked":["Compile Driver","Ball Lightning"],"picked":"Steam","floor":3},{"not_picked":["Turbo","Cold Snap"],"picked":"Streamline","floor":4},{"not_picked":["Compile Driver","Stack"],"picked":"Core Surge","floor":5},{"not_picked":["Heatsinks","Hyperbeam","Streamline"],"picked":"SKIP","floor":8},{"not_picked":["Stack","Hologram"],"picked":"Compile Driver","floor":11},{"not_picked":["Undo","Lockon","Sunder"],"picked":"SKIP","floor":12},{"not_picked":["Turbo","Redo","Undo"],"picked":"SKIP","floor":13},{"not_picked":["Machine Learning","Cold Snap"],"picked":"Conserve Battery","floor":14},{"not_picked":["Fission","Hyperbeam"],"picked":"Core Surge","floor":16},{"not_picked":["Hologram","Rebound","Steam"],"picked":"SKIP","floor":18},{"not_picked":["Auto Shields","Cold Snap"],"picked":"Darkness","floor":19},{"not_picked":["Steam","Cold Snap"],"picked":"Barrage+1","floor":20},{"not_picked":["FTL","Reboot"],"picked":"Stack+1","floor":25},{"not_picked":["Genetic Algorithm","Loop"],"picked":"Hologram+1","floor":27},{"not_picked":["Turbo","Compile Driver"],"picked":"BootSequence","floor":28},{"not_picked":["Barrage","Rebound","Beam Cell"],"picked":"SKIP","floor":29},{"not_picked":["Barrage","Rebound","Beam Cell"],"picked":"SKIP","floor":29},{"not_picked":["Steam Power","Cold Snap"],"picked":"Barrage+1","floor":35},{"not_picked":["Purity","Enlightenment"],"picked":"Madness","floor":37},{"not_picked":["Redo+1","Conserve Battery"],"picked":"White Noise+1","floor":41},{"not_picked":["Tempest+1","Conserve Battery"],"picked":"Consume+1","floor":44},{"not_picked":["Hello World+1","Go for the Eyes"],"picked":"Defragment","floor":45},{"not_picked":["Heatsinks","Darkness+1"],"picked":"Glacier+1","floor":47},{"not_picked":["Hologram+1","Barrage","Sweeping Beam+1"],"picked":"SKIP","floor":48}],"player_experience":578805,"relics_obtained":[{"floor":8,"key":"Dream Catcher"},{"floor":9,"key":"Meat on the Bone"},{"floor":14,"key":"Symbiotic Virus"},{"floor":26,"key":"Whetstone"},{"floor":43,"key":"MawBank"}],"event_choices":[{"event_name":"Dead Adventurer","player_choice":"Searched \u00271\u0027 times","floor":7,"damage_taken":0},{"event_name":"Cursed Tome","player_choice":"Ignored","floor":22,"damage_taken":0},{"event_name":"Beggar","player_choice":"Gave Gold","floor":24,"damage_taken":0},{"event_name":"Back to Basics","player_choice":"Simplicity","floor":31,"damage_taken":0},{"event_name":"SensoryStone","player_choice":"Memory 1","floor":37,"damage_taken":0},{"event_name":"Winding Halls","player_choice":"Writhe","floor":39,"damage_taken":0},{"event_name":"MindBloom","player_choice":"Fight","floor":45,"damage_taken":0},{"event_name":"Tomb of Lord Red Mask","player_choice":"Ignored","floor":46,"damage_taken":0}],"is_beta":false,"boss_relics":[{"not_picked":["Runic Dome","Snecko Eye"],"picked":"Coffee Dripper"},{"not_picked":["Sozu","Orrery"],"picked":"FrozenCore"}],"items_purged_floors":[21],"is_endless":false,"potions_floor_spawned":[3,11,12,14,16,20,25,27,33,35,44,47],"ascension_level":6}