{"gold_per_floor":[118,118,134,144,158,158,168,168,168,188,204,204,222,67,67,145,145,162,74,89,99,127,127,127,127,153,165,165,165,197,97,97,175,175,188,200,217,439,314,314,327,327,374,374,387,159,175,175,175,175],"floor_reached":51,"playtime":1673,"items_purged":["Strike_R","Strike_R","Defend_R","Defend_R"],"score":1211,"play_id":"e6cdc05e-dd28-4338-b659-97b3ebd1e8e6","local_time":"20191005225525","is_ascension_mode":true,"campfire_choices":[{"data":"Bash","floor":6.0,"key":"SMITH"},{"data":"Blood for Blood","floor":8.0,"key":"SMITH"},{"data":"Heavy Blade","floor":12.0,"key":"SMITH"},{"data":"Uppercut","floor":15.0,"key":"SMITH"},{"data":"1","floor":23.0,"key":"LIFT"},{"data":"2","floor":25.0,"key":"LIFT"},{"data":"3","floor":28.0,"key":"LIFT"},{"floor":32.0,"key":"REST"},{"data":"Heavy Blade","floor":40.0,"key":"SMITH"},{"data":"Inflame","floor":42.0,"key":"SMITH"},{"floor":44.0,"key":"REST"},{"floor":49,"key":"REST"}],"neow_cost":"NONE","seed_source_timestamp":104785402288701,"circlet_count":0,"master_deck":["AscendersBane","Defend_R","Defend_R","Bash+1","Blood for Blood+1","Heavy Blade+1","Uppercut+1","Impervious","Inflame+1","Heavy Blade+1","Ghostly Armor"],"special_seed":0,"relics":["Snecko Eye","Girya","Busted Crown","Red Mask","Bag of Marbles","Turnip","Empty Cage","Happy Flower"],"potions_floor_usage":[50,50],"damage_taken":[{"damage":4.0,"enemies":"Jaw Worm","floor":1.0,"turns":4.0},{"damage":1.0,"enemies":"Cultist","floor":3.0,"turns":3.0},{"damage":0.0,"enemies":"2 Louse","floor":4.0,"turns":4.0},{"damage":0.0,"enemies":"Large Slime","floor":5.0,"turns":2.0},{"damage":9.0,"enemies":"Exordium Wildlife","floor":7.0,"turns":3.0},{"damage":0.0,"enemies":"Looter","floor":10.0,"turns":2.0},{"damage":0.0,"enemies":"Large Slime","floor":11.0,"turns":4.0},{"damage":0.0,"enemies":"2 Fungi Beasts","floor":13.0,"turns":2.0},{"damage":12.0,"enemies":"Hexaghost","floor":16.0,"turns":6.0},{"damage":0.0,"enemies":"Shell Parasite","floor":18.0,"turns":2.0},{"damage":7.0,"enemies":"3 Byrds","floor":20.0,"turns":4.0},{"damage":5.0,"enemies":"Centurion and Healer","floor":21.0,"turns":3.0},{"damage":7.0,"enemies":"Masked Bandits","floor":22.0,"turns":3.0},{"damage":13.0,"enemies":"Snake Plant","floor":27.0,"turns":2.0},{"damage":3.0,"enemies":"Gremlin Leader","floor":30.0,"turns":3.0},{"damage":28.0,"enemies":"Automaton","floor":33.0,"turns":8.0},{"damage":6.0,"enemies":"3 Darklings","floor":35.0,"turns":7.0},{"damage":0.0,"enemies":"3 Shapes","floor":36.0,"turns":3.0},{"damage":15.0,"enemies":"Jaw Worm Horde","floor":37.0,"turns":4.0},{"damage":9.0,"enemies":"Transient","floor":41.0,"turns":6.0},{"damage":0.0,"enemies":"Sphere and 2 Shapes","floor":45.0,"turns":2.0},{"damage":0.0,"enemies":"Spire Growth","floor":47.0,"turns":2.0},{"damage":18,"enemies":"Awakened One","floor":50,"turns":6}],"seed_played":"6908573994939849328","potions_obtained":[{"floor":1.0,"key":"Weak Potion"},{"floor":3.0,"key":"PowerPotion"},{"floor":11.0,"key":"SteroidPotion"},{"floor":16.0,"key":"EntropicBrew"},{"floor":27.0,"key":"SmokeBomb"},{"floor":33.0,"key":"Dexterity Potion"},{"floor":35.0,"key":"EssenceOfSteel"}],"is_trial":false,"path_per_floor":["M","?","M","M","M","R","M","R","T","M","M","R","M","$","R","B",null,"M","$","M","M","?","R","?","R","T","M","R","?","E","$","R","B",null,"M","M","M","?","$","R","M","R","T","R","M","$","M","?","R","B",null],"character_chosen":"IRONCLAD","items_purchased":["Uppercut","Inflame","Ghostly Armor"],"campfire_rested":3,"item_purchase_floors":[14,19,46],"current_hp_per_floor":[64,64,63,63,63,63,54,54,54,54,54,54,54,54,54,42,67,67,67,60,55,48,48,48,48,48,35,35,35,32,32,54,26,63,57,57,42,42,42,42,33,33,33,55,55,55,55,55,75,57],"gold":175,"neow_bonus":"BOSS_RELIC","is_prod":false,"is_daily":false,"chose_seed":false,"campfire_upgraded":6,"win_rate":0,"timestamp":1570341325,"path_taken":["M","?","M","?","?","R","M","R","T","M","M","R","M","$","R","BOSS","M","$","M","M","?","R","?","R","T","M","R","?","E","$","R","BOSS","M","M","M","?","$","R","M","R","T","R","M","$","M","?","R","BOSS"],"build_version":"2019-07-17","purchased_purges":4,"victory":true,"max_hp_per_floor":[75,75,75,75,75,75,75,75,75,75,75,75,75,75,75,75,75,75,75,75,75,75,75,75,75,75,75,75,75,75,75,75,75,75,75,75,75,75,75,75,75,75,75,75,75,75,75,75,75,75],"card_choices":[{"not_picked":["Searing Blow","Twin Strike","Sword Boomerang"],"picked":"SKIP","floor":1.0},{"not_picked":["Sword Boomerang","Spot Weakness","Sentinel"],"picked":"SKIP","floor":3.0},{"not_picked":["Pommel Strike","Clothesline"],"picked":"Blood for Blood","floor":4.0},{"not_picked":["Fire Breathing","Intimidate"],"picked":"Heavy Blade","floor":5.0},{"not_picked":["Thunderclap","Sever Soul","Headbutt"],"picked":"SKIP","floor":7.0},{"not_picked":["Double Tap","Dual Wield","Sentinel"],"picked":"SKIP","floor":10.0},{"not_picked":["True Grit","Cleave","Perfected Strike"],"picked":"SKIP","floor":11.0},{"not_picked":["Armaments","Sword Boomerang","Perfected Strike"],"picked":"SKIP","floor":13.0},{"not_picked":["Immolate","Brutality"],"picked":"Impervious","floor":16.0},{"not_picked":["Pommel Strike"],"picked":"SKIP","floor":18.0},{"not_picked":["Anger"],"picked":"SKIP","floor":20.0},{"not_picked":["Perfected Strike"],"picked":"SKIP","floor":21.0},{"not_picked":["Clothesline+1"],"picked":"SKIP","floor":27.0},{"not_picked":["Sword Boomerang"],"picked":"SKIP","floor":30.0},{"not_picked":[],"picked":"Heavy Blade","floor":35.0},{"not_picked":["Iron Wave"],"picked":"SKIP","floor":36.0},{"not_picked":["Battle Trance+1"],"picked":"SKIP","floor":37.0},{"not_picked":["Battle Trance"],"picked":"SKIP","floor":41.0},{"not_picked":["Havoc"],"picked":"SKIP","floor":45.0},{"not_picked":["Havoc"],"picked":"SKIP","floor":47.0}],"player_experience":340491,"relics_obtained":[{"floor":9.0,"key":"Girya"},{"floor":22.0,"key":"Red Mask"},{"floor":26.0,"key":"Bag of Marbles"},{"floor":30.0,"key":"Turnip"},{"floor":43.0,"key":"Happy Flower"}],"event_choices":[{"cards_removed":["Strike_R"],"damage_healed":0.0,"max_hp_gain":0.0,"max_hp_loss":0.0,"gold_gain":0.0,"event_name":"Purifier","player_choice":"Purged","floor":2.0,"gold_loss":0.0,"damage_taken":0.0},{"damage_healed":0.0,"max_hp_gain":0.0,"max_hp_loss":0.0,"gold_gain":0.0,"event_name":"Masked Bandits","player_choice":"Fought Bandits","floor":22.0,"gold_loss":0.0,"damage_taken":0.0},{"damage_healed":0.0,"max_hp_gain":0.0,"max_hp_loss":0.0,"gold_gain":0.0,"event_name":"The Mausoleum","player_choice":"Ignored","floor":24.0,"gold_loss":0.0,"damage_taken":0.0},{"damage_healed":0.0,"max_hp_gain":0.0,"max_hp_loss":0.0,"gold_gain":0.0,"event_name":"Vampires","player_choice":"Ignored","floor":29.0,"gold_loss":0.0,"damage_taken":0.0},{"damage_healed":0.0,"max_hp_gain":0.0,"max_hp_loss":0.0,"gold_gain":222.0,"event_name":"Tomb of Lord Red Mask","player_choice":"Wore Mask","floor":38.0,"gold_loss":0.0,"damage_taken":0.0},{"damage_healed":0,"gold_gain":0,"player_choice":"Memory 1","damage_taken":0,"max_hp_gain":0,"max_hp_loss":0,"event_name":"SensoryStone","floor":48,"gold_loss":0}],"is_beta":false,"boss_relics":[{"not_picked":["Eternal Feather","Mark of Pain"],"picked":"Busted Crown"},{"not_picked":["Philosopher\u0027s Stone","Tiny House"],"picked":"Empty Cage"}],"items_purged_floors":[14,31,39,46],"is_endless":false,"potions_floor_spawned":[1,3,11,13,16,18,21,27,33,35,36,45,47],"ascension_level":18}