{"gold_per_floor":[109,121,121,121,140,140,65,65,91,124,24,43,58,93,93,197,197,214,214,225,225,239,239,62,93,93,93,293,304,314,20,20,124,124,141,154,154,171,181,181,181,181,181,181,194,206,259,259,259,259],"floor_reached":51,"playtime":3518,"items_purged":["Pain","Strike_R","Defend_R","Defend_R"],"score":732,"play_id":"4ecd84ef-f057-4ead-831d-0f149a769b65","local_time":"20190527235029","is_ascension_mode":false,"campfire_choices":[{"data":"Battle Trance","floor":6,"key":"SMITH"},{"data":"Bash","floor":8,"key":"SMITH"},{"data":"Body Slam","floor":15,"key":"SMITH"},{"data":"Impervious","floor":23,"key":"SMITH"},{"data":"Body Slam","floor":27,"key":"SMITH"},{"data":"Shrug It Off","floor":32,"key":"SMITH"},{"data":"Barricade","floor":40,"key":"SMITH"},{"floor":42,"key":"REST"},{"floor":44,"key":"REST"},{"data":"Pommel Strike","floor":49,"key":"SMITH"}],"neow_cost":"NONE","seed_source_timestamp":279985063182250,"circlet_count":0,"master_deck":["Defend_R","Defend_R","Bash+1","Shrug It Off+1","Battle Trance+1","Anger","Impervious+1","Metallicize","Body Slam+1","Immolate","Impervious+1","Entrench+1","RitualDagger","Pommel Strike+1","Bite","Bite","Bite","Bite","Bite","Body Slam+1","Shrug It Off+1","Body Slam+1","Shrug It Off+1","Barricade+1","Shrug It Off+1"],"relics":["Burning Blood","Bronze Scales","Boot","WarpedTongs","Oddly Smooth Stone","Red Skull","Toxic Egg 2","Philosopher\u0027s Stone","Red Mask","Mummified Hand","Happy Flower","Busted Crown","Bottled Lightning","Unceasing Top"],"potions_floor_usage":[16,33,33,39,39,50,50],"damage_taken":[{"damage":6,"enemies":"Jaw Worm","floor":1,"turns":4},{"damage":6,"enemies":"Cultist","floor":2,"turns":3},{"damage":7,"enemies":"2 Louse","floor":5,"turns":3},{"damage":6,"enemies":"Lagavulin","floor":10,"turns":5},{"damage":1,"enemies":"Looter","floor":12,"turns":3},{"damage":0,"enemies":"Large Slime","floor":13,"turns":4},{"damage":0,"enemies":"3 Sentries","floor":14,"turns":6},{"damage":2,"enemies":"Slime Boss","floor":16,"turns":6},{"damage":0,"enemies":"2 Thieves","floor":18,"turns":3},{"damage":0,"enemies":"Shell Parasite","floor":20,"turns":4},{"damage":7,"enemies":"Centurion and Healer","floor":22,"turns":7},{"damage":0,"enemies":"Masked Bandits","floor":25,"turns":2},{"damage":0,"enemies":"Snake Plant","floor":29,"turns":3},{"damage":8,"enemies":"Chosen and Byrds","floor":30,"turns":3},{"damage":35,"enemies":"Automaton","floor":33,"turns":7},{"damage":0,"enemies":"3 Darklings","floor":35,"turns":4},{"damage":0,"enemies":"Orb Walker","floor":36,"turns":2},{"damage":0,"enemies":"3 Darklings","floor":38,"turns":4},{"damage":40,"enemies":"Transient","floor":39,"turns":5},{"damage":0,"enemies":"4 Shapes","floor":45,"turns":7},{"damage":0,"enemies":"Writhing Mass","floor":46,"turns":2},{"damage":0,"enemies":"2 Orb Walkers","floor":47,"turns":2},{"damage":54,"enemies":"Donu and Deca","floor":50,"turns":8}],"seed_played":"6813738649577746680","potions_obtained":[{"floor":2,"key":"EssenceOfSteel"},{"floor":12,"key":"AttackPotion"},{"floor":20,"key":"Dexterity Potion"},{"floor":25,"key":"Energy Potion"},{"floor":33,"key":"Strength Potion"},{"floor":36,"key":"SpeedPotion"},{"floor":39,"key":"SpeedPotion"}],"is_trial":false,"path_per_floor":["M","M","?","?","M","R","$","R","T","E","$","M","M","E","R","B",null,"M","?","M","?","M","R","$","?","T","R","?","M","M","$","R","B",null,"M","M","$","M","M","R","?","R","T","R","M","M","?","?","R","B",null],"character_chosen":"IRONCLAD","items_purchased":["Shrug It Off+1","Happy Flower"],"campfire_rested":2,"item_purchase_floors":[24,31],"current_hp_per_floor":[80,80,68,68,67,67,67,67,67,67,67,72,78,80,80,80,80,80,74,80,56,56,56,56,56,56,56,56,56,54,54,54,35,56,56,56,56,56,27,27,27,43,43,56,56,56,56,56,56,23],"gold":259,"neow_bonus":"RANDOM_COMMON_RELIC","is_prod":false,"is_daily":false,"chose_seed":false,"campfire_upgraded":8,"win_rate":0,"timestamp":1559015429,"path_taken":["M","M","?","?","M","R","$","R","T","E","$","M","M","E","R","BOSS","M","?","M","?","M","R","$","?","T","R","?","?","M","$","R","BOSS","M","M","$","M","M","R","?","R","T","R","?","M","?","?","R","BOSS"],"build_version":"2019-01-23","purchased_purges":4,"victory":true,"max_hp_per_floor":[80,80,80,80,80,80,80,80,80,80,80,80,80,80,80,80,80,80,80,80,56,56,56,56,56,56,56,56,56,56,56,56,56,56,56,56,56,56,56,56,56,56,56,56,56,56,56,56,56,56],"card_choices":[{"not_picked":["Headbutt","Flex"],"picked":"Shrug It Off","floor":1},{"not_picked":["Thunderclap","Cleave"],"picked":"Battle Trance","floor":2},{"not_picked":["Disarm","Armaments"],"picked":"Anger","floor":5},{"not_picked":["Evolve","Second Wind"],"picked":"Impervious","floor":10},{"not_picked":["Twin Strike","Corruption"],"picked":"Metallicize","floor":12},{"not_picked":["Clothesline","Rage"],"picked":"Body Slam","floor":13},{"not_picked":["Evolve","Clothesline"],"picked":"Immolate","floor":14},{"not_picked":["Dark Embrace","Fiend Fire"],"picked":"Impervious+1","floor":16},{"not_picked":["Corruption","Dropkick"],"picked":"Entrench+1","floor":18},{"not_picked":["Power Through+1","Flex+1"],"picked":"Pommel Strike","floor":20},{"not_picked":["Infernal Blade+1","Shrug It Off+1"],"picked":"Body Slam+1","floor":22},{"not_picked":["Shrug It Off+1","Dropkick"],"picked":"Body Slam","floor":25},{"not_picked":["Armaments+1","Wild Strike+1","Perfected Strike"],"picked":"SKIP","floor":29},{"not_picked":["Pommel Strike","Fire Breathing"],"picked":"Shrug It Off+1","floor":30},{"not_picked":["Immolate","Brutality"],"picked":"Barricade","floor":33},{"not_picked":["Cleave+1"],"picked":"SKIP","floor":35},{"not_picked":["Perfected Strike"],"picked":"SKIP","floor":36},{"not_picked":["Disarm+1"],"picked":"SKIP","floor":38},{"not_picked":["True Grit+1"],"picked":"SKIP","floor":39},{"not_picked":["Wild Strike+1"],"picked":"SKIP","floor":45},{"not_picked":["Warcry+1"],"picked":"SKIP","floor":46},{"not_picked":[],"picked":"Shrug It Off+1","floor":47}],"player_experience":41573,"relics_obtained":[{"floor":9,"key":"Oddly Smooth Stone"},{"floor":10,"key":"Red Skull"},{"floor":14,"key":"Toxic Egg 2"},{"floor":25,"key":"Red Mask"},{"floor":26,"key":"Mummified Hand"},{"floor":43,"key":"Bottled Lightning"},{"floor":47,"key":"Unceasing Top"}],"event_choices":[{"damage_healed":0,"gold_gain":0,"player_choice":"Success","damage_taken":12,"relics_obtained":["Boot"],"max_hp_gain":0,"max_hp_loss":0,"event_name":"Scrap Ooze","floor":3,"gold_loss":0},{"damage_healed":0,"gold_gain":0,"player_choice":"Rummage","damage_taken":0,"relics_obtained":["WarpedTongs"],"max_hp_gain":0,"max_hp_loss":0,"event_name":"Accursed Blacksmith","floor":4,"gold_loss":0,"cards_obtained":["Pain"]},{"damage_healed":0,"gold_gain":0,"player_choice":"Joined the Cult","damage_taken":6,"max_hp_gain":0,"max_hp_loss":0,"event_name":"Nest","floor":19,"gold_loss":0,"cards_obtained":["RitualDagger"]},{"damage_healed":0,"gold_gain":0,"player_choice":"Became a vampire","damage_taken":0,"max_hp_gain":0,"max_hp_loss":24,"event_name":"Vampires","floor":21,"gold_loss":0,"cards_obtained":["Bite","Bite","Bite","Bite","Bite"]},{"damage_healed":0,"gold_gain":0,"player_choice":"Fought Bandits","damage_taken":0,"max_hp_gain":0,"max_hp_loss":0,"event_name":"Masked Bandits","floor":25,"gold_loss":0},{"damage_healed":0,"gold_gain":200,"player_choice":"Gold","damage_taken":0,"max_hp_gain":0,"max_hp_loss":0,"event_name":"Wheel of Change","floor":28,"gold_loss":0},{"damage_healed":0,"gold_gain":0,"player_choice":"Ignored","damage_taken":0,"max_hp_gain":0,"max_hp_loss":0,"event_name":"Transmorgrifier","floor":41,"gold_loss":0},{"damage_healed":0,"gold_gain":0,"player_choice":"Fight","damage_taken":0,"max_hp_gain":0,"max_hp_loss":0,"event_name":"Mysterious Sphere","floor":47,"gold_loss":0},{"cards_removed":["Iron Wave"],"damage_healed":0,"gold_gain":0,"player_choice":"Took Card","damage_taken":0,"max_hp_gain":0,"max_hp_loss":0,"event_name":"NoteForYourself","floor":48,"gold_loss":0,"cards_obtained":["Iron Wave"]}],"is_beta":false,"boss_relics":[{"not_picked":["Pandora\u0027s Box","Runic Dome"],"picked":"Philosopher\u0027s Stone"},{"not_picked":["Runic Pyramid","Sozu"],"picked":"Busted Crown"}],"items_purged_floors":[7,11,24,31],"is_endless":false,"potions_floor_spawned":[2,12,20,25,33,36,39],"ascension_level":0}