{"gold_per_floor":[116,116,126,144,36,36,50,67,91,103,103,113,113,128,128,232,232,248,17,17,17,34,34,50,50,50,60,60],"floor_reached":28,"playtime":1183,"items_purged":["Strike_B","Strike_B"],"score":332,"play_id":"ac2263d1-e195-4631-ba0c-83ffa01dfce2","local_time":"20190217190517","is_ascension_mode":true,"campfire_choices":[{"data":"Zap","floor":6,"key":"SMITH"},{"data":"Buffer","floor":11,"key":"SMITH"},{"data":"White Noise","floor":13,"key":"SMITH"},{"floor":15,"key":"REST"},{"data":"Echo Form","floor":23,"key":"SMITH"},{"data":"Chaos","floor":25,"key":"SMITH"}],"neow_cost":"NONE","seed_source_timestamp":73838636190700,"circlet_count":0,"master_deck":["AscendersBane","Defend_B","Defend_B","Defend_B","Defend_B","Zap+1","Dualcast","Chaos+1","Beam Cell","Loop","Seek","Gash","Cold Snap","Melter","Buffer+1","Leap","White Noise+1","Conserve Battery","Biased Cognition","Echo Form+1","Leap+1","Self Repair","Gash","Redo+1","Compile Driver+1","Capacitor+1"],"relics":["Cracked Core","NeowsBlessing","Art of War","Coffee Dripper","Omamori"],"potions_floor_usage":[14,16,22,28],"damage_taken":[{"damage":0,"enemies":"2 Louse","floor":1,"turns":1},{"damage":0,"enemies":"Cultist","floor":3,"turns":1},{"damage":0,"enemies":"Small Slimes","floor":4,"turns":1},{"damage":4,"enemies":"Looter","floor":7,"turns":2},{"damage":9,"enemies":"Red Slaver","floor":8,"turns":3},{"damage":8,"enemies":"Blue Slaver","floor":10,"turns":3},{"damage":24,"enemies":"Lots of Slimes","floor":12,"turns":5},{"damage":0,"enemies":"Exordium Wildlife","floor":14,"turns":3},{"damage":35,"enemies":"The Guardian","floor":16,"turns":11},{"damage":3,"enemies":"Chosen","floor":18,"turns":8},{"damage":30,"enemies":"2 Thieves","floor":22,"turns":5},{"damage":10,"enemies":"3 Cultists","floor":24,"turns":6},{"damage":27,"enemies":"Snecko","floor":27,"turns":6},{"damage":14,"enemies":"Centurion and Healer","floor":28,"turns":1}],"seed_played":"-1029080655380411913","potions_obtained":[{"floor":1,"key":"Swift Potion"},{"floor":4,"key":"PowerPotion"},{"floor":16,"key":"AttackPotion"},{"floor":27,"key":"Weak Potion"}],"is_trial":false,"path_per_floor":["M","?","M","M","$","R","M","M","T","M","R","M","R","M","R","B",null,"M","$","?","?","M","R","M","R","T","M","M"],"character_chosen":"DEFECT","items_purchased":["Melter","Self Repair","Gash"],"campfire_rested":1,"item_purchase_floors":[5,19,19],"current_hp_per_floor":[68,68,68,68,68,68,64,55,55,47,47,23,23,23,45,10,59,56,56,56,56,33,33,30,30,30,10,0],"gold":60,"neow_bonus":"THREE_ENEMY_KILL","is_prod":false,"is_daily":false,"chose_seed":false,"campfire_upgraded":5,"win_rate":0,"timestamp":1550426717,"path_taken":["M","?","?","M","?","R","M","M","T","M","R","?","R","M","R","BOSS","M","$","?","?","M","R","M","R","T","M","?"],"build_version":"2019-01-23","purchased_purges":2,"victory":false,"max_hp_per_floor":[75,75,75,75,75,75,75,75,75,75,75,75,75,75,75,75,75,75,75,75,75,75,75,75,75,75,75,75],"card_choices":[{"not_picked":["Reprogram","Turbo"],"picked":"Chaos","floor":1},{"not_picked":["Blizzard","Leap"],"picked":"Gash","floor":3},{"not_picked":["Conserve Battery","Go for the Eyes"],"picked":"Cold Snap","floor":4},{"not_picked":["FTL","Steam Power"],"picked":"Buffer","floor":7},{"not_picked":["Aggregate","Turbo"],"picked":"Leap","floor":8},{"not_picked":["Rip and Tear","Go for the Eyes"],"picked":"White Noise","floor":10},{"not_picked":["Hello World","Tempest"],"picked":"Conserve Battery","floor":12},{"not_picked":["Rebound","Turbo"],"picked":"Biased Cognition","floor":14},{"not_picked":["Buffer","Machine Learning"],"picked":"Echo Form","floor":16},{"not_picked":["Rip and Tear","Coolheaded"],"picked":"Leap+1","floor":18},{"not_picked":["Melter","Reprogram"],"picked":"Redo+1","floor":22},{"not_picked":["Blizzard","Doom and Gloom"],"picked":"Compile Driver+1","floor":24},{"not_picked":["Chaos","Rip and Tear"],"picked":"Capacitor+1","floor":27}],"player_experience":789701,"relics_obtained":[{"floor":9,"key":"Art of War"},{"floor":26,"key":"Omamori"}],"event_choices":[{"damage_healed":0,"gold_gain":0,"player_choice":"3 cards matched","damage_taken":0,"max_hp_gain":0,"max_hp_loss":0,"event_name":"Match and Keep!","floor":2,"gold_loss":0,"cards_obtained":["Beam Cell","Loop","Seek"]},{"cards_removed":["Strike_B"],"damage_healed":0,"gold_gain":0,"player_choice":"Elegance","damage_taken":0,"max_hp_gain":0,"max_hp_loss":0,"event_name":"Back to Basics","floor":20,"gold_loss":0},{"cards_removed":["Strike_B"],"damage_healed":0,"gold_gain":0,"player_choice":"Offered Basic","damage_taken":0,"max_hp_gain":0,"max_hp_loss":0,"event_name":"Bonfire Elementals","floor":21,"gold_loss":0}],"is_beta":false,"boss_relics":[{"not_picked":["Philosopher\u0027s Stone","White Beast Statue"],"picked":"Coffee Dripper"}],"items_purged_floors":[5,19],"is_endless":false,"potions_floor_spawned":[1,4,10,12,16,27],"killed_by":"Centurion and Healer","ascension_level":11}