{"gold_per_floor":[365,365,57,57,71,98,98,129,152,152,302,18,33,52,52,127,127,139,39,39,39,39,69,69,99,99,99,99],"floor_reached":28,"playtime":808,"items_purged":["Doubt","Strike_B"],"score":519,"play_id":"26b19c02-1b99-40c6-9c98-dfade42e3db2","local_time":"20190225235928","is_ascension_mode":true,"campfire_choices":[{"floor":7.0,"key":"REST"},{"floor":10.0,"key":"REST"},{"data":"Loop","floor":15.0,"key":"SMITH"},{"floor":24.0,"key":"REST"},{"floor":27,"key":"REST"}],"neow_cost":"TEN_PERCENT_HP_LOSS","seed_source_timestamp":820486950433932,"circlet_count":0,"master_deck":["AscendersBane","Strike_B","Strike_B","Defend_B","Defend_B","Defend_B","Defend_B","Zap+1","Dualcast","Ball Lightning","Capacitor","FTL+1","Sunder+1","Loop+1","Cold Snap","Coolheaded","Compile Driver","FTL","Electrodynamics","Cold Snap","Ball Lightning","Capacitor","Shame"],"special_seed":0,"relics":["Cracked Core","ClockworkSouvenir","Anchor","Whetstone","Ancient Tea Set","Cursed Key","Spirit Poop","Bottled Lightning","Cables","Molten Egg 2"],"potions_floor_usage":[],"damage_taken":[{"damage":0.0,"enemies":"Small Slimes","floor":1.0,"turns":3.0},{"damage":9.0,"enemies":"2 Louse","floor":5.0,"turns":3.0},{"damage":28.0,"enemies":"Gremlin Nob","floor":6.0,"turns":4.0},{"damage":28.0,"enemies":"3 Sentries","floor":8.0,"turns":5.0},{"damage":4.0,"enemies":"Cultist","floor":13.0,"turns":3.0},{"damage":0.0,"enemies":"Blue Slaver","floor":14.0,"turns":3.0},{"damage":8.0,"enemies":"Hexaghost","floor":16.0,"turns":8.0},{"damage":11.0,"enemies":"Shell Parasite","floor":18.0,"turns":5.0},{"damage":22.0,"enemies":"Slavers","floor":23.0,"turns":3.0},{"damage":28,"enemies":"Gremlin Leader","floor":25,"turns":6},{"damage":36,"enemies":"Book of Stabbing","floor":28,"turns":4}],"seed_played":"-5554405300705911973","potions_obtained":[{"floor":6.0,"key":"GamblersBrew"},{"floor":8.0,"key":"GamblersBrew"},{"floor":23.0,"key":"GamblersBrew"}],"is_trial":false,"path_per_floor":["M","?","$","?","M","E","R","E","T","R","?","$","M","M","R","B",null,"M","$","?","?","?","E","R","E","T","R","E"],"character_chosen":"DEFECT","items_purchased":["Capacitor","ClockworkSouvenir","Cold Snap","Coolheaded","Block Potion","Compile Driver"],"campfire_rested":4,"item_purchase_floors":[3,3,12,12,12,12],"current_hp_per_floor":[64,57,57,57,48,20,39,11,11,30,30,30,26,26,26,18,53,42,42,42,42,42,20,39,11,11,30,0],"gold":99,"neow_bonus":"TWO_FIFTY_GOLD","is_prod":false,"is_daily":false,"chose_seed":false,"campfire_upgraded":1,"win_rate":0,"timestamp":1551135568,"path_taken":["M","?","$","?","?","E","R","E","T","R","?","?","?","?","R","BOSS","M","$","?","?","?","E","R","E","T","R","E"],"build_version":"2019-01-23","purchased_purges":2,"victory":false,"max_hp_per_floor":[64,64,64,64,64,64,64,64,64,64,64,64,64,64,64,64,64,64,64,64,64,64,64,64,64,64,64,64],"card_choices":[{"not_picked":["Compile Driver","Reinforced Body"],"picked":"Ball Lightning","floor":1.0},{"not_picked":["Barrage","Streamline"],"picked":"FTL","floor":5.0},{"not_picked":["Tempest","Streamline"],"picked":"Sunder","floor":6.0},{"not_picked":["Barrage","Hologram"],"picked":"Loop","floor":8.0},{"not_picked":["Sweeping Beam","Tempest"],"picked":"FTL","floor":13.0},{"not_picked":["Reprogram","Lockon","Sweeping Beam"],"picked":"SKIP","floor":14.0},{"not_picked":["Multi-Cast","Buffer"],"picked":"Electrodynamics","floor":16.0},{"not_picked":["Leap","Rebound"],"picked":"Cold Snap","floor":18.0},{"not_picked":["Barrage","Reprogram"],"picked":"Ball Lightning","floor":23.0},{"not_picked":["Hyperbeam","Blizzard"],"picked":"Capacitor","floor":25}],"player_experience":667878,"relics_obtained":[{"floor":6.0,"key":"Anchor"},{"floor":8.0,"key":"Whetstone"},{"floor":9.0,"key":"Ancient Tea Set"},{"floor":23.0,"key":"Bottled Lightning"},{"floor":25,"key":"Cables"},{"floor":26,"key":"Molten Egg 2"}],"event_choices":[{"cards_removed":["Strike_B"],"damage_healed":0.0,"max_hp_gain":0.0,"max_hp_loss":0.0,"gold_gain":0.0,"event_name":"Golden Wing","player_choice":"Card Removal","floor":2.0,"gold_loss":0.0,"damage_taken":7.0},{"damage_healed":0.0,"max_hp_gain":0.0,"max_hp_loss":0.0,"gold_gain":0.0,"event_name":"Upgrade Shrine","player_choice":"Upgraded","floor":4.0,"gold_loss":0.0,"damage_taken":0.0,"cards_upgraded":["Zap"]},{"damage_healed":0.0,"max_hp_gain":0.0,"max_hp_loss":0.0,"gold_gain":150.0,"event_name":"Liars Game","player_choice":"AGREE","floor":11.0,"gold_loss":0.0,"damage_taken":0.0,"cards_obtained":["Doubt"]},{"damage_healed":0.0,"max_hp_gain":0.0,"max_hp_loss":0.0,"gold_gain":0.0,"event_name":"Cursed Tome","player_choice":"Ignored","floor":20.0,"gold_loss":0.0,"damage_taken":0.0},{"damage_healed":0.0,"max_hp_gain":0.0,"max_hp_loss":0.0,"gold_gain":0.0,"event_name":"Forgotten Altar","player_choice":"Smashed Altar","floor":21.0,"gold_loss":0.0,"damage_taken":0.0,"cards_obtained":["Decay"]},{"cards_removed":["Decay"],"damage_healed":0.0,"max_hp_gain":0.0,"max_hp_loss":0.0,"gold_gain":0.0,"event_name":"Bonfire Elementals","player_choice":"Offered Curse","floor":22.0,"gold_loss":0.0,"damage_taken":0.0,"relics_obtained":["Spirit Poop"]}],"is_beta":false,"boss_relics":[{"not_picked":["Ectoplasm","Sozu"],"picked":"Cursed Key"}],"items_purged_floors":[12,19],"is_endless":false,"potions_floor_spawned":[6,8,23],"killed_by":"Book of Stabbing","ascension_level":20}