{"gold_per_floor":[366,366,84,98,23,57,57,57,132,132,132,150,163,183,183,183],"floor_reached":16,"playtime":481,"items_purged":["Strike_R"],"score":175,"play_id":"a732e0d1-f0b1-43e5-ad66-4e92bb5a5245","local_time":"20190423143714","is_ascension_mode":true,"campfire_choices":[{"data":"Seeing Red","floor":7,"key":"SMITH"},{"floor":11,"key":"REST"},{"data":"Bash","floor":15,"key":"SMITH"}],"neow_cost":"PERCENT_DAMAGE","seed_source_timestamp":58920741933400,"circlet_count":0,"master_deck":["AscendersBane","Strike_R","Strike_R","Strike_R","Strike_R","Defend_R","Defend_R","Bash+1","Shrug It Off","Feel No Pain","Headbutt","Clash","Flex","Seeing Red+1","Uppercut","Carnage","Injury","Rampage","Disarm","Shrug It Off"],"relics":["Burning Blood","Letter Opener","Self Forming Clay","Golden Idol"],"potions_floor_usage":[13,14],"damage_taken":[{"damage":9,"enemies":"Small Slimes","floor":1,"turns":5},{"damage":4,"enemies":"2 Louse","floor":4,"turns":4},{"damage":39,"enemies":"Gremlin Nob","floor":6,"turns":5},{"damage":5,"enemies":"Jaw Worm","floor":12,"turns":3},{"damage":0,"enemies":"Red Slaver","floor":13,"turns":2},{"damage":0,"enemies":"Looter","floor":14,"turns":1},{"damage":59,"enemies":"Hexaghost","floor":16,"turns":11}],"seed_played":"-8327952749657639595","potions_obtained":[{"floor":12,"key":"SkillPotion"},{"floor":13,"key":"AttackPotion"}],"is_trial":false,"path_per_floor":["M","?","$","M","?","E","R","?","T","?","R","M","M","M","R","B"],"character_chosen":"IRONCLAD","items_purchased":["Feel No Pain","Headbutt","Clash","Flex"],"campfire_rested":1,"item_purchase_floors":[3,3,3,3],"current_hp_per_floor":[47,52,52,54,54,21,21,21,21,21,45,46,52,58,58,0],"gold":183,"neow_bonus":"TWO_FIFTY_GOLD","is_prod":false,"is_daily":false,"chose_seed":false,"campfire_upgraded":2,"win_rate":0,"timestamp":1556023034,"path_taken":["M","?","$","M","?","E","R","?","T","?","R","M","M","M","R","BOSS"],"build_version":"2019-01-23","purchased_purges":1,"victory":false,"max_hp_per_floor":[75,80,80,80,80,80,80,80,80,80,80,80,80,80,80,80],"card_choices":[{"not_picked":["Rupture","Reckless Charge"],"picked":"Shrug It Off","floor":1},{"not_picked":["Wild Strike","Havoc"],"picked":"Seeing Red","floor":4},{"not_picked":["Twin Strike","Power Through"],"picked":"Uppercut","floor":6},{"not_picked":["Flex","Reckless Charge"],"picked":"Rampage","floor":12},{"not_picked":["Flex","Twin Strike"],"picked":"Disarm","floor":13},{"not_picked":["Twin Strike","Brutality"],"picked":"Shrug It Off","floor":14}],"player_experience":1051578,"relics_obtained":[{"floor":6,"key":"Letter Opener"},{"floor":9,"key":"Self Forming Clay"}],"event_choices":[{"damage_healed":0,"gold_gain":0,"player_choice":"Donut","damage_taken":0,"max_hp_gain":5,"max_hp_loss":0,"event_name":"Big Fish","floor":2,"gold_loss":0},{"cards_removed":["Defend_R"],"damage_healed":0,"gold_gain":0,"player_choice":"Card Removal","damage_taken":0,"max_hp_gain":0,"max_hp_loss":0,"event_name":"The Cleric","floor":5,"gold_loss":75},{"damage_healed":0,"gold_gain":0,"cards_transformed":["Defend_R"],"player_choice":"Change","damage_taken":0,"max_hp_gain":0,"max_hp_loss":0,"event_name":"Living Wall","floor":8,"gold_loss":0,"cards_obtained":["Carnage"]},{"damage_healed":0,"gold_gain":0,"player_choice":"Take Wound","damage_taken":0,"relics_obtained":["Golden Idol"],"max_hp_gain":0,"max_hp_loss":0,"event_name":"Golden Idol","floor":10,"gold_loss":0,"cards_obtained":["Injury"]}],"is_beta":false,"boss_relics":[],"items_purged_floors":[3],"is_endless":false,"potions_floor_spawned":[12,13],"killed_by":"Hexaghost","ascension_level":15}