{"gold_per_floor":[115,115,128,11,24,24,55,55,82,82,1,1,13,40,40,112,112,131,88,101,121,121,121,131,131,200,200,235,235,254,269,269,269],"floor_reached":33,"playtime":1369,"items_purged":["Writhe"],"score":600,"play_id":"04c31714-4c26-4268-ac97-058cef2b4ea6","local_time":"20190709003746","is_ascension_mode":true,"campfire_choices":[{"data":"Sunder","floor":6,"key":"SMITH"},{"data":"Darkness","floor":8,"key":"SMITH"},{"data":"Streamline","floor":10,"key":"SMITH"},{"data":"Capacitor","floor":12,"key":"SMITH"},{"data":"Beam Cell","floor":15,"key":"SMITH"},{"floor":23,"key":"REST"},{"data":"White Noise","floor":25,"key":"SMITH"},{"floor":32,"key":"REST"}],"neow_cost":"CURSE","seed_source_timestamp":970383808993332,"circlet_count":0,"master_deck":["AscendersBane","Strike_B","Strike_B","Defend_B","Defend_B","Defend_B","Defend_B","Zap","Dualcast","Streamline+1","Coolheaded","Sunder+1","Leap","Darkness+1","Capacitor+1","Rebound","Beam Cell+1","Electrodynamics","Sweeping Beam","White Noise+1","Fusion","Amplify","Leap+1","Rip and Tear","Storm","Stack+1"],"relics":["Cracked Core","FossilizedHelix","DataDisk","Orichalcum","Lantern","Inserter","Symbiotic Virus","Matryoshka"],"potions_floor_usage":[7,16,18,30,31],"damage_taken":[{"damage":0,"enemies":"2 Louse","floor":1,"turns":2},{"damage":0,"enemies":"Cultist","floor":3,"turns":3},{"damage":0,"enemies":"Small Slimes","floor":5,"turns":2},{"damage":0,"enemies":"Gremlin Nob","floor":7,"turns":3},{"damage":0,"enemies":"2 Fungi Beasts","floor":13,"turns":2},{"damage":14,"enemies":"Lagavulin","floor":14,"turns":6},{"damage":10,"enemies":"The Guardian","floor":16,"turns":8},{"damage":6,"enemies":"Shell Parasite","floor":18,"turns":4},{"damage":6,"enemies":"3 Byrds","floor":20,"turns":4},{"damage":21,"enemies":"3 Cultists","floor":21,"turns":5},{"damage":16,"enemies":"Snake Plant","floor":24,"turns":2},{"damage":22,"enemies":"Gremlin Leader","floor":28,"turns":5},{"damage":9,"enemies":"Centurion and Healer","floor":30,"turns":6},{"damage":0,"enemies":"Chosen and Byrds","floor":31,"turns":5},{"damage":38,"enemies":"Champ","floor":33,"turns":5}],"seed_played":"91138104420149329","potions_obtained":[{"floor":1,"key":"FearPotion"},{"floor":2,"key":"LiquidBronze"},{"floor":3,"key":"AttackPotion"},{"floor":13,"key":"Dexterity Potion"},{"floor":16,"key":"Fire Potion"},{"floor":18,"key":"Explosive Potion"}],"is_trial":false,"path_per_floor":["M","?","M","$","M","R","E","R","T","R","$","R","M","E","R","B",null,"M","$","M","M","$","R","M","R","T","?","E","?","M","M","R","B"],"character_chosen":"DEFECT","items_purchased":["Sunder","Capacitor","White Noise"],"campfire_rested":2,"item_purchase_floors":[4,11,19],"current_hp_per_floor":[64,64,64,64,64,64,64,64,64,64,64,64,64,50,50,40,63,57,57,51,30,30,51,35,35,35,35,13,13,4,4,25,0],"gold":269,"neow_bonus":"ONE_RARE_RELIC","is_prod":false,"is_daily":false,"chose_seed":false,"campfire_upgraded":6,"win_rate":0,"timestamp":1562629066,"path_taken":["M","?","?","$","M","R","E","R","T","R","$","R","M","E","R","BOSS","M","$","M","M","$","R","M","R","T","?","E","?","?","M","R","BOSS"],"build_version":"2019-07-05","purchased_purges":1,"victory":false,"max_hp_per_floor":[71,71,71,71,71,71,71,71,71,71,71,71,71,71,71,71,71,71,71,71,71,71,71,71,71,71,71,71,71,71,71,71,71],"card_choices":[{"not_picked":["Consume","Darkness"],"picked":"Streamline","floor":1},{"not_picked":["Leap","Darkness"],"picked":"Coolheaded","floor":3},{"not_picked":["Coolheaded","Cold Snap"],"picked":"Leap","floor":5},{"not_picked":["Chill","Redo"],"picked":"Darkness","floor":7},{"not_picked":["Coolheaded","Leap"],"picked":"Rebound","floor":13},{"not_picked":["Cold Snap","Redo"],"picked":"Beam Cell","floor":14},{"not_picked":["Rainbow","Hyperbeam"],"picked":"Electrodynamics","floor":16},{"not_picked":["Streamline","Ball Lightning"],"picked":"Sweeping Beam","floor":18},{"not_picked":["Steam Power","Streamline"],"picked":"Fusion","floor":20},{"not_picked":["Coolheaded+1","Hologram"],"picked":"Amplify","floor":21},{"not_picked":["Streamline","Redo"],"picked":"Leap+1","floor":24},{"not_picked":["Force Field","Skim"],"picked":"Stack","floor":28},{"not_picked":["Lockon","Turbo","Leap"],"picked":"SKIP","floor":30},{"not_picked":["FTL","Streamline","Turbo"],"picked":"SKIP","floor":31}],"player_experience":1156111,"relics_obtained":[{"floor":7,"key":"DataDisk"},{"floor":9,"key":"Orichalcum"},{"floor":14,"key":"Lantern"},{"floor":26,"key":"Symbiotic Virus"},{"floor":28,"key":"Matryoshka"}],"event_choices":[{"damage_healed":0,"gold_gain":0,"player_choice":"Got Potions","damage_taken":0,"max_hp_gain":0,"max_hp_loss":0,"event_name":"Lab","floor":2,"gold_loss":0},{"damage_healed":0,"gold_gain":0,"cards_transformed":["Strike_B","Strike_B"],"player_choice":"Became Test Subject","damage_taken":0,"max_hp_gain":0,"max_hp_loss":0,"event_name":"Drug Dealer","floor":27,"gold_loss":0,"cards_obtained":["Rip and Tear","Storm"]},{"damage_healed":0,"gold_gain":0,"player_choice":"Upgraded","damage_taken":0,"max_hp_gain":0,"max_hp_loss":0,"event_name":"Upgrade Shrine","floor":29,"gold_loss":0,"cards_upgraded":["Stack"]}],"is_beta":false,"boss_relics":[{"not_picked":["Philosopher\u0027s Stone","White Beast Statue"],"picked":"Inserter"}],"items_purged_floors":[4],"is_endless":false,"potions_floor_spawned":[1,3,13,16,18,20,28],"killed_by":"Champ","ascension_level":20}