{"gold_per_floor":[113,113,188,188,17,17,31,51,99,137,137,168,168,168,168,262,262,275,275,0,0,13,13,13,34,105,105,105,105,19,40,40,40],"floor_reached":33,"playtime":1114,"items_purged":[],"score":498,"play_id":"7777aa32-8d8e-4096-8af7-9c38391fe4f3","local_time":"20181116211123","is_ascension_mode":true,"campfire_choices":[{"floor":6.0,"key":"REST"},{"floor":11.0,"key":"REST"},{"floor":13.0,"key":"REST"},{"floor":15.0,"key":"REST"},{"data":"Glass Knife","floor":23.0,"key":"SMITH"},{"data":"Neutralize","floor":27.0,"key":"SMITH"},{"data":"Sucker Punch","floor":29.0,"key":"SMITH"},{"data":"Leg Sweep","floor":32.0,"key":"SMITH"}],"neow_cost":"NONE","seed_source_timestamp":180821316233969,"circlet_count":0,"master_deck":["AscendersBane","Defend_G+1","Defend_G+1","Defend_G+1","Defend_G+1","Defend_G+1","Strike_G+1","Strike_G+1","Strike_G+1","Strike_G+1","Strike_G+1","Survivor","Neutralize+1","Footwork+1","Noxious Fumes","Backstab","Acrobatics","Backstab","Bane","Phantasmal Killer","Backstab","Dodge and Roll","Glass Knife+1","Dodge and Roll","Leg Sweep+1","Backstab","Poisoned Stab","Sucker Punch+1","Shame","PiercingWail","Dramatic Entrance","Dagger Spray"],"special_seed":0,"relics":["Ring of the Snake","NeowsBlessing","Golden Idol","Vajra","Gremlin Horn","Dream Catcher","WristBlade","DollysMirror","The Courier","Darkstone Periapt","MutagenicStrength"],"potions_floor_usage":[33],"damage_taken":[{"damage":0.0,"enemies":"Small Slimes","floor":1.0,"turns":1.0},{"damage":0.0,"enemies":"2 Louse","floor":7.0,"turns":1.0},{"damage":0.0,"enemies":"Jaw Worm","floor":8.0,"turns":1.0},{"damage":26.0,"enemies":"Gremlin Nob","floor":10.0,"turns":4.0},{"damage":35.0,"enemies":"Lagavulin","floor":12.0,"turns":5.0},{"damage":34.0,"enemies":"Slime Boss","floor":16.0,"turns":10.0},{"damage":0.0,"enemies":"2 Thieves","floor":18.0,"turns":4.0},{"damage":4.0,"enemies":"3 Byrds","floor":22.0,"turns":4.0},{"damage":1.0,"enemies":"Cultist and Chosen","floor":25.0,"turns":5.0},{"damage":0.0,"enemies":"Snecko","floor":31.0,"turns":4.0},{"damage":62,"enemies":"Champ","floor":33,"turns":15}],"seed_played":"5522815614557736000","potions_obtained":[{"floor":1.0,"key":"Energy Potion"},{"floor":7.0,"key":"GamblersBrew"},{"floor":8.0,"key":"PowerPotion"},{"floor":12.0,"key":"GamblersBrew"},{"floor":16.0,"key":"PowerPotion"},{"floor":22.0,"key":"Regen Potion"}],"is_trial":false,"path_per_floor":["M","?","?","?","$","R","M","M","T","E","R","E","R","?","R","B",null,"M","?","$","?","M","R","?","M","T","R","?","R","$","M","R","B"],"character_chosen":"THE_SILENT","items_purchased":["Noxious Fumes","Backstab","DollysMirror","Poisoned Stab","Dramatic Entrance"],"campfire_rested":4,"item_purchase_floors":[5,5,20,20,30],"current_hp_per_floor":[59,39,28,28,28,46,46,46,46,20,38,3,21,26,45,11,52,52,52,52,52,48,48,48,47,47,47,47,47,47,47,47,0],"gold":40,"neow_bonus":"THREE_ENEMY_KILL","is_prod":false,"is_daily":false,"chose_seed":false,"campfire_upgraded":4,"win_rate":0,"timestamp":1542399083,"path_taken":["M","?","?","?","$","R","?","M","T","E","R","E","R","?","R","BOSS","M","?","$","?","M","R","?","?","T","R","?","R","?","M","R","BOSS"],"build_version":"2018-11-15","purchased_purges":0,"victory":false,"max_hp_per_floor":[66,66,66,60,60,60,60,60,60,60,60,60,60,65,65,65,65,65,65,65,65,65,65,65,65,65,65,65,65,65,65,65,65],"card_choices":[{"not_picked":["Leg Sweep","Backflip"],"picked":"Footwork","floor":1.0},{"not_picked":["Slice","Infinite Blades"],"picked":"Acrobatics","floor":7.0},{"not_picked":["Deadly Poison","Dagger Throw"],"picked":"Backstab","floor":8.0},{"not_picked":["Sucker Punch","Escape Plan"],"picked":"Bane","floor":10.0},{"not_picked":["Acrobatics","Endless Agony"],"picked":"Phantasmal Killer","floor":12.0},{"not_picked":["Cloak And Dagger","Skewer"],"picked":"Backstab","floor":13.0},{"not_picked":["Blade Dance","Deflect"],"picked":"Dodge and Roll","floor":15.0},{"not_picked":["Night Terror","Phantasmal Killer"],"picked":"Glass Knife","floor":16.0},{"not_picked":["Bane","Acrobatics"],"picked":"Dodge and Roll","floor":18.0},{"not_picked":["Caltrops","Dodge and Roll"],"picked":"Sucker Punch","floor":22.0},{"not_picked":["Distraction","Expertise"],"picked":"PiercingWail","floor":25.0},{"not_picked":["Deadly Poison","Acrobatics"],"picked":"Dagger Spray","floor":31.0}],"player_experience":494421,"relics_obtained":[{"floor":9.0,"key":"Vajra"},{"floor":10.0,"key":"Gremlin Horn"},{"floor":12.0,"key":"Dream Catcher"},{"floor":26.0,"key":"Darkstone Periapt"}],"event_choices":[{"damage_healed":0.0,"max_hp_gain":0.0,"max_hp_loss":0.0,"gold_gain":0.0,"event_name":"Shining Light","player_choice":"Entered Light","floor":2.0,"gold_loss":0.0,"damage_taken":20.0,"cards_upgraded":["Footwork","Strike_G"]},{"damage_healed":0.0,"max_hp_gain":0.0,"max_hp_loss":0.0,"gold_gain":75.0,"event_name":"World of Goop","player_choice":"Gather Gold","floor":3.0,"gold_loss":0.0,"damage_taken":11.0},{"damage_healed":0.0,"max_hp_gain":0.0,"max_hp_loss":6.0,"gold_gain":0.0,"event_name":"Golden Idol","player_choice":"Lose Max HP","floor":4.0,"gold_loss":0.0,"damage_taken":0.0,"relics_obtained":["Golden Idol"]},{"damage_healed":0.0,"max_hp_gain":5.0,"max_hp_loss":0.0,"gold_gain":0.0,"event_name":"Big Fish","player_choice":"Donut","floor":14.0,"gold_loss":0.0,"damage_taken":0.0},{"damage_healed":0.0,"max_hp_gain":0.0,"max_hp_loss":0.0,"gold_gain":0.0,"event_name":"The Library","player_choice":"Read","floor":19.0,"gold_loss":0.0,"damage_taken":0.0,"cards_obtained":["Leg Sweep"]},{"damage_healed":0.0,"max_hp_gain":0.0,"max_hp_loss":0.0,"gold_gain":0.0,"event_name":"Back to Basics","player_choice":"Simplicity","floor":21.0,"gold_loss":0.0,"damage_taken":0.0,"cards_upgraded":["Defend_G","Defend_G","Defend_G","Defend_G","Defend_G","Strike_G","Strike_G","Strike_G","Strike_G"]},{"damage_healed":0.0,"max_hp_gain":0.0,"max_hp_loss":0.0,"gold_gain":0.0,"event_name":"Addict","player_choice":"Stole Relic","floor":24.0,"gold_loss":0.0,"damage_taken":0.0,"relics_obtained":["The Courier"],"cards_obtained":["Shame"]},{"damage_healed":0.0,"max_hp_gain":0.0,"max_hp_loss":0.0,"gold_gain":0.0,"event_name":"Drug Dealer","player_choice":"Inject Mutagens","floor":28.0,"gold_loss":0.0,"damage_taken":0.0,"relics_obtained":["MutagenicStrength"]}],"is_beta":false,"boss_relics":[{"not_picked":["Sozu","Snecko Eye"],"picked":"WristBlade"}],"items_purged_floors":[],"is_endless":false,"potions_floor_spawned":[1,7,8,12,16,22],"killed_by":"Champ","ascension_level":18}