{"gold_per_floor":[117,117,133,1,16,16,16,50,75,105,105,169,169,199,199,275,275,289,303,320,179,179,179,193,211,211,223,223,242,242,157,157,231,231,247,263,263,276,276,276,290,290,290,290,5,5,25,25,25,25,25,25,25,25,57,57],"floor_reached":57,"playtime":3053,"items_purged":["Strike_R","Strike_R"],"score":2515,"play_id":"d6bcd0f8-ee97-49b3-b704-5b77bfe7e2fa","local_time":"20190314221214","is_ascension_mode":true,"campfire_choices":[{"data":"Inflame","floor":6.0,"key":"SMITH"},{"data":"Iron Wave","floor":11.0,"key":"SMITH"},{"floor":13.0,"key":"REST"},{"data":"Corruption","floor":15.0,"key":"SMITH"},{"floor":23.0,"key":"REST"},{"data":"Barricade","floor":28.0,"key":"SMITH"},{"data":"Inflame","floor":30.0,"key":"SMITH"},{"data":"Pommel Strike","floor":32.0,"key":"SMITH"},{"floor":40.0,"key":"RECALL"},{"data":"Evolve","floor":42.0,"key":"SMITH"},{"data":"Corruption","floor":44.0,"key":"SMITH"},{"data":"Feel No Pain","floor":49.0,"key":"SMITH"},{"data":"Flame Barrier","floor":53.0,"key":"SMITH"}],"neow_cost":"TEN_PERCENT_HP_LOSS","seed_source_timestamp":3969284511417,"circlet_count":0,"master_deck":["AscendersBane","Strike_R","Defend_R+1","Defend_R","Defend_R","Defend_R","Bash","Berserk","Dropkick","Evolve+1","Pommel Strike+1","Anger","Inflame+1","Iron Wave+1","Feed","Flame Barrier+1","Corruption+1","Barricade+1","True Grit+1","Flame Barrier+1","Dropkick","Inflame+1","True Grit","Disarm","Havoc+1","Corruption+1","Shrug It Off","Shrug It Off","Feel No Pain+1","Spot Weakness","Flame Barrier+1","Warcry+1"],"special_seed":0,"relics":["Burning Blood","Ancient Tea Set","Question Card","Orichalcum","Centennial Puzzle","Dead Branch","Sundial","Mark of Pain","Enchiridion","Bird Faced Urn","War Paint","Coffee Dripper","Vajra","Bronze Scales"],"potions_floor_usage":[],"damage_taken":[{"damage":4.0,"enemies":"Cultist","floor":1.0,"turns":3.0},{"damage":5.0,"enemies":"2 Louse","floor":3.0,"turns":4.0},{"damage":9.0,"enemies":"Small Slimes","floor":5.0,"turns":4.0},{"damage":25.0,"enemies":"3 Sentries","floor":8.0,"turns":7.0},{"damage":6.0,"enemies":"Gremlin Nob","floor":10.0,"turns":3.0},{"damage":28.0,"enemies":"Lagavulin Event","floor":12.0,"turns":5.0},{"damage":16.0,"enemies":"3 Sentries","floor":14.0,"turns":5.0},{"damage":8.0,"enemies":"Hexaghost","floor":16.0,"turns":5.0},{"damage":15.0,"enemies":"Spheric Guardian","floor":18.0,"turns":4.0},{"damage":3.0,"enemies":"3 Byrds","floor":19.0,"turns":3.0},{"damage":14.0,"enemies":"3 Cultists","floor":20.0,"turns":5.0},{"damage":7.0,"enemies":"Snake Plant","floor":24.0,"turns":3.0},{"damage":0.0,"enemies":"Cultist and Chosen","floor":25.0,"turns":2.0},{"damage":19.0,"enemies":"Centurion and Healer","floor":27.0,"turns":6.0},{"damage":15.0,"enemies":"Snecko","floor":29.0,"turns":5.0},{"damage":28.0,"enemies":"Collector","floor":33.0,"turns":3.0},{"damage":19.0,"enemies":"3 Darklings","floor":35.0,"turns":4.0},{"damage":3.0,"enemies":"3 Shapes","floor":36.0,"turns":3.0},{"damage":17.0,"enemies":"3 Darklings","floor":38.0,"turns":4.0},{"damage":24.0,"enemies":"Writhing Mass","floor":41.0,"turns":3.0},{"damage":20.0,"enemies":"4 Shapes","floor":47.0,"turns":5.0},{"damage":37.0,"enemies":"Awakened One","floor":50.0,"turns":11.0},{"damage":4.0,"enemies":"Donu and Deca","floor":51.0,"turns":4.0},{"damage":6.0,"enemies":"Shield and Spear","floor":55.0,"turns":6.0},{"damage":76,"enemies":"The Heart","floor":56,"turns":6}],"seed_played":"-878253068180517060","potions_obtained":[{"floor":1.0,"key":"Fruit Juice"},{"floor":3.0,"key":"Block Potion"},{"floor":8.0,"key":"BloodPotion"},{"floor":14.0,"key":"Strength Potion"},{"floor":16.0,"key":"Block Potion"},{"floor":18.0,"key":"Dexterity Potion"},{"floor":33.0,"key":"EssenceOfSteel"}],"is_trial":false,"path_per_floor":["M","?","M","$","M","R","?","E","T","E","R","?","R","E","R","B",null,"M","M","M","$","?","R","M","M","T","M","R","M","R","?","R","B",null,"M","M","?","M","?","R","M","R","T","R","$","$","M","$","R","B","B",null,"R","$","E","B",null],"character_chosen":"IRONCLAD","items_purchased":["Anger","Inflame","Vajra","Feel No Pain","Spot Weakness"],"campfire_rested":2,"item_purchase_floors":[4,21,45,45,45],"current_hp_per_floor":[68,50,51,51,48,48,48,29,29,29,29,19,40,30,30,28,62,53,59,54,54,33,56,58,67,67,82,82,85,85,85,85,74,85,88,88,88,88,88,88,76,76,76,76,76,76,83,83,83,66,91,91,91,91,91,53],"gold":57,"neow_bonus":"TRANSFORM_TWO_CARDS","is_prod":false,"is_daily":false,"chose_seed":false,"campfire_upgraded":10,"win_rate":0,"timestamp":1552597934,"path_taken":["M","?","M","$","M","R","?","E","T","E","R","?","R","E","R","BOSS","M","M","M","$","?","R","M","M","T","M","R","M","R","?","R","BOSS","M","M","?","M","?","R","?","R","T","R","?","$","?","?","R","BOSS","BOSS","R","$","E","BOSS"],"build_version":"2019-01-23","purchased_purges":2,"victory":true,"max_hp_per_floor":[68,68,68,68,68,68,68,68,68,68,68,73,73,73,73,73,73,73,76,79,79,79,79,82,85,85,85,85,85,85,85,85,88,88,88,88,88,88,88,88,88,88,88,88,88,88,91,91,91,91,91,91,91,91,91,91],"card_choices":[{"not_picked":["Heavy Blade","Rupture"],"picked":"Evolve","floor":1.0},{"not_picked":["Clash","Rage"],"picked":"Pommel Strike","floor":3.0},{"not_picked":["Wild Strike","Seeing Red"],"picked":"Inflame","floor":5.0},{"not_picked":["Spot Weakness","Armaments"],"picked":"Iron Wave","floor":8.0},{"not_picked":["Anger","Sword Boomerang","Feel No Pain"],"picked":"Feed","floor":10.0},{"not_picked":["True Grit","Wild Strike","Perfected Strike"],"picked":"Flame Barrier","floor":12.0},{"not_picked":["Inflame","Armaments","Heavy Blade"],"picked":"Corruption","floor":14.0},{"not_picked":["Brutality","Dark Embrace","Reaper"],"picked":"Barricade","floor":16.0},{"not_picked":["Body Slam+1","Second Wind","Flex"],"picked":"True Grit+1","floor":18.0},{"not_picked":["Flex","Iron Wave+1","Body Slam"],"picked":"Flame Barrier+1","floor":19.0},{"not_picked":["Body Slam","Wild Strike","Heavy Blade"],"picked":"Dropkick","floor":20.0},{"not_picked":["Clash","Corruption","Perfected Strike"],"picked":"True Grit","floor":24.0},{"not_picked":["Cleave+1","Clothesline","Heavy Blade"],"picked":"Disarm","floor":25.0},{"not_picked":["Cleave","Heavy Blade","Bludgeon"],"picked":"Havoc+1","floor":27.0},{"not_picked":["Clothesline","Sever Soul","Sword Boomerang","Body Slam"],"picked":"SKIP","floor":29.0},{"not_picked":["Spot Weakness+1","Thunderclap","Reckless Charge"],"picked":"Corruption","floor":35.0},{"not_picked":["Power Through","Anger","Reckless Charge"],"picked":"Shrug It Off","floor":36.0},{"not_picked":["Iron Wave+1","Wild Strike+1","Searing Blow+1"],"picked":"Shrug It Off","floor":38.0},{"not_picked":["Clothesline","Flex","Twin Strike","Thunderclap"],"picked":"SKIP","floor":41.0},{"not_picked":["Evolve","Bloodletting+1","Sword Boomerang"],"picked":"Flame Barrier","floor":47.0},{"not_picked":["Heavy Blade","Reaper","Infernal Blade"],"picked":"Warcry+1","floor":55}],"player_experience":701011,"relics_obtained":[{"floor":8.0,"key":"Question Card"},{"floor":9.0,"key":"Orichalcum"},{"floor":10.0,"key":"Centennial Puzzle"},{"floor":12.0,"key":"Dead Branch"},{"floor":14.0,"key":"Sundial"},{"floor":22.0,"key":"Enchiridion"},{"floor":26.0,"key":"Bird Faced Urn"},{"floor":55,"key":"Bronze Scales"}],"event_choices":[{"damage_healed":0.0,"max_hp_gain":0.0,"max_hp_loss":0.0,"gold_gain":0.0,"event_name":"Scrap Ooze","player_choice":"Success","floor":2.0,"gold_loss":0.0,"damage_taken":18.0,"relics_obtained":["Ancient Tea Set"]},{"damage_healed":0.0,"max_hp_gain":0.0,"max_hp_loss":0.0,"gold_gain":0.0,"event_name":"The Cleric","player_choice":"Leave","floor":7.0,"gold_loss":0.0,"damage_taken":0.0},{"damage_healed":0.0,"max_hp_gain":0.0,"max_hp_loss":0.0,"gold_gain":0.0,"event_name":"Dead Adventurer","player_choice":"Searched \u00272\u0027 times","floor":12.0,"gold_loss":0.0,"damage_taken":0.0},{"damage_healed":0.0,"max_hp_gain":0.0,"max_hp_loss":0.0,"gold_gain":0.0,"event_name":"Cursed Tome","player_choice":"Obtained Book","floor":22.0,"gold_loss":0.0,"damage_taken":21.0},{"damage_healed":0.0,"max_hp_gain":0.0,"max_hp_loss":0.0,"gold_gain":0.0,"event_name":"Addict","player_choice":"Obtained Relic","floor":31.0,"gold_loss":85.0,"damage_taken":0.0,"relics_obtained":["War Paint"]},{"damage_healed":0.0,"max_hp_gain":0.0,"max_hp_loss":0.0,"gold_gain":0.0,"event_name":"Tomb of Lord Red Mask","player_choice":"Ignored","floor":37.0,"gold_loss":0.0,"damage_taken":0.0},{"damage_healed":0.0,"max_hp_gain":0.0,"max_hp_loss":0.0,"gold_gain":0.0,"event_name":"SecretPortal","player_choice":"Ignored","floor":39.0,"gold_loss":0.0,"damage_taken":0.0}],"is_beta":false,"boss_relics":[{"not_picked":["Runic Pyramid","Philosopher\u0027s Stone"],"picked":"Mark of Pain"},{"not_picked":["Eternal Feather","Fusion Hammer"],"picked":"Coffee Dripper"}],"items_purged_floors":[4,21],"is_endless":false,"potions_floor_spawned":[1,3,8,14,16,18,20,27,33,35,41,47],"ascension_level":20}