{"gold_per_floor":[218,218,233,383,383,383,396,415,415,429,447,447,482,32,32,109,109,120,120,170,69,89,89],"floor_reached":23,"playtime":735,"items_purged":["Strike_B"],"score":359,"play_id":"5971b064-f560-4e91-aa4d-e1af671f3918","local_time":"20190525184610","is_ascension_mode":true,"campfire_choices":[{"data":"Zap","floor":6,"key":"SMITH"},{"data":"Consume","floor":12,"key":"SMITH"},{"floor":15,"key":"REST"}],"neow_cost":"NONE","seed_source_timestamp":1020662269456500,"circlet_count":0,"master_deck":["AscendersBane","Defend_B","Defend_B","Defend_B","Defend_B","Zap+1","Dualcast","Capacitor","Ball Lightning","Compile Driver","Conserve Battery","Consume+1","BootSequence","Cold Snap","Melter","Echo Form","Sunder","Bite","Bite","Bite","Bite","Bite","Capacitor","Hologram","Tempest"],"relics":["FrozenCore","Pear","Nunchaku","Unceasing Top"],"potions_floor_usage":[16,16],"damage_taken":[{"damage":14,"enemies":"Small Slimes","floor":1,"turns":4},{"damage":2,"enemies":"2 Louse","floor":3,"turns":2},{"damage":0,"enemies":"Jaw Worm","floor":7,"turns":3},{"damage":6,"enemies":"Blue Slaver","floor":8,"turns":3},{"damage":3,"enemies":"3 Louse","floor":10,"turns":4},{"damage":18,"enemies":"Gremlin Gang","floor":11,"turns":4},{"damage":13,"enemies":"Lagavulin","floor":13,"turns":7},{"damage":20,"enemies":"The Guardian","floor":16,"turns":9},{"damage":21,"enemies":"Chosen","floor":18,"turns":6},{"damage":0,"enemies":"Spheric Guardian","floor":22,"turns":2},{"damage":60,"enemies":"Gremlin Leader","floor":23,"turns":6}],"seed_played":"-4400512783430377947","potions_obtained":[{"floor":1,"key":"Dexterity Potion"},{"floor":7,"key":"LiquidBronze"}],"is_trial":false,"path_per_floor":["M","?","M","?","?","R","M","M","T","M","M","R","E","$","R","B",null,"M","?","?","$","M","E"],"character_chosen":"DEFECT","items_purchased":["Unceasing Top","Melter","Capacitor","Hologram"],"campfire_rested":1,"item_purchase_floors":[14,14,21,21],"current_hp_per_floor":[50,55,53,53,46,46,46,40,50,47,29,29,16,16,41,21,70,49,49,43,43,43,0],"gold":89,"neow_bonus":"HUNDRED_GOLD","is_prod":false,"is_daily":false,"chose_seed":false,"campfire_upgraded":2,"win_rate":0,"timestamp":1558802770,"path_taken":["M","?","M","?","?","R","M","M","T","?","M","R","E","$","R","BOSS","M","?","?","$","M","E"],"build_version":"2019-01-23","purchased_purges":1,"victory":false,"max_hp_per_floor":[71,76,76,76,76,76,76,76,86,86,86,86,86,86,86,86,86,86,60,60,60,60,60],"card_choices":[{"not_picked":["Aggregate","Darkness"],"picked":"Capacitor","floor":1},{"not_picked":["Beam Cell","BootSequence"],"picked":"Ball Lightning","floor":3},{"not_picked":["Heatsinks","Redo"],"picked":"Compile Driver","floor":7},{"not_picked":["Ball Lightning","Turbo"],"picked":"Conserve Battery","floor":8},{"not_picked":["Redo","Fusion"],"picked":"Consume","floor":10},{"not_picked":["Skim","Conserve Battery"],"picked":"BootSequence","floor":11},{"not_picked":["Hologram","Streamline"],"picked":"Cold Snap","floor":13},{"not_picked":["Meteor Strike","Fission"],"picked":"Echo Form","floor":16},{"not_picked":["Barrage","FTL"],"picked":"Sunder","floor":18},{"not_picked":["Rebound","Turbo+1"],"picked":"Tempest","floor":22}],"player_experience":1201647,"relics_obtained":[{"floor":9,"key":"Pear"},{"floor":13,"key":"Nunchaku"}],"event_choices":[{"damage_healed":0,"gold_gain":0,"player_choice":"Donut","damage_taken":0,"max_hp_gain":5,"max_hp_loss":0,"event_name":"Big Fish","floor":2,"gold_loss":0},{"damage_healed":0,"gold_gain":150,"player_choice":"AGREE","damage_taken":0,"max_hp_gain":0,"max_hp_loss":0,"event_name":"Liars Game","floor":4,"gold_loss":0,"cards_obtained":["Doubt"]},{"cards_removed":["Doubt"],"damage_healed":0,"gold_gain":0,"player_choice":"Card Removal","damage_taken":7,"max_hp_gain":0,"max_hp_loss":0,"event_name":"Golden Wing","floor":5,"gold_loss":0},{"damage_healed":0,"gold_gain":0,"player_choice":"Became a vampire","damage_taken":0,"max_hp_gain":0,"max_hp_loss":26,"event_name":"Vampires","floor":19,"gold_loss":0,"cards_obtained":["Bite","Bite","Bite","Bite","Bite"]},{"damage_healed":0,"gold_gain":50,"player_choice":"Touch","damage_taken":6,"max_hp_gain":0,"max_hp_loss":0,"event_name":"FaceTrader","floor":20,"gold_loss":0}],"is_beta":false,"boss_relics":[{"not_picked":["Runic Pyramid","Snecko Eye"],"picked":"FrozenCore"}],"items_purged_floors":[14],"is_endless":false,"potions_floor_spawned":[1,7,10],"killed_by":"Gremlin Leader","ascension_level":15}