{"gold_per_floor":[146,156,171,171,185,185,201,201,227,227,227,240,240,253,253,352,352,367,292,308,308],"floor_reached":21,"playtime":774,"items_purged":[],"score":311,"play_id":"c367aff8-d6b8-47f9-b1c2-feff1ca59a99","local_time":"20190609010520","is_ascension_mode":true,"campfire_choices":[{"data":"True Grit","floor":6,"key":"SMITH"},{"data":"Burning Pact","floor":8,"key":"SMITH"},{"data":"Bash","floor":11,"key":"SMITH"},{"data":"Flame Barrier","floor":13,"key":"SMITH"},{"floor":15,"key":"REST"}],"neow_cost":"NONE","seed_source_timestamp":159822094116800,"circlet_count":0,"master_deck":["AscendersBane","Strike_R","Strike_R","Strike_R","Strike_R","Defend_R","Defend_R","Defend_R","Defend_R","Bash+1","True Grit+1","Wild Strike","Clash","Burning Pact+1","Clash","Flame Barrier+1","Offering","Juggernaut","Dual Wield","Evolve"],"relics":["Burning Blood","Tiny Chest","Blood Vial","Golden Idol","Mark of Pain"],"potions_floor_usage":[16],"damage_taken":[{"damage":9,"enemies":"Jaw Worm","floor":1,"turns":3},{"damage":22,"enemies":"Small Slimes","floor":2,"turns":5},{"damage":5,"enemies":"2 Louse","floor":3,"turns":3},{"damage":22,"enemies":"Large Slime","floor":5,"turns":7},{"damage":11,"enemies":"2 Fungi Beasts","floor":7,"turns":4},{"damage":6,"enemies":"Blue Slaver","floor":12,"turns":4},{"damage":13,"enemies":"Exordium Thugs","floor":14,"turns":4},{"damage":38,"enemies":"The Guardian","floor":16,"turns":10},{"damage":42,"enemies":"Spheric Guardian","floor":18,"turns":7},{"damage":22,"enemies":"Shell Parasite","floor":20,"turns":5},{"damage":18,"enemies":"Cultist and Chosen","floor":21,"turns":3}],"seed_played":"8524341715941186960","potions_obtained":[{"floor":3,"key":"Dexterity Potion"},{"floor":5,"key":"Poison Potion"},{"floor":14,"key":"Fire Potion"},{"floor":20,"key":"EssenceOfSteel"}],"is_trial":false,"path_per_floor":["M","M","M","?","M","R","M","R","T","?","R","M","R","M","R","B",null,"M","?","M","M"],"character_chosen":"IRONCLAD","items_purchased":[],"campfire_rested":1,"item_purchase_floors":[],"current_hp_per_floor":[65,49,50,43,27,27,22,22,22,22,22,24,24,19,41,11,59,25,25,11,0],"gold":308,"neow_bonus":"RANDOM_COMMON_RELIC","is_prod":false,"is_daily":false,"chose_seed":false,"campfire_upgraded":4,"win_rate":0,"timestamp":1560035120,"path_taken":["M","M","M","?","M","R","M","R","T","?","R","M","R","M","R","BOSS","M","?","M","M"],"build_version":"2019-01-23","purchased_purges":0,"victory":false,"max_hp_per_floor":[75,75,75,75,75,75,75,75,75,75,75,75,75,75,75,75,75,75,75,75,75],"card_choices":[{"not_picked":["Wild Strike","Flex"],"picked":"True Grit","floor":1},{"not_picked":["Warcry","Cleave"],"picked":"Wild Strike","floor":2},{"not_picked":["Dual Wield","Hemokinesis"],"picked":"Clash","floor":3},{"not_picked":["Inflame","Pommel Strike"],"picked":"Burning Pact","floor":5},{"not_picked":["Twin Strike","Clothesline"],"picked":"Clash","floor":7},{"not_picked":["Ghostly Armor","Anger"],"picked":"Flame Barrier","floor":12},{"not_picked":["Anger","Sentinel"],"picked":"Offering","floor":14},{"not_picked":["Offering","Limit Break"],"picked":"Juggernaut","floor":16},{"not_picked":["Twin Strike","Burning Pact"],"picked":"Dual Wield","floor":18},{"not_picked":["Warcry","Clash"],"picked":"Evolve","floor":20}],"player_experience":1241028,"relics_obtained":[{"floor":9,"key":"Blood Vial"}],"event_choices":[{"cards_removed":["Strike_R"],"damage_healed":0,"gold_gain":0,"player_choice":"Card Removal","damage_taken":7,"max_hp_gain":0,"max_hp_loss":0,"event_name":"Golden Wing","floor":4,"gold_loss":0},{"damage_healed":0,"gold_gain":0,"player_choice":"Take Wound","damage_taken":0,"relics_obtained":["Golden Idol"],"max_hp_gain":0,"max_hp_loss":0,"event_name":"Golden Idol","floor":10,"gold_loss":0,"cards_obtained":["Injury"]},{"cards_removed":["Injury"],"damage_healed":0,"gold_gain":0,"player_choice":"Gave Gold","damage_taken":0,"max_hp_gain":0,"max_hp_loss":0,"event_name":"Beggar","floor":19,"gold_loss":75}],"is_beta":false,"boss_relics":[{"not_picked":["Sozu","Orrery"],"picked":"Mark of Pain"}],"items_purged_floors":[],"is_endless":false,"potions_floor_spawned":[3,5,12,14,20],"killed_by":"Cultist and Chosen","ascension_level":16}