{"gold_per_floor":[118,118,43,43,63,89,89,107,131,131,148,148,163,195,195,272,272,282,301,5,22,42,42,67,67,67,78,78,78],"floor_reached":29,"playtime":1589,"items_purged":["Strike_B"],"score":434,"play_id":"7f8d0d4c-20d3-47fb-bebb-f016031f63be","local_time":"20180921183326","is_ascension_mode":true,"campfire_choices":[{"data":"Zap","floor":7,"key":"SMITH"},{"data":"Sweeping Beam","floor":10,"key":"SMITH"},{"floor":12,"key":"REST"},{"floor":15,"key":"REST"},{"floor":23,"key":"REST"},{"floor":25,"key":"REST"}],"neow_cost":"NONE","seed_source_timestamp":378254194355900,"circlet_count":0,"master_deck":["Strike_B","Strike_B","Strike_B","Defend_B","Defend_B","Defend_B","Defend_B","Zap+1","Dualcast","AscendersBane","All For One","Go for the Eyes","White Noise","Sweeping Beam+1","Steam","Streamline","Barrage","Beam Cell","Doom and Gloom","Fission","Go for the Eyes","Redo+1","FTL","White Noise","Hologram","Defragment","Gash"],"relics":["Cracked Core","Centennial Puzzle","Vajra","Du-Vu Doll","Inserter","Boot","Smiling Mask","Bottled Tornado","Bronze Scales"],"potions_floor_usage":[6,16,18,24],"damage_taken":[{"damage":12,"enemies":"Jaw Worm","floor":1,"turns":3},{"damage":5,"enemies":"2 Louse","floor":5,"turns":3},{"damage":20,"enemies":"Lagavulin","floor":6,"turns":6},{"damage":0,"enemies":"Cultist","floor":8,"turns":3},{"damage":1,"enemies":"Looter","floor":11,"turns":3},{"damage":13,"enemies":"Lots of Slimes","floor":13,"turns":3},{"damage":8,"enemies":"Gremlin Nob","floor":14,"turns":3},{"damage":15,"enemies":"The Guardian","floor":16,"turns":8},{"damage":0,"enemies":"3 Byrds","floor":18,"turns":4},{"damage":3,"enemies":"Chosen","floor":19,"turns":3},{"damage":29,"enemies":"3 Cultists","floor":21,"turns":5},{"damage":14,"enemies":"Cultist and Chosen","floor":22,"turns":5},{"damage":34,"enemies":"Book of Stabbing","floor":24,"turns":5},{"damage":19,"enemies":"Centurion and Healer","floor":27,"turns":5},{"damage":14,"enemies":"Gremlin Leader","floor":29,"turns":2}],"seed_played":"5386464582657498710","potions_obtained":[{"floor":5,"key":"FearPotion"},{"floor":8,"key":"Swift Potion"},{"floor":13,"key":"Block Potion"},{"floor":16,"key":"EssenceOfSteel"}],"is_trial":false,"path_per_floor":["M","?","$","?","M","E","R","M","T","R","M","R","M","E","R","B",null,"M","M","$","M","M","R","E","R","T","M","T"],"character_chosen":"DEFECT","items_purchased":["White Noise","FTL","Boot"],"campfire_rested":4,"item_purchase_floors":[3,20,20],"current_hp_per_floor":[52,52,52,52,47,34,34,34,34,34,33,54,41,33,54,39,63,63,60,60,31,17,38,4,25,25,13,13,0],"gold":78,"neow_bonus":"ONE_RANDOM_RARE_CARD","is_prod":false,"is_daily":false,"chose_seed":false,"campfire_upgraded":2,"win_rate":0,"timestamp":1537551206,"path_taken":["M","?","$","?","?","E","R","M","T","R","M","R","M","E","R","BOSS","M","M","$","?","M","R","E","R","T","?","?","E"],"build_version":"2018-09-20","purchased_purges":1,"victory":false,"max_hp_per_floor":[71,71,71,71,71,71,71,71,71,71,71,71,71,71,71,71,71,71,71,71,71,71,71,71,71,71,71,71,71],"card_choices":[{"not_picked":["Streamline","Auto Shields"],"picked":"Go for the Eyes","floor":1},{"not_picked":["Fusion","Cold Snap"],"picked":"Sweeping Beam","floor":5},{"not_picked":["Ball Lightning","Compile Driver"],"picked":"Steam","floor":6},{"not_picked":["Skim","Turbo"],"picked":"Streamline","floor":8},{"not_picked":["Turbo","Compile Driver"],"picked":"Barrage","floor":11},{"not_picked":["Go for the Eyes","Steam"],"picked":"Beam Cell","floor":13},{"not_picked":["Storm","Beam Cell"],"picked":"Doom and Gloom","floor":14},{"not_picked":["Multi-Cast","Biased Cognition"],"picked":"Fission","floor":16},{"not_picked":["Steam","Undo"],"picked":"Go for the Eyes","floor":18},{"not_picked":["Steam Power","Barrage"],"picked":"Redo+1","floor":19},{"not_picked":["Static Discharge","Barrage"],"picked":"White Noise","floor":21},{"not_picked":["Amplify","Reprogram+1"],"picked":"Hologram","floor":22},{"not_picked":["Static Discharge","Streamline"],"picked":"Defragment","floor":24},{"not_picked":["Cold Snap","Hologram"],"picked":"Gash","floor":27}],"player_experience":749922,"relics_obtained":[{"floor":6,"key":"Centennial Puzzle"},{"floor":9,"key":"Vajra"},{"floor":14,"key":"Du-Vu Doll"},{"floor":24,"key":"Smiling Mask"},{"floor":26,"key":"Bottled Tornado"},{"floor":28,"key":"Bronze Scales"}],"event_choices":[{"event_name":"Golden Idol","player_choice":"Ignored","floor":2,"damage_taken":0},{"event_name":"WeMeetAgain","player_choice":"Attack","floor":4,"damage_taken":0}],"is_beta":false,"boss_relics":[{"not_picked":["White Beast Statue","Tiny House"],"picked":"Inserter"}],"items_purged_floors":[20],"is_endless":false,"potions_floor_spawned":[5,8,13,16],"killed_by":"Gremlin Leader","ascension_level":14}