{"path_per_floor":["M","?","?","M","M","R","?","R","T","M","R","E","?","M","R","B",null,"M","M","M","M","?","R","M","R","T","M","M","M","$","M","R","B",null,"M","M","M","$","M","R","?","R","T","R","?","?","?","$","R","B"],"character_chosen":"IRONCLAD","items_purchased":["Whirlwind","Shuriken","Juzu Bracelet","Bag of Preparation","Offering"],"gold_per_floor":[118,118,118,141,156,156,156,156,229,250,250,281,356,375,375,495,495,518,541,554,567,601,601,626,626,651,669,683,697,285,310,310,434,434,455,475,491,90,115,115,215,215,240,240,240,240,240,169,169,169],"floor_reached":51,"campfire_rested":3,"playtime":1290,"current_hp_per_floor":[75,75,74,72,74,74,59,59,59,54,74,64,53,49,49,39,74,70,69,68,59,53,53,51,73,73,68,74,69,69,74,74,74,74,55,61,60,60,62,62,62,62,69,81,81,81,81,81,81,81],"items_purged":["Regret","Defend_R"],"gold":169,"score":726,"play_id":"9727b89c-5162-493a-85ef-7eb38864ec8e","local_time":"20180512133942","is_prod":false,"is_daily":false,"chose_seed":false,"is_ascension_mode":false,"campfire_upgraded":8,"timestamp":1526128782,"path_taken":["M","?","?","M","M","R","?","R","T","?","R","E","?","M","R","BOSS","M","M","M","M","?","R","M","R","T","M","M","M","$","M","R","BOSS","M","M","M","$","M","R","?","R","T","R","?","?","?","$","R","BOSS"],"build_version":"2018-05-10","seed_source_timestamp":232133928782730,"purchased_purges":3,"victory":true,"master_deck":["Strike_R+1","Strike_R","Strike_R","Strike_R","Strike_R","Defend_R","Defend_R+1","Bash+1","Perfected Strike+1","Perfected Strike+1","Perfected Strike+1","Double Tap+1","Shockwave+1","Flex+1","Whirlwind+1","Flex+1","Offering+1"],"max_hp_per_floor":[80,80,74,74,74,74,74,74,74,74,74,74,74,74,74,74,74,74,74,74,74,74,74,74,74,74,74,74,74,74,74,74,74,74,74,74,74,74,74,74,74,74,81,81,81,81,81,81,81,81],"relics":["Burning Blood","Happy Flower","Golden Idol","Meat on the Bone","Ancient Tea Set","Sozu","Red Mask","Pen Nib","Shuriken","Philosopher\u0027s Stone","Juzu Bracelet","Bag of Preparation","Strawberry"],"card_choices":[{"not_picked":["Second Wind","Thunderclap"],"picked":"Perfected Strike","floor":1},{"not_picked":["Havoc","Blood for Blood"],"picked":"Perfected Strike","floor":5},{"not_picked":["Feel No Pain","Sever Soul"],"picked":"Perfected Strike","floor":14},{"not_picked":["Demon Form","Bludgeon"],"picked":"Double Tap","floor":16},{"not_picked":["Second Wind","Sword Boomerang"],"picked":"Shockwave","floor":20},{"not_picked":["Anger","Havoc"],"picked":"Flex","floor":27},{"not_picked":["Warcry","Feel No Pain"],"picked":"Flex","floor":36}],"player_experience":285896,"potions_floor_usage":[18,33,33],"damage_taken":[{"damage":11,"enemies":"Jaw Worm","floor":1,"turns":3},{"damage":8,"enemies":"2 Louse","floor":4,"turns":3},{"damage":4,"enemies":"Cultist","floor":5,"turns":3},{"damage":11,"enemies":"Large Slime","floor":10,"turns":2},{"damage":16,"enemies":"3 Sentries","floor":12,"turns":4},{"damage":10,"enemies":"Blue Slaver","floor":14,"turns":2},{"damage":28,"enemies":"The Guardian","floor":16,"turns":5},{"damage":10,"enemies":"Shell Parasite","floor":18,"turns":2},{"damage":7,"enemies":"Spheric Guardian","floor":19,"turns":3},{"damage":7,"enemies":"3 Cultists","floor":20,"turns":4},{"damage":15,"enemies":"Snake Plant","floor":21,"turns":2},{"damage":12,"enemies":"Masked Bandits","floor":22,"turns":3},{"damage":8,"enemies":"Slaver and Parasite","floor":24,"turns":2},{"damage":11,"enemies":"Cultist and Chosen","floor":27,"turns":4},{"damage":0,"enemies":"Snake Plant","floor":28,"turns":2},{"damage":11,"enemies":"3 Cultists","floor":29,"turns":4},{"damage":0,"enemies":"Centurion and Healer","floor":31,"turns":3},{"damage":4,"enemies":"Champ","floor":33,"turns":5},{"damage":25,"enemies":"3 Darklings","floor":35,"turns":3},{"damage":0,"enemies":"3 Shapes","floor":36,"turns":1},{"damage":7,"enemies":"Maw","floor":37,"turns":3},{"damage":4,"enemies":"3 Darklings","floor":39,"turns":3},{"damage":4,"enemies":"Donu and Deca","floor":50,"turns":3}],"event_choices":[{"event_name":"Big Fish","player_choice":"Box","floor":2,"damage_taken":0},{"event_name":"Golden Idol","player_choice":"Lose Max HP","floor":3,"damage_taken":0},{"event_name":"Shining Light","player_choice":"Entered Light","floor":7,"damage_taken":0},{"event_name":"World of Goop","player_choice":"Gather Gold","floor":13,"damage_taken":0},{"event_name":"Masked Bandits","player_choice":"Fought over 567 gold","floor":22,"damage_taken":0},{"event_name":"Golden Shrine","player_choice":"Pray","floor":41,"damage_taken":0},{"event_name":"Transmorgrifier","player_choice":"Skipped","floor":46,"damage_taken":0},{"event_name":"Tomb of Lord Red Mask","player_choice":"Ignored","floor":47,"damage_taken":0}],"boss_relics":[{"not_picked":["Runic Cube","Ectoplasm"],"picked":"Sozu"},{"not_picked":["Runic Pyramid","Calling Bell"],"picked":"Philosopher\u0027s Stone"}],"potions_floor_spawned":[4,10,14,16,21,22,27,31,33,36,37],"seed_played":"-7977835107950184481","ascension_level":0,"is_trial":false}