{"gold_per_floor":[114,132,150,170,181,181,208,208,208,208,3,22,22,32,32,136,136,152,137,137,137,153,153,153],"floor_reached":24,"playtime":1293,"items_purged":[],"score":310,"play_id":"1567a285-23cc-460e-af8e-53ec44d2a60b","local_time":"20190219163542","is_ascension_mode":true,"campfire_choices":[{"data":"Zap","floor":6,"key":"SMITH"},{"data":"Go for the Eyes","floor":8,"key":"SMITH"},{"data":"Coolheaded","floor":10,"key":"SMITH"},{"floor":15,"key":"REST"},{"floor":23,"key":"REST"}],"neow_cost":"NONE","seed_source_timestamp":50591231082500,"circlet_count":0,"master_deck":["AscendersBane","Strike_B","Strike_B","Strike_B","Strike_B","Defend_B","Defend_B","Defend_B","Defend_B","Zap+1","Dualcast","Go for the Eyes+1","Core Surge","Coolheaded+1","Hologram","Loop","Rip and Tear","Hologram","Storm","Rainbow","Glacier","Cold Snap+1","Zap+1","Conserve Battery"],"relics":["Cracked Core","Bag of Preparation","Lantern","Matryoshka","Medical Kit","Velvet Choker"],"potions_floor_usage":[5,16,18],"damage_taken":[{"damage":0,"enemies":"Cultist","floor":1,"turns":3},{"damage":0,"enemies":"Small Slimes","floor":2,"turns":2},{"damage":0,"enemies":"2 Louse","floor":3,"turns":1},{"damage":2,"enemies":"Exordium Thugs","floor":4,"turns":5},{"damage":25,"enemies":"Large Slime","floor":5,"turns":5},{"damage":31,"enemies":"Gremlin Nob","floor":7,"turns":4},{"damage":6,"enemies":"Blue Slaver","floor":12,"turns":3},{"damage":0,"enemies":"2 Fungi Beasts","floor":14,"turns":2},{"damage":10,"enemies":"The Guardian","floor":16,"turns":11},{"damage":13,"enemies":"3 Byrds","floor":18,"turns":3},{"damage":15,"enemies":"2 Thieves","floor":19,"turns":4},{"damage":14,"enemies":"Centurion and Healer","floor":22,"turns":7},{"damage":30,"enemies":"Book of Stabbing","floor":24,"turns":5}],"seed_played":"5499396890190739839","potions_obtained":[{"floor":2,"key":"FearPotion"},{"floor":4,"key":"SteroidPotion"},{"floor":7,"key":"Fire Potion"},{"floor":16,"key":"AttackPotion"}],"is_trial":false,"path_per_floor":["M","M","M","M","M","R","E","R","T","R","$","M","?","M","R","B",null,"M","M","?","?","M","R","E"],"character_chosen":"DEFECT","items_purchased":["Medical Kit"],"campfire_rested":2,"item_purchase_floors":[11],"current_hp_per_floor":[68,68,68,66,41,41,10,10,10,10,10,4,4,4,26,16,60,47,32,18,18,4,28,0],"gold":153,"neow_bonus":"RANDOM_COMMON_RELIC","is_prod":false,"is_daily":false,"chose_seed":false,"campfire_upgraded":3,"win_rate":0,"timestamp":1550590542,"path_taken":["M","?","M","M","M","R","E","R","T","R","?","M","?","M","R","BOSS","M","M","?","?","M","R","E"],"build_version":"2019-01-23","purchased_purges":0,"victory":false,"max_hp_per_floor":[75,75,75,75,75,75,75,75,75,75,75,75,75,75,75,75,75,75,75,80,80,80,80,80],"card_choices":[{"not_picked":["Turbo","Compile Driver"],"picked":"Go for the Eyes","floor":1},{"not_picked":["Gash","Go for the Eyes"],"picked":"Core Surge","floor":2},{"not_picked":["FTL","Go for the Eyes"],"picked":"Coolheaded","floor":3},{"not_picked":["Stack","Genetic Algorithm"],"picked":"Hologram","floor":4},{"not_picked":["Force Field","Core Surge"],"picked":"Loop","floor":5},{"not_picked":["Reboot","Recycle"],"picked":"Rip and Tear","floor":7},{"not_picked":["Stack","Go for the Eyes"],"picked":"Hologram","floor":12},{"not_picked":["Compile Driver","Steam"],"picked":"Storm","floor":14},{"not_picked":["Meteor Strike","Fission"],"picked":"Rainbow","floor":16},{"not_picked":["Steam","Scrape"],"picked":"Glacier","floor":18},{"not_picked":["Leap","BootSequence"],"picked":"Cold Snap+1","floor":19},{"not_picked":["Hologram","Ball Lightning"],"picked":"Conserve Battery","floor":22}],"player_experience":794409,"relics_obtained":[{"floor":7,"key":"Lantern"},{"floor":9,"key":"Matryoshka"}],"event_choices":[{"damage_healed":0,"gold_gain":0,"player_choice":"Leave","damage_taken":0,"max_hp_gain":0,"max_hp_loss":0,"event_name":"The Cleric","floor":13,"gold_loss":0},{"damage_healed":0,"gold_gain":0,"player_choice":"Shed Blood","damage_taken":19,"max_hp_gain":5,"max_hp_loss":0,"event_name":"Forgotten Altar","floor":20,"gold_loss":0},{"damage_healed":0,"gold_gain":0,"player_choice":"Copied","damage_taken":0,"max_hp_gain":0,"max_hp_loss":0,"event_name":"Duplicator","floor":21,"gold_loss":0,"cards_obtained":["Zap"]}],"is_beta":false,"boss_relics":[{"not_picked":["Black Star","Runic Pyramid"],"picked":"Velvet Choker"}],"items_purged_floors":[],"is_endless":false,"potions_floor_spawned":[2,4,7,16],"killed_by":"Book of Stabbing","ascension_level":11}