{"gold_per_floor":[112,126,126,145,13,13,38,3,3,47,47,47,72,72,72,168,168,183,201,1,1,24,24,39,15,96,96,110,110,110,20,20,20],"floor_reached":33,"playtime":1187,"items_purged":["Injury","Strike_G"],"score":441,"play_id":"484ae2b2-2926-4d3a-99f5-9030d82a2d9b","local_time":"20190626155608","is_ascension_mode":true,"campfire_choices":[{"data":"A Thousand Cuts","floor":6,"key":"SMITH"},{"data":"Neutralize","floor":11,"key":"SMITH"},{"floor":15,"key":"REST"},{"data":"After Image","floor":23,"key":"SMITH"},{"data":"Footwork","floor":27,"key":"SMITH"},{"data":"Blade Dance","floor":32,"key":"SMITH"}],"neow_cost":"NONE","seed_source_timestamp":747287911827000,"circlet_count":0,"master_deck":["AscendersBane","Defend_G+1","Defend_G+1","Defend_G+1","Defend_G+1","Defend_G+1","Strike_G+1","Strike_G+1","Strike_G+1","Strike_G+1","Survivor","Neutralize+1","A Thousand Cuts+1","Deadly Poison","Dagger Throw","Flying Knee","Blade Dance","Endless Agony","Backflip","Footwork+1","After Image+1","Cloak And Dagger","Blade Dance+1","Endless Agony","Shame","Infinite Blades","Caltrops+1","Backflip","Finisher","Caltrops"],"relics":["Ring of the Snake","Bloody Idol","Mummified Hand","Meat on the Bone","Eternal Feather","Pen Nib","Gremlin Horn"],"potions_floor_usage":[10,16,24,28,33,33],"damage_taken":[{"damage":2,"enemies":"Small Slimes","floor":1,"turns":5},{"damage":10,"enemies":"Jaw Worm","floor":2,"turns":5},{"damage":0,"enemies":"2 Louse","floor":4,"turns":2},{"damage":22,"enemies":"Lots of Slimes","floor":7,"turns":2},{"damage":25,"enemies":"Gremlin Nob","floor":10,"turns":4},{"damage":1,"enemies":"2 Fungi Beasts","floor":13,"turns":3},{"damage":19,"enemies":"Slime Boss","floor":16,"turns":9},{"damage":7,"enemies":"Shell Parasite","floor":18,"turns":7},{"damage":21,"enemies":"Chosen","floor":19,"turns":6},{"damage":18,"enemies":"Centurion and Healer","floor":22,"turns":5},{"damage":15,"enemies":"3 Cultists","floor":24,"turns":5},{"damage":8,"enemies":"Cultist and Chosen","floor":28,"turns":5},{"damage":68,"enemies":"Champ","floor":33,"turns":8}],"seed_played":"-4971759862265738884","potions_obtained":[{"floor":4,"key":"Weak Potion"},{"floor":10,"key":"SpeedPotion"},{"floor":22,"key":"Fire Potion"},{"floor":24,"key":"Block Potion"},{"floor":28,"key":"LiquidBronze"}],"is_trial":false,"path_per_floor":["M","M","?","M","$","R","M","?","T","E","R","$","M","?","R","B",null,"M","M","$","?","M","R","M","$","T","R","M","?","?","$","R","B"],"character_chosen":"THE_SILENT","items_purchased":["Blade Dance","Endless Agony","Strength Potion","Backflip","Caltrops"],"campfire_rested":1,"item_purchase_floors":[5,20,20,25,31],"current_hp_per_floor":[57,47,47,47,47,47,25,41,41,16,16,16,27,18,37,30,57,50,41,41,41,35,50,35,35,35,50,42,42,42,42,60,0],"gold":20,"neow_bonus":"ONE_RANDOM_RARE_CARD","is_prod":false,"is_daily":false,"chose_seed":false,"campfire_upgraded":5,"win_rate":0,"timestamp":1561557368,"path_taken":["M","M","?","M","$","R","M","?","T","E","R","?","M","?","R","BOSS","M","M","?","?","M","R","M","$","T","R","M","?","?","$","R","BOSS"],"build_version":"2019-01-23","purchased_purges":2,"victory":false,"max_hp_per_floor":[66,66,66,66,66,66,66,66,66,66,66,66,66,66,66,66,66,66,66,66,66,66,66,66,66,66,66,66,66,66,66,66,66],"card_choices":[{"not_picked":["Prepared","Underhanded Strike"],"picked":"Deadly Poison","floor":1},{"not_picked":["Outmaneuver","Slice"],"picked":"Dagger Throw","floor":2},{"not_picked":["Deflect","Escape Plan"],"picked":"Flying Knee","floor":4},{"not_picked":["PiercingWail","Deadly Poison"],"picked":"Endless Agony","floor":7},{"not_picked":["Predator","Terror"],"picked":"Backflip","floor":10},{"not_picked":["Blade Dance","All Out Attack"],"picked":"Footwork","floor":13},{"not_picked":["Glass Knife","Night Terror"],"picked":"After Image","floor":16},{"not_picked":["PiercingWail","Underhanded Strike"],"picked":"Cloak And Dagger","floor":18},{"not_picked":["Masterful Stab","Slice"],"picked":"Blade Dance","floor":19},{"not_picked":["Deadly Poison","Flying Knee"],"picked":"Infinite Blades","floor":22},{"not_picked":["Deadly Poison","Poisoned Stab"],"picked":"Caltrops+1","floor":24},{"not_picked":["Deadly Poison","Setup"],"picked":"Finisher","floor":28}],"player_experience":1480034,"relics_obtained":[{"floor":9,"key":"Mummified Hand"},{"floor":10,"key":"Meat on the Bone"},{"floor":26,"key":"Gremlin Horn"}],"event_choices":[{"damage_healed":0,"gold_gain":0,"player_choice":"Take Wound","damage_taken":0,"relics_obtained":["Golden Idol"],"max_hp_gain":0,"max_hp_loss":0,"event_name":"Golden Idol","floor":3,"gold_loss":0,"cards_obtained":["Injury"]},{"damage_healed":16,"gold_gain":0,"player_choice":"Healed","damage_taken":0,"max_hp_gain":0,"max_hp_loss":0,"event_name":"The Cleric","floor":8,"gold_loss":35},{"damage_healed":0,"gold_gain":0,"player_choice":"Damaged","damage_taken":9,"max_hp_gain":0,"max_hp_loss":0,"event_name":"Wheel of Change","floor":14,"gold_loss":0},{"damage_healed":0,"gold_gain":0,"player_choice":"Stole Relic","damage_taken":0,"relics_obtained":["Pen Nib"],"max_hp_gain":0,"max_hp_loss":0,"event_name":"Addict","floor":21,"gold_loss":0,"cards_obtained":["Shame"]},{"damage_healed":0,"gold_gain":0,"player_choice":"Simplicity","damage_taken":0,"max_hp_gain":0,"max_hp_loss":0,"event_name":"Back to Basics","floor":29,"gold_loss":0,"cards_upgraded":["Defend_G","Defend_G","Defend_G","Defend_G","Defend_G","Strike_G","Strike_G","Strike_G","Strike_G"]},{"damage_healed":0,"gold_gain":0,"player_choice":"Gave Idol","damage_taken":0,"relics_obtained":["Bloody Idol"],"max_hp_gain":0,"max_hp_loss":0,"event_name":"Forgotten Altar","floor":30,"relics_lost":["Golden Idol"],"gold_loss":0}],"is_beta":false,"boss_relics":[{"not_picked":["Lizard Tail","Tiny House"],"picked":"Eternal Feather"}],"items_purged_floors":[5,20],"is_endless":false,"potions_floor_spawned":[4,10,22,24,28],"killed_by":"Champ","ascension_level":16}