{"gold_per_floor":[111,111,131,145,21,21,32,62,88,88,102,102,2,2,2,76,76,91,91,39,51,51,51,62,62,87,101,120,120,133,150,150,150],"floor_reached":33,"playtime":1277,"items_purged":["Regret","Brutality"],"score":511,"play_id":"1ca00322-ba7d-4ea8-8b3f-2580f541b153","local_time":"20190516050907","is_ascension_mode":true,"campfire_choices":[{"data":"Bash","floor":6,"key":"SMITH"},{"data":"Inflame","floor":10,"key":"SMITH"},{"data":"Clothesline","floor":12,"key":"SMITH"},{"data":"Heavy Blade","floor":15,"key":"SMITH"},{"floor":23,"key":"REST"},{"data":"Armaments","floor":25,"key":"SMITH"},{"floor":32,"key":"REST"}],"neow_cost":"CURSE","seed_source_timestamp":193474491315800,"circlet_count":0,"master_deck":["AscendersBane","Strike_R+1","Strike_R+1","Strike_R+1","Defend_R+1","Defend_R+1","Defend_R+1","Defend_R+1","Bash+1","Clothesline+1","Heavy Blade+1","Inflame+1","Headbutt","Thunderclap","Heavy Blade","Feed","Heavy Blade","Flex+1","Bludgeon","Warcry+1","Whirlwind","Flex","Armaments+1","Heavy Blade+1","True Grit+1","Headbutt","Havoc+1","Decay","Flame Barrier+1"],"relics":["Burning Blood","Bag of Preparation","Regal Pillow","Lizard Tail","War Paint"],"potions_floor_usage":[7,28,30,31,33],"damage_taken":[{"damage":12,"enemies":"Jaw Worm","floor":1,"turns":5},{"damage":7,"enemies":"Cultist","floor":3,"turns":3},{"damage":0,"enemies":"2 Louse","floor":4,"turns":2},{"damage":8,"enemies":"Blue Slaver","floor":7,"turns":2},{"damage":30,"enemies":"Lagavulin","floor":8,"turns":5},{"damage":9,"enemies":"3 Louse","floor":11,"turns":3},{"damage":15,"enemies":"Slime Boss","floor":16,"turns":9},{"damage":47,"enemies":"Shell Parasite","floor":18,"turns":7},{"damage":20,"enemies":"3 Byrds","floor":21,"turns":4},{"damage":45,"enemies":"Cultist and Chosen","floor":24,"turns":6},{"damage":41,"enemies":"Shelled Parasite and Fungi","floor":27,"turns":6},{"damage":18,"enemies":"Snecko","floor":28,"turns":5},{"damage":34,"enemies":"Chosen and Byrds","floor":30,"turns":7},{"damage":12,"enemies":"Cultist and Chosen","floor":31,"turns":6},{"damage":76,"enemies":"Automaton","floor":33,"turns":8}],"seed_played":"2197691700264716538","potions_obtained":[{"floor":4,"key":"Fire Potion"},{"floor":16,"key":"Strength Potion"},{"floor":27,"key":"SkillPotion"},{"floor":28,"key":"EssenceOfSteel"},{"floor":30,"key":"EssenceOfSteel"}],"is_trial":false,"path_per_floor":["M","?","M","M","$","R","M","E","T","R","M","R","$","$","R","B",null,"M","?","$","M","?","R","M","R","T","M","M","?","M","M","R","B"],"character_chosen":"IRONCLAD","items_purchased":["Heavy Blade","Armaments"],"campfire_rested":2,"item_purchase_floors":[5,20],"current_hp_per_floor":[76,76,75,81,81,81,79,58,58,58,58,58,58,58,58,52,87,49,49,49,38,38,84,48,48,48,16,61,61,33,27,75,0],"gold":150,"neow_bonus":"TWENTY_PERCENT_HP_BONUS","is_prod":false,"is_daily":false,"chose_seed":false,"campfire_upgraded":5,"win_rate":0,"timestamp":1557976147,"path_taken":["M","?","?","?","$","R","M","E","T","R","M","R","?","$","R","BOSS","M","?","$","M","?","R","M","R","T","M","M","?","M","M","R","BOSS"],"build_version":"2019-01-23","purchased_purges":2,"victory":false,"max_hp_per_floor":[89,89,89,89,89,89,89,92,92,92,95,95,95,95,95,98,98,101,101,101,104,104,104,107,107,107,110,110,110,110,110,110,110],"card_choices":[{"not_picked":["True Grit","Burning Pact"],"picked":"Clothesline","floor":1},{"not_picked":["Carnage","Ghostly Armor"],"picked":"Headbutt","floor":3},{"not_picked":["Twin Strike","Pommel Strike"],"picked":"Thunderclap","floor":4},{"not_picked":["Thunderclap","Clothesline"],"picked":"Feed","floor":7},{"not_picked":["Inflame","Pommel Strike"],"picked":"Heavy Blade","floor":8},{"not_picked":["Combust","Thunderclap"],"picked":"Flex","floor":11},{"not_picked":["Fiend Fire","Brutality"],"picked":"Bludgeon","floor":16},{"not_picked":["Perfected Strike+1","Wild Strike"],"picked":"Warcry+1","floor":18},{"not_picked":["Sword Boomerang","Rampage"],"picked":"Heavy Blade+1","floor":21},{"not_picked":["Armaments","Pummel"],"picked":"True Grit","floor":24},{"not_picked":["Pommel Strike","Carnage"],"picked":"Headbutt","floor":27},{"not_picked":["Warcry","Uppercut"],"picked":"Havoc+1","floor":28},{"not_picked":["Corruption","Sentinel"],"picked":"Flame Barrier+1","floor":30},{"not_picked":["Twin Strike","Clash","Thunderclap"],"picked":"SKIP","floor":31}],"player_experience":1113974,"relics_obtained":[{"floor":8,"key":"Bag of Preparation"},{"floor":9,"key":"Regal Pillow"},{"floor":26,"key":"War Paint"}],"event_choices":[{"damage_healed":0,"gold_gain":0,"player_choice":"3 cards matched","damage_taken":0,"max_hp_gain":0,"max_hp_loss":0,"event_name":"Match and Keep!","floor":2,"gold_loss":0,"cards_obtained":["Heavy Blade","Inflame","Brutality"]},{"damage_healed":0,"gold_gain":0,"cards_transformed":["Strike_R","Strike_R"],"player_choice":"Became Test Subject","damage_taken":0,"max_hp_gain":0,"max_hp_loss":0,"event_name":"Drug Dealer","floor":19,"gold_loss":0,"cards_obtained":["Whirlwind","Flex"]},{"damage_healed":0,"gold_gain":0,"player_choice":"Simplicity","damage_taken":0,"max_hp_gain":0,"max_hp_loss":0,"event_name":"Back to Basics","floor":22,"gold_loss":0,"cards_upgraded":["Strike_R","Strike_R","Strike_R","Defend_R","Defend_R","Defend_R","Defend_R"]},{"damage_healed":0,"gold_gain":0,"player_choice":"Smashed Altar","damage_taken":0,"max_hp_gain":0,"max_hp_loss":0,"event_name":"Forgotten Altar","floor":29,"gold_loss":0,"cards_obtained":["Decay"]}],"is_beta":false,"boss_relics":[{"not_picked":["Fusion Hammer","Calling Bell"],"picked":"Lizard Tail"}],"items_purged_floors":[5,13],"is_endless":false,"potions_floor_spawned":[4,16,27,28,30],"killed_by":"Automaton","ascension_level":15}