{"gold_per_floor":[118,75,75,40,40,40,75,75,75,85,85,111,124,159,159,232,232,244,159,179,179,179,214,214,247,277,277,311,343,362,385,385,385],"floor_reached":33,"playtime":1622,"items_purged":[],"score":759,"play_id":"64997ae2-5b59-4c61-892c-771a319c5387","local_time":"20190601230659","is_ascension_mode":true,"campfire_choices":[{"data":"Zap","floor":6.0,"key":"SMITH"},{"data":"Dualcast","floor":8.0,"key":"SMITH"},{"data":"Scrape","floor":15.0,"key":"SMITH"},{"floor":24.0,"key":"REST"},{"floor":27.0,"key":"REST"},{"data":"FTL","floor":32.0,"key":"SMITH"}],"neow_cost":"NONE","seed_source_timestamp":1307944603414354,"circlet_count":0,"master_deck":["AscendersBane","Defend_B+1","Defend_B","Defend_B","Defend_B+1","Zap+1","Dualcast+1","Compile Driver","Scrape+1","Glacier+1","Beam Cell+1","Echo Form","Gash","Seek+1","Cold Snap","Redo+1","Bite+1","Bite","Bite+1","Bite","Bite","Writhe","Undo+1","Cold Snap","Gash","Cold Snap","FTL+1"],"special_seed":0,"relics":["Cracked Core","NeowsBlessing","Juzu Bracelet","Unceasing Top","Blue Candle","Bag of Preparation","Nuclear Battery","Lantern","War Paint","Strawberry","Whetstone","Tiny Chest","Red Mask","Anchor"],"potions_floor_usage":[],"damage_taken":[{"damage":0.0,"enemies":"Jaw Worm","floor":1.0,"turns":1.0},{"damage":0.0,"enemies":"Gremlin Nob","floor":7.0,"turns":1.0},{"damage":0.0,"enemies":"2 Louse","floor":10.0,"turns":1.0},{"damage":4.0,"enemies":"Lagavulin","floor":12.0,"turns":5.0},{"damage":14.0,"enemies":"Small Slimes","floor":13.0,"turns":3.0},{"damage":0.0,"enemies":"3 Sentries","floor":14.0,"turns":8.0},{"damage":16.0,"enemies":"Slime Boss","floor":16.0,"turns":8.0},{"damage":23.0,"enemies":"2 Thieves","floor":18.0,"turns":4.0},{"damage":0.0,"enemies":"Spheric Guardian","floor":20.0,"turns":4.0},{"damage":20.0,"enemies":"Book of Stabbing","floor":23.0,"turns":6.0},{"damage":22.0,"enemies":"Slavers","floor":25.0,"turns":8.0},{"damage":16.0,"enemies":"Masked Bandits","floor":28.0,"turns":4.0},{"damage":19.0,"enemies":"Book of Stabbing","floor":29.0,"turns":5.0},{"damage":3.0,"enemies":"Shelled Parasite and Fungi","floor":30.0,"turns":7.0},{"damage":88,"enemies":"Automaton","floor":33,"turns":10}],"seed_played":"3238872086683992481","potions_obtained":[{"floor":10.0,"key":"Strength Potion"},{"floor":12.0,"key":"Poison Potion"},{"floor":13.0,"key":"Fire Potion"},{"floor":18.0,"key":"Swift Potion"},{"floor":23.0,"key":"Poison Potion"}],"is_trial":false,"path_per_floor":["M","$","?","?","$","R","E","R","T","M","?","E","M","E","R","B",null,"M","?","M","?","?","E","R","E","T","R","?","E","M","T","R","B"],"character_chosen":"DEFECT","items_purchased":["Scrape"],"campfire_rested":2,"item_purchase_floors":[2],"current_hp_per_floor":[64,64,43,60,60,60,60,60,60,60,60,56,42,42,42,26,60,37,37,37,37,37,32,48,40,40,56,47,39,48,48,48,0],"gold":385,"neow_bonus":"THREE_ENEMY_KILL","is_prod":false,"is_daily":false,"chose_seed":false,"campfire_upgraded":4,"win_rate":0,"timestamp":1559423219,"path_taken":["M","$","?","?","$","R","E","R","T","M","?","E","M","E","R","BOSS","M","?","M","?","?","E","R","E","T","R","?","E","M","?","R","BOSS"],"build_version":"2019-01-23","purchased_purges":0,"victory":false,"max_hp_per_floor":[71,71,71,71,71,71,71,71,71,71,71,71,71,71,71,71,71,71,71,71,49,49,56,56,56,56,56,56,56,56,56,56,56],"card_choices":[{"not_picked":["Hologram","Redo"],"picked":"Compile Driver","floor":1.0},{"not_picked":["Steam","Coolheaded"],"picked":"Glacier","floor":7.0},{"not_picked":["Coolheaded","Scrape"],"picked":"Beam Cell","floor":10.0},{"not_picked":["Stack","Skim"],"picked":"Echo Form","floor":12.0},{"not_picked":["Compile Driver","Hologram","Rebound"],"picked":"SKIP","floor":13.0},{"not_picked":["White Noise","Genetic Algorithm"],"picked":"Gash","floor":14.0},{"not_picked":["Core Surge","Meteor Strike"],"picked":"Seek","floor":16.0},{"not_picked":["Reinforced Body","Rip and Tear+1"],"picked":"Cold Snap","floor":18.0},{"not_picked":["Leap","Self Repair"],"picked":"Redo+1","floor":20.0},{"not_picked":["Sweeping Beam","Stack"],"picked":"Undo+1","floor":23.0},{"not_picked":["Sunder","Genetic Algorithm"],"picked":"Cold Snap","floor":25.0},{"not_picked":["Barrage","Rebound+1"],"picked":"Gash","floor":28.0},{"not_picked":["Rainbow","Hologram"],"picked":"Cold Snap","floor":29.0},{"not_picked":["Darkness","Redo"],"picked":"FTL","floor":30.0}],"player_experience":815852,"relics_obtained":[{"floor":7.0,"key":"Juzu Bracelet"},{"floor":9.0,"key":"Unceasing Top"},{"floor":12.0,"key":"Blue Candle"},{"floor":14.0,"key":"Bag of Preparation"},{"floor":23.0,"key":"Strawberry"},{"floor":25.0,"key":"Whetstone"},{"floor":26.0,"key":"Tiny Chest"},{"floor":28.0,"key":"Red Mask"},{"floor":29.0,"key":"Anchor"}],"event_choices":[{"damage_healed":0.0,"max_hp_gain":0.0,"max_hp_loss":0.0,"gold_gain":0.0,"event_name":"Shining Light","player_choice":"Entered Light","floor":3.0,"gold_loss":0.0,"damage_taken":21.0,"cards_upgraded":["Defend_B","Defend_B"]},{"damage_healed":17.0,"max_hp_gain":0.0,"max_hp_loss":0.0,"gold_gain":0.0,"event_name":"The Cleric","player_choice":"Healed","floor":4.0,"gold_loss":35.0,"damage_taken":0.0},{"damage_healed":0.0,"max_hp_gain":0.0,"max_hp_loss":0.0,"gold_gain":0.0,"event_name":"Accursed Blacksmith","player_choice":"Forge","floor":11.0,"gold_loss":0.0,"damage_taken":0.0,"cards_upgraded":["Beam Cell"]},{"damage_healed":0.0,"max_hp_gain":0.0,"max_hp_loss":0.0,"gold_gain":0.0,"event_name":"Addict","player_choice":"Obtained Relic","floor":19.0,"gold_loss":85.0,"damage_taken":0.0,"relics_obtained":["Lantern"]},{"damage_healed":0.0,"max_hp_gain":0.0,"max_hp_loss":22.0,"gold_gain":0.0,"event_name":"Vampires","player_choice":"Became a vampire","floor":21.0,"gold_loss":0.0,"damage_taken":0.0,"cards_obtained":["Bite","Bite","Bite","Bite","Bite"]},{"damage_healed":0.0,"max_hp_gain":0.0,"max_hp_loss":0.0,"gold_gain":0.0,"event_name":"The Mausoleum","player_choice":"Opened","floor":22.0,"gold_loss":0.0,"damage_taken":0.0,"relics_obtained":["War Paint"],"cards_obtained":["Writhe"]},{"damage_healed":0.0,"max_hp_gain":0.0,"max_hp_loss":0.0,"gold_gain":0.0,"event_name":"Masked Bandits","player_choice":"Fought Bandits","floor":28.0,"gold_loss":0.0,"damage_taken":0.0}],"is_beta":false,"boss_relics":[{"not_picked":["Calling Bell","Busted Crown"],"picked":"Nuclear Battery"}],"items_purged_floors":[],"is_endless":false,"potions_floor_spawned":[10,12,13,18,23],"killed_by":"Automaton","ascension_level":20}