{"gold_per_floor":[113,38,56,69,69,69,69,84,84,116,126,126,149,182,182,182],"floor_reached":16,"playtime":658,"items_purged":["Shame"],"score":110,"play_id":"2dff5d33-94ea-4964-918b-38e29e1f3f9d","local_time":"20190608170426","is_ascension_mode":false,"campfire_choices":[{"data":"Reaper","floor":6,"key":"SMITH"},{"data":"Immolate","floor":15,"key":"SMITH"}],"neow_cost":"CURSE","seed_source_timestamp":1295395345654820,"circlet_count":0,"master_deck":["Strike_R","Strike_R","Strike_R","Strike_R+1","Defend_R","Defend_R+1","Defend_R","Defend_R","Bash","Reaper+1","Immolate+1","Regret"],"relics":["Burning Blood","Mercury Hourglass","Ancient Tea Set","Pear","Odd Mushroom","Ice Cream"],"potions_floor_usage":[10,13,16],"damage_taken":[{"damage":5,"enemies":"2 Louse","floor":1,"turns":3},{"damage":14,"enemies":"Small Slimes","floor":3,"turns":4},{"damage":6,"enemies":"Cultist","floor":4,"turns":3},{"damage":3,"enemies":"Large Slime","floor":8,"turns":10},{"damage":28,"enemies":"Gremlin Nob","floor":10,"turns":4},{"damage":0,"enemies":"3 Louse","floor":11,"turns":3},{"damage":4,"enemies":"The Mushroom Lair","floor":13,"turns":2},{"damage":21,"enemies":"3 Sentries","floor":14,"turns":4},{"damage":85,"enemies":"Hexaghost","floor":16,"turns":13}],"seed_played":"458920561245340019","potions_obtained":[{"floor":1,"key":"Energy Potion"},{"floor":10,"key":"Dexterity Potion"},{"floor":11,"key":"SkillPotion"}],"is_trial":false,"path_per_floor":["M","$","M","M","?","R","?","M","T","E","M","?","?","E","R","B"],"character_chosen":"IRONCLAD","items_purchased":[],"campfire_rested":0,"item_purchase_floors":[],"current_hp_per_floor":[80,80,75,75,59,59,59,68,68,51,72,82,90,75,75,0],"gold":182,"neow_bonus":"THREE_RARE_CARDS","is_prod":false,"is_daily":false,"chose_seed":false,"campfire_upgraded":2,"win_rate":0,"timestamp":1560027866,"path_taken":["M","$","M","M","?","R","?","?","T","E","M","?","?","E","R","BOSS"],"build_version":"2019-01-23","purchased_purges":1,"victory":false,"max_hp_per_floor":[80,80,80,80,80,80,80,80,80,80,80,90,90,90,90,90],"card_choices":[{"not_picked":["Barricade","Bludgeon"],"picked":"Reaper","floor":0},{"not_picked":["Searing Blow","Rage","Sword Boomerang"],"picked":"SKIP","floor":1},{"not_picked":["Thunderclap","Cleave","Perfected Strike"],"picked":"SKIP","floor":3},{"not_picked":["Burning Pact","Headbutt","Rupture"],"picked":"SKIP","floor":4},{"not_picked":["Shockwave","Power Through","Headbutt"],"picked":"SKIP","floor":8},{"not_picked":["Bloodletting","Cleave"],"picked":"Immolate","floor":10},{"not_picked":["Armaments","Power Through","Anger"],"picked":"SKIP","floor":11},{"not_picked":["Disarm","Iron Wave","True Grit"],"picked":"SKIP","floor":14}],"player_experience":155340,"relics_obtained":[{"floor":9,"key":"Mercury Hourglass"},{"floor":10,"key":"Ancient Tea Set"},{"floor":13,"key":"Odd Mushroom"},{"floor":14,"key":"Ice Cream"}],"event_choices":[{"damage_healed":0,"gold_gain":0,"player_choice":"Entered Light","damage_taken":16,"max_hp_gain":0,"max_hp_loss":0,"event_name":"Shining Light","floor":5,"gold_loss":0,"cards_upgraded":["Strike_R","Defend_R"]},{"cards_removed":["Strike_R"],"damage_healed":0,"gold_gain":0,"player_choice":"Purged","damage_taken":0,"max_hp_gain":0,"max_hp_loss":0,"event_name":"Purifier","floor":7,"gold_loss":0},{"damage_healed":0,"gold_gain":0,"player_choice":"Box","damage_taken":0,"relics_obtained":["Pear"],"max_hp_gain":0,"max_hp_loss":0,"event_name":"Big Fish","floor":12,"gold_loss":0,"cards_obtained":["Regret"]},{"damage_healed":0,"gold_gain":0,"player_choice":"Fought Mushrooms","damage_taken":0,"max_hp_gain":0,"max_hp_loss":0,"event_name":"Mushrooms","floor":13,"gold_loss":0}],"is_beta":false,"boss_relics":[],"items_purged_floors":[2],"is_endless":false,"potions_floor_spawned":[1,10,11],"killed_by":"Hexaghost","ascension_level":0}