{"gold_per_floor":[112,112,122,272,288,288,321,321,321,341,341,370,397,12,12,90,90,108,108,8,25,51,51],"floor_reached":23,"playtime":781,"items_purged":["Doubt","Defend_R"],"score":380,"play_id":"13eac640-8d64-49ea-998d-e20c5149291f","local_time":"20190610094922","is_ascension_mode":true,"campfire_choices":[{"data":"Whirlwind","floor":6,"key":"SMITH"},{"data":"Bash","floor":8,"key":"SMITH"},{"floor":11,"key":"REST"},{"data":"Double Tap","floor":15,"key":"SMITH"}],"neow_cost":"NONE","seed_source_timestamp":277667327238400,"circlet_count":0,"master_deck":["AscendersBane","Strike_R","Strike_R","Strike_R","Strike_R","Strike_R","Defend_R","Defend_R","Bash+1","Feed","Clash","Ghostly Armor","Whirlwind+1","Pommel Strike","Metallicize","Clash","Perfected Strike","Double Tap+1","Feel No Pain","Rampage","Secret Weapon","Exhume","RitualDagger","Metallicize"],"relics":["Burning Blood","Bottled Lightning","Boot","Bag of Marbles","Odd Mushroom","Black Star","Regal Pillow"],"potions_floor_usage":[10,12,16],"damage_taken":[{"damage":9,"enemies":"Small Slimes","floor":1,"turns":4},{"damage":4,"enemies":"2 Louse","floor":3,"turns":3},{"damage":13,"enemies":"Jaw Worm","floor":5,"turns":4},{"damage":57,"enemies":"Lagavulin","floor":7,"turns":7},{"damage":7,"enemies":"Exordium Wildlife","floor":10,"turns":4},{"damage":23,"enemies":"Gremlin Nob","floor":12,"turns":4},{"damage":0,"enemies":"The Mushroom Lair","floor":13,"turns":1},{"damage":19,"enemies":"Slime Boss","floor":16,"turns":9},{"damage":33,"enemies":"Chosen","floor":18,"turns":7},{"damage":3,"enemies":"3 Byrds","floor":21,"turns":3},{"damage":52,"enemies":"Book of Stabbing","floor":23,"turns":4}],"seed_played":"1726496168599228911","potions_obtained":[{"floor":7,"key":"FearPotion"},{"floor":10,"key":"SkillPotion"},{"floor":13,"key":"Energy Potion"}],"is_trial":false,"path_per_floor":["M","?","M","?","M","R","E","R","T","M","R","E","?","$","R","B",null,"M","?","$","M","T","E"],"character_chosen":"IRONCLAD","items_purchased":["Feel No Pain","Rampage","Secret Weapon"],"campfire_rested":1,"item_purchase_floors":[14,14,14],"current_hp_per_floor":[68,68,73,73,69,69,21,21,21,20,46,29,35,35,35,25,74,47,41,41,50,50,0],"gold":51,"neow_bonus":"ONE_RANDOM_RARE_CARD","is_prod":false,"is_daily":false,"chose_seed":false,"campfire_upgraded":3,"win_rate":0,"timestamp":1560152962,"path_taken":["M","?","M","?","M","R","E","R","T","M","R","E","?","$","R","BOSS","M","?","$","M","?","E"],"build_version":"2019-01-23","purchased_purges":2,"victory":false,"max_hp_per_floor":[78,78,81,81,84,84,87,87,87,87,87,87,87,87,87,90,90,90,90,90,96,96,96],"card_choices":[{"not_picked":["Havoc","Thunderclap"],"picked":"Clash","floor":1},{"not_picked":["Shockwave","Twin Strike"],"picked":"Whirlwind","floor":3},{"not_picked":["Cleave","Warcry"],"picked":"Pommel Strike","floor":5},{"not_picked":["Twin Strike","Clash"],"picked":"Metallicize","floor":7},{"not_picked":["Searing Blow","Rage"],"picked":"Clash","floor":10},{"not_picked":["Havoc","Searing Blow"],"picked":"Perfected Strike","floor":12},{"not_picked":["Body Slam","True Grit"],"picked":"Double Tap","floor":13},{"not_picked":["Impervious","Feed"],"picked":"Exhume","floor":16},{"not_picked":["Whirlwind","Pommel Strike","Searing Blow"],"picked":"SKIP","floor":18},{"not_picked":["Dropkick","Combust"],"picked":"Metallicize","floor":21}],"player_experience":1269858,"relics_obtained":[{"floor":7,"key":"Bottled Lightning"},{"floor":9,"key":"Boot"},{"floor":12,"key":"Bag of Marbles"},{"floor":13,"key":"Odd Mushroom"},{"floor":22,"key":"Regal Pillow"}],"event_choices":[{"damage_healed":0,"gold_gain":0,"cards_transformed":["Defend_R"],"player_choice":"Change","damage_taken":0,"max_hp_gain":0,"max_hp_loss":0,"event_name":"Living Wall","floor":2,"gold_loss":0,"cards_obtained":["Ghostly Armor"]},{"damage_healed":0,"gold_gain":150,"player_choice":"AGREE","damage_taken":0,"max_hp_gain":0,"max_hp_loss":0,"event_name":"Liars Game","floor":4,"gold_loss":0,"cards_obtained":["Doubt"]},{"damage_healed":0,"gold_gain":0,"player_choice":"Fought Mushrooms","damage_taken":0,"max_hp_gain":0,"max_hp_loss":0,"event_name":"Mushrooms","floor":13,"gold_loss":0},{"damage_healed":0,"gold_gain":0,"player_choice":"Joined the Cult","damage_taken":6,"max_hp_gain":0,"max_hp_loss":0,"event_name":"Nest","floor":19,"gold_loss":0,"cards_obtained":["RitualDagger"]}],"is_beta":false,"boss_relics":[{"not_picked":["Runic Dome","White Beast Statue"],"picked":"Black Star"}],"items_purged_floors":[14,20],"is_endless":false,"potions_floor_spawned":[7,10,13],"killed_by":"Book of Stabbing","ascension_level":16}