{"gold_per_floor":[118,133,28,28,28,28,28,71,118,142,142,155,173,214,214,308,308,262,281,12,12,35,35,35],"floor_reached":24,"playtime":807,"items_purged":["Strike_R","Bash"],"score":487,"play_id":"e3ddbcca-30ba-47dd-b864-47307c164469","local_time":"20181113192852","is_ascension_mode":true,"campfire_choices":[{"data":"Uppercut","floor":6,"key":"SMITH"},{"data":"Body Slam","floor":15,"key":"SMITH"},{"data":"Armaments","floor":23,"key":"SMITH"}],"neow_cost":"NONE","seed_source_timestamp":2512269076053258,"circlet_count":0,"master_deck":["AscendersBane","Defend_R","Defend_R","Defend_R","Defend_R","Ghostly Armor","Uppercut+1","True Grit+1","Pommel Strike","Metallicize","Exhume","Body Slam+1","Reaper","Armaments","Pommel Strike","Inflame","Armaments+1","Bite","Bite","Bite","Bite","Bite","Pommel Strike"],"relics":["Burning Blood","NeowsBlessing","Golden Idol","Bag of Preparation","Smiling Mask","Pear","Cursed Key"],"potions_floor_usage":[12,12,14,14,24],"damage_taken":[{"damage":0,"enemies":"Jaw Worm","floor":1,"turns":1},{"damage":0,"enemies":"2 Louse","floor":2,"turns":1},{"damage":0,"enemies":"Lagavulin","floor":8,"turns":1},{"damage":0,"enemies":"Small Slimes","floor":10,"turns":3},{"damage":6,"enemies":"Gremlin Gang","floor":12,"turns":5},{"damage":8,"enemies":"Red Slaver","floor":13,"turns":4},{"damage":12,"enemies":"Gremlin Nob","floor":14,"turns":4},{"damage":43,"enemies":"The Guardian","floor":16,"turns":14},{"damage":32,"enemies":"2 Thieves","floor":18,"turns":5},{"damage":28,"enemies":"Shell Parasite","floor":19,"turns":7},{"damage":13,"enemies":"Centurion and Healer","floor":22,"turns":5},{"damage":77,"enemies":"Book of Stabbing","floor":24,"turns":5}],"seed_played":"-3951186469579629926","potions_obtained":[{"floor":10,"key":"EntropicBrew"},{"floor":12,"key":"Fire Potion"},{"floor":13,"key":"BloodPotion"}],"is_trial":false,"path_per_floor":["M","M","$","?","$","R","?","E","T","M","?","M","M","E","R","B",null,"M","M","$","?","M","R","E"],"character_chosen":"IRONCLAD","items_purchased":["True Grit","Inflame","Regen Potion","Armaments"],"campfire_rested":0,"item_purchase_floors":[3,20,20,20],"current_hp_per_floor":[74,75,75,49,49,49,49,55,55,61,61,61,59,70,70,33,72,54,38,38,38,48,48,0],"gold":35,"neow_bonus":"THREE_ENEMY_KILL","is_prod":false,"is_daily":false,"chose_seed":false,"campfire_upgraded":3,"win_rate":0,"timestamp":1542133732,"path_taken":["M","M","$","?","$","R","?","E","T","M","?","M","?","E","R","BOSS","M","?","?","?","?","R","E"],"build_version":"2018-11-08","purchased_purges":2,"victory":false,"max_hp_per_floor":[75,75,75,75,75,75,75,75,75,75,75,75,75,85,85,85,85,85,85,85,59,59,59,59],"card_choices":[{"not_picked":["Wild Strike","Cleave"],"picked":"Ghostly Armor","floor":1},{"not_picked":["Iron Wave","Thunderclap"],"picked":"Uppercut","floor":2},{"not_picked":["Thunderclap","Warcry"],"picked":"Pommel Strike","floor":8},{"not_picked":["Clothesline","Sword Boomerang","Perfected Strike"],"picked":"SKIP","floor":10},{"not_picked":["Headbutt","Wild Strike"],"picked":"Metallicize","floor":12},{"not_picked":["Rage","Bloodletting"],"picked":"Exhume","floor":13},{"not_picked":["Sword Boomerang","True Grit"],"picked":"Body Slam","floor":14},{"not_picked":["Exhume","Brutality"],"picked":"Reaper","floor":16},{"not_picked":["Headbutt","True Grit"],"picked":"Armaments","floor":18},{"not_picked":["Perfected Strike","Burning Pact"],"picked":"Pommel Strike","floor":19},{"not_picked":["Perfected Strike","Sword Boomerang"],"picked":"Pommel Strike","floor":22}],"player_experience":492277,"relics_obtained":[{"floor":8,"key":"Bag of Preparation"},{"floor":9,"key":"Smiling Mask"},{"floor":14,"key":"Pear"}],"event_choices":[{"damage_healed":0,"gold_gain":0,"player_choice":"Take Damage","damage_taken":26,"relics_obtained":["Golden Idol"],"max_hp_gain":0,"max_hp_loss":0,"event_name":"Golden Idol","floor":4,"gold_loss":0},{"damage_healed":0,"gold_gain":0,"player_choice":"Leave","damage_taken":0,"max_hp_gain":0,"max_hp_loss":0,"event_name":"The Cleric","floor":7,"gold_loss":0},{"damage_healed":0,"gold_gain":0,"player_choice":"Upgraded","damage_taken":0,"max_hp_gain":0,"max_hp_loss":0,"event_name":"Upgrade Shrine","floor":11,"gold_loss":0,"cards_upgraded":["True Grit"]},{"damage_healed":0,"gold_gain":0,"player_choice":"Became a vampire","damage_taken":0,"max_hp_gain":0,"max_hp_loss":26,"event_name":"Vampires","floor":21,"gold_loss":0,"cards_obtained":["Bite","Bite","Bite","Bite","Bite"]}],"is_beta":false,"boss_relics":[{"not_picked":["White Beast Statue","Fusion Hammer"],"picked":"Cursed Key"}],"items_purged_floors":[3,20],"is_endless":false,"potions_floor_spawned":[10,12,13],"killed_by":"Book of Stabbing","ascension_level":20}