{"gold_per_floor":[117,127,145,220,220,220,236,251,251,280,292,292,303,31,31,106,106,121,135,135,135,135],"floor_reached":22,"playtime":873,"items_purged":["Strike_G"],"score":338,"play_id":"1e113d5c-f62d-4058-a379-963a2a7d81c7","local_time":"20190625082206","is_ascension_mode":true,"campfire_choices":[{"data":"Skewer","floor":6,"key":"SMITH"},{"data":"Neutralize","floor":12,"key":"SMITH"},{"floor":15,"key":"REST"}],"neow_cost":"NONE","seed_source_timestamp":633955244945500,"circlet_count":0,"master_deck":["AscendersBane","Defend_G","Defend_G","Defend_G","Defend_G","Defend_G","Strike_G","Strike_G","Strike_G","Strike_G","Survivor","Neutralize+1","Skewer+1","Blade Dance","Infinite Blades","Caltrops","Noxious Fumes","Dagger Throw","Flechettes","Well Laid Plans","Burst","Blade Dance+1","Noxious Fumes","RitualDagger"],"relics":["Ring of the Snake","Happy Flower","FossilizedHelix","Blue Candle","Bottled Lightning","Eternal Feather","Snake Skull"],"potions_floor_usage":[3,10,11,16,18,18],"damage_taken":[{"damage":0,"enemies":"2 Louse","floor":1,"turns":4},{"damage":0,"enemies":"Cultist","floor":2,"turns":4},{"damage":5,"enemies":"Small Slimes","floor":3,"turns":4},{"damage":0,"enemies":"2 Fungi Beasts","floor":7,"turns":3},{"damage":0,"enemies":"Blue Slaver","floor":8,"turns":3},{"damage":5,"enemies":"Gremlin Nob","floor":10,"turns":4},{"damage":0,"enemies":"3 Louse","floor":11,"turns":4},{"damage":0,"enemies":"2 Fungi Beasts","floor":13,"turns":3},{"damage":13,"enemies":"Slime Boss","floor":16,"turns":10},{"damage":20,"enemies":"2 Thieves","floor":18,"turns":4},{"damage":17,"enemies":"3 Byrds","floor":19,"turns":5},{"damage":21,"enemies":"Sentry and Sphere","floor":22,"turns":4}],"seed_played":"7414703975298829105","potions_obtained":[{"floor":1,"key":"Swift Potion"},{"floor":7,"key":"EssenceOfSteel"},{"floor":8,"key":"AttackPotion"},{"floor":16,"key":"PowerPotion"},{"floor":19,"key":"Explosive Potion"}],"is_trial":false,"path_per_floor":["M","M","M","?","?","R","M","M","T","E","M","R","M","$","R","B",null,"M","M","T","?","M"],"character_chosen":"THE_SILENT","items_purchased":["Well Laid Plans","Dexterity Potion","Energy Potion"],"campfire_rested":1,"item_purchase_floors":[14,14,14],"current_hp_per_floor":[59,59,54,43,43,43,43,43,43,38,38,38,38,38,57,44,61,41,24,24,18,0],"gold":135,"neow_bonus":"RANDOM_COMMON_RELIC","is_prod":false,"is_daily":false,"chose_seed":false,"campfire_upgraded":2,"win_rate":0,"timestamp":1561443726,"path_taken":["M","M","M","?","?","R","?","M","T","E","M","R","M","$","R","BOSS","M","M","?","?","M"],"build_version":"2019-01-23","purchased_purges":1,"victory":false,"max_hp_per_floor":[66,66,66,66,66,66,66,66,66,66,66,66,66,66,66,66,66,66,66,66,66,66],"card_choices":[{"not_picked":["Accuracy","Dodge and Roll"],"picked":"Skewer","floor":1},{"not_picked":["Masterful Stab","Bane"],"picked":"Blade Dance","floor":2},{"not_picked":["Underhanded Strike","Masterful Stab"],"picked":"Calculated Gamble","floor":3},{"not_picked":["Terror","Prepared"],"picked":"Infinite Blades","floor":7},{"not_picked":["All Out Attack","Poisoned Stab"],"picked":"Caltrops","floor":8},{"not_picked":["Poisoned Stab","Storm of Steel"],"picked":"Noxious Fumes","floor":10},{"not_picked":["Bane","Blade Dance"],"picked":"Dagger Throw","floor":11},{"not_picked":["Masterful Stab","Sucker Punch"],"picked":"Flechettes","floor":13},{"not_picked":["Malaise","Phantasmal Killer"],"picked":"Burst","floor":16},{"not_picked":["Quick Slash","Dagger Spray"],"picked":"Blade Dance+1","floor":18},{"not_picked":["Dagger Throw","Quick Slash"],"picked":"Noxious Fumes","floor":19}],"player_experience":1472395,"relics_obtained":[{"floor":9,"key":"Blue Candle"},{"floor":10,"key":"Bottled Lightning"},{"floor":20,"key":"Snake Skull"}],"event_choices":[{"damage_healed":0,"gold_gain":75,"player_choice":"Gather Gold","damage_taken":11,"max_hp_gain":0,"max_hp_loss":0,"event_name":"World of Goop","floor":4,"gold_loss":0},{"cards_removed":["Calculated Gamble"],"damage_healed":0,"gold_gain":0,"player_choice":"Gave Card","damage_taken":0,"relics_obtained":["FossilizedHelix"],"max_hp_gain":0,"max_hp_loss":0,"event_name":"WeMeetAgain","floor":5,"gold_loss":0},{"damage_healed":0,"gold_gain":0,"player_choice":"Joined the Cult","damage_taken":6,"max_hp_gain":0,"max_hp_loss":0,"event_name":"Nest","floor":21,"gold_loss":0,"cards_obtained":["RitualDagger"]}],"is_beta":false,"boss_relics":[{"not_picked":["Coffee Dripper","Black Star"],"picked":"Eternal Feather"}],"items_purged_floors":[14],"is_endless":false,"potions_floor_spawned":[1,7,8,16,19],"killed_by":"Sentry and Sphere","ascension_level":16}