{"path_per_floor":["M","?","$","M","?","E","R","M","T","R","?","E","$","M","R","B",null],"character_chosen":"IRONCLAD","items_purchased":["Inflame","Bag of Marbles"],"gold_per_floor":[115,190,81,92,92,127,127,142,142,142,142,180,23,38,38,158,158,158],"floor_reached":18,"campfire_rested":0,"playtime":765,"current_hp_per_floor":[80,69,69,75,75,52,52,58,58,58,58,36,36,33,33,15,80,77],"items_purged":["Strike_R"],"gold":158,"score":168,"play_id":"8a851529-3bfb-4236-8895-dfe5b7369d8c","local_time":"20180520215600","is_prod":false,"is_daily":false,"chose_seed":false,"is_ascension_mode":false,"campfire_upgraded":3,"timestamp":1526849760,"campfire_choices":[{"data":"Uppercut","floor":7,"key":"SMITH"},{"data":"True Grit","floor":10,"key":"SMITH"},{"data":"Bludgeon","floor":15,"key":"SMITH"}],"path_taken":["M","?","$","M","?","E","R","M","T","R","?","E","$","M","R","BOSS","M"],"build_version":"2018-05-17","seed_source_timestamp":271692957208227,"purchased_purges":1,"victory":false,"master_deck":["Strike_R","Strike_R","Strike_R","Strike_R","Defend_R","Defend_R","Defend_R","Defend_R","Brutality","Shrug It Off","Inflame","Uppercut+1","Shrug It Off","True Grit+1","Metallicize","Injury","Bludgeon+1","Evolve","Double Tap","Parasite","Pain","Parasite"],"max_hp_per_floor":[80,80,80,80,80,80,80,80,80,80,80,80,80,80,80,80,80,80],"relics":["Burning Blood","Champion Belt","Smiling Mask","Golden Idol","Boot","Bag of Marbles","Calling Bell","Charon\u0027s Ashes","Dodecahedron","Dream Catcher"],"card_choices":[{"not_picked":["Body Slam","Clothesline"],"picked":"Shrug It Off","floor":1},{"not_picked":["Perfected Strike","Twin Strike"],"picked":"Uppercut","floor":4},{"not_picked":["Heavy Blade","Armaments"],"picked":"True Grit","floor":6},{"not_picked":["Intimidate","Cleave"],"picked":"Metallicize","floor":8},{"not_picked":["Flex","Cleave"],"picked":"Bludgeon","floor":12},{"not_picked":["Sentinel","Cleave"],"picked":"Evolve","floor":14},{"not_picked":["Brutality","Impervious"],"picked":"Double Tap","floor":16}],"player_experience":371265,"potions_floor_usage":[16,16],"damage_taken":[{"damage":6,"enemies":"Jaw Worm","floor":1,"turns":3},{"damage":0,"enemies":"2 Louse","floor":4,"turns":3},{"damage":29,"enemies":"Lagavulin","floor":6,"turns":7},{"damage":0,"enemies":"Cultist","floor":8,"turns":3},{"damage":28,"enemies":"3 Sentries","floor":12,"turns":11},{"damage":9,"enemies":"Looter","floor":14,"turns":3},{"damage":24,"enemies":"Hexaghost","floor":16,"turns":16},{"damage":3,"enemies":"Shell Parasite","floor":18,"turns":1}],"relics_obtained":[{"floor":6,"key":"Champion Belt"},{"floor":9,"key":"Smiling Mask"},{"floor":12,"key":"Boot"},{"floor":17,"key":"Charon\u0027s Ashes"},{"floor":17,"key":"Dodecahedron"},{"floor":17,"key":"Dream Catcher"}],"event_choices":[{"event_name":"World of Goop","player_choice":"Gather Gold","floor":2,"damage_taken":0},{"event_name":"Transmorgrifier","player_choice":"Transform","floor":5,"damage_taken":0},{"event_name":"Golden Idol","player_choice":"Take Wound","floor":11,"damage_taken":0}],"boss_relics":[{"not_picked":["Runic Cube","Lizard Tail"],"picked":"Calling Bell"}],"potions_floor_spawned":[8,12,16],"seed_played":"6696671866047649933","killed_by":"Shell Parasite","ascension_level":0,"potions_obtained":[{"floor":8,"key":"Swift Potion"},{"floor":12,"key":"Dexterity Potion"},{"floor":16,"key":"SpeedPotion"}],"is_trial":false}