{"gold_per_floor":[117,192,192,209,229,286,43,56,56,70,70,84,84,98,98,98],"floor_reached":16,"playtime":520,"items_purged":["Strike_R"],"score":208,"play_id":"8d5033d5-44e5-4db6-bf13-e07b828ee130","local_time":"20190708192728","is_ascension_mode":true,"campfire_choices":[{"data":"Searing Blow","floor":11,"key":"SMITH"},{"data":"Searing Blow+1","floor":13,"key":"SMITH"},{"data":"Searing Blow+2","floor":15,"key":"SMITH"}],"neow_cost":"NONE","seed_source_timestamp":952615557374095,"circlet_count":0,"master_deck":["AscendersBane","Strike_R","Strike_R","Strike_R","Defend_R","Defend_R","Defend_R","Defend_R","Bash","Wild Strike","Second Wind","Battle Trance","Searing Blow+3","Headbutt","Warcry","Shrug It Off","Anger"],"relics":["Burning Blood","NeowsBlessing","Tiny Chest","Bag of Marbles","Potion Belt"],"potions_floor_usage":[6,16],"damage_taken":[{"damage":0,"enemies":"Small Slimes","floor":1,"turns":1},{"damage":0,"enemies":"2 Louse","floor":4,"turns":1},{"damage":0,"enemies":"Cultist","floor":5,"turns":1},{"damage":44,"enemies":"Lagavulin","floor":6,"turns":6},{"damage":10,"enemies":"Lots of Slimes","floor":8,"turns":5},{"damage":16,"enemies":"2 Fungi Beasts","floor":10,"turns":4},{"damage":9,"enemies":"Red Slaver","floor":12,"turns":2},{"damage":13,"enemies":"Lots of Slimes","floor":14,"turns":4},{"damage":17,"enemies":"The Guardian","floor":16,"turns":4}],"seed_played":"-1111291370703887172","potions_obtained":[{"floor":5,"key":"Swift Potion"},{"floor":6,"key":"Strength Potion"}],"is_trial":false,"path_per_floor":["M","?","?","M","M","E","$","M","T","M","R","M","R","M","R","B"],"character_chosen":"IRONCLAD","items_purchased":["Bag of Marbles"],"campfire_rested":0,"item_purchase_floors":[7],"current_hp_per_floor":[74,63,63,69,75,37,37,33,33,23,23,20,20,13,13,0],"gold":98,"neow_bonus":"THREE_ENEMY_KILL","is_prod":false,"is_daily":false,"chose_seed":false,"campfire_upgraded":3,"win_rate":0,"timestamp":1562610448,"path_taken":["M","?","?","M","M","E","$","M","T","?","R","?","R","M","R","BOSS"],"build_version":"2019-07-05","purchased_purges":1,"victory":false,"max_hp_per_floor":[75,75,75,75,75,75,75,75,75,75,75,75,75,75,75,75],"card_choices":[{"not_picked":["Rampage","Flex"],"picked":"Wild Strike","floor":1},{"not_picked":["Entrench","Intimidate"],"picked":"Battle Trance","floor":4},{"not_picked":["Ghostly Armor","Metallicize"],"picked":"Searing Blow","floor":5},{"not_picked":["Havoc","Flex"],"picked":"Headbutt","floor":6},{"not_picked":["Searing Blow","Clothesline"],"picked":"Warcry","floor":8},{"not_picked":["Warcry","Body Slam"],"picked":"Shrug It Off","floor":10},{"not_picked":["Demon Form","Battle Trance"],"picked":"Anger","floor":12},{"not_picked":["Anger","Thunderclap","Twin Strike"],"picked":"SKIP","floor":14}],"player_experience":1147962,"relics_obtained":[{"floor":6,"key":"Tiny Chest"},{"floor":9,"key":"Potion Belt"}],"event_choices":[{"damage_healed":0,"gold_gain":75,"player_choice":"Gather Gold","damage_taken":11,"max_hp_gain":0,"max_hp_loss":0,"event_name":"World of Goop","floor":2,"gold_loss":0},{"damage_healed":0,"gold_gain":0,"cards_transformed":["Strike_R"],"player_choice":"Transformed","damage_taken":0,"max_hp_gain":0,"max_hp_loss":0,"event_name":"Transmorgrifier","floor":3,"gold_loss":0,"cards_obtained":["Second Wind"]}],"is_beta":false,"boss_relics":[],"items_purged_floors":[7],"is_endless":false,"potions_floor_spawned":[5,6],"killed_by":"The Guardian","ascension_level":20}