{"gold_per_floor":[111,127,146,146,163,163,180,180,180,180,41,41,55,65,65,164,164,183,194,50,69,88,88,13,13,60,60,76,95,95,95,95,199,199,216,216,116,132,147,147,161,175,220,240,240,259,269,284,284,284],"floor_reached":50,"playtime":1934,"items_purged":["Strike_G","Strike_G"],"score":444,"play_id":"06b90f99-222b-4b45-91d5-bda591d0f262","local_time":"20181230184352","is_ascension_mode":false,"campfire_choices":[{"data":"Footwork","floor":6.0,"key":"SMITH"},{"data":"Deadly Poison","floor":8.0,"key":"SMITH"},{"data":"Footwork","floor":12.0,"key":"SMITH"},{"data":"Neutralize","floor":15.0,"key":"SMITH"},{"floor":23,"key":"REST"},{"floor":27,"key":"REST"},{"floor":30,"key":"REST"},{"floor":32,"key":"REST"},{"floor":40,"key":"REST"},{"floor":49,"key":"REST"}],"neow_cost":"NONE","seed_source_timestamp":721426157413921,"circlet_count":0,"master_deck":["Defend_G","Defend_G","Defend_G","Defend_G","Defend_G","Strike_G","Survivor","Neutralize+1","Footwork+1","Backstab","Deadly Poison+1","Heel Hook","Crippling Poison","Cloak And Dagger","Footwork+1","Heel Hook","Noxious Fumes","Acrobatics","A Thousand Cuts","Cloak And Dagger","Noxious Fumes","Noxious Fumes","Catalyst","Backflip","Terror+1","Dagger Spray","After Image","Predator+1","Panache","Catalyst","Leg Sweep+1","Blade Dance+1","Heel Hook+1"],"special_seed":0,"relics":["Runic Dome"],"potions_floor_usage":[],"damage_taken":[{"damage":1.0,"enemies":"Cultist","floor":1.0,"turns":4.0},{"damage":4.0,"enemies":"Jaw Worm","floor":2.0,"turns":4.0},{"damage":3.0,"enemies":"Small Slimes","floor":3.0,"turns":3.0},{"damage":0.0,"enemies":"Looter","floor":5.0,"turns":2.0},{"damage":13.0,"enemies":"Gremlin Gang","floor":7.0,"turns":4.0},{"damage":8.0,"enemies":"Exordium Thugs","floor":13.0,"turns":5.0},{"damage":0.0,"enemies":"Looter","floor":14.0,"turns":3.0},{"damage":7.0,"enemies":"Hexaghost","floor":16.0,"turns":10.0},{"damage":0,"enemies":"3 Byrds","floor":18,"turns":6},{"damage":8,"enemies":"Spheric Guardian","floor":19,"turns":7},{"damage":15,"enemies":"Centurion and Healer","floor":21,"turns":7},{"damage":21,"enemies":"Snake Plant","floor":22,"turns":5},{"damage":6,"enemies":"Shelled Parasite and Fungi","floor":28,"turns":6},{"damage":30,"enemies":"Chosen and Byrds","floor":29,"turns":7},{"damage":32,"enemies":"Collector","floor":33,"turns":8},{"damage":20,"enemies":"3 Darklings","floor":35,"turns":5},{"damage":7,"enemies":"Orb Walker","floor":38,"turns":4},{"damage":18,"enemies":"Transient","floor":39,"turns":5},{"damage":11,"enemies":"Sphere and 2 Shapes","floor":41,"turns":5},{"damage":29,"enemies":"3 Darklings","floor":42,"turns":4},{"damage":6,"enemies":"4 Shapes","floor":44,"turns":6},{"damage":7,"enemies":"Maw","floor":46,"turns":7},{"damage":32,"enemies":"Spire Growth","floor":47,"turns":5},{"damage":10,"enemies":"3 Darklings","floor":48,"turns":6},{"damage":34,"enemies":"Awakened One","floor":50,"turns":2}],"seed_played":"-3668346129626248717","potions_obtained":[{"floor":1.0,"key":"SteroidPotion"},{"floor":13.0,"key":"Ancient Potion"},{"floor":16.0,"key":"Energy Potion"},{"floor":22,"key":"FairyPotion"},{"floor":44,"key":"SpeedPotion"},{"floor":47,"key":"Block Potion"}],"is_trial":false,"path_per_floor":["M","M","M","?","M","R","M","R","T","T","$","R","M","M","R","B",null,"M","M","$","M","M","R","?","?","T","R","M","M","R","T","R","B",null,"M","?","$","M","M","R","M","M","T","M","?","M","M","M","R","B"],"character_chosen":"THE_SILENT","items_purchased":["Footwork","Heel Hook","Noxious Fumes"],"campfire_rested":6,"item_purchase_floors":[11,11,20],"current_hp_per_floor":[69,65,62,62,62,62,49,49,49,49,49,49,41,41,41,34,70,70,62,62,47,26,47,47,40,40,61,55,25,46,46,67,35,70,50,50,50,43,25,46,35,6,6,7,61,54,22,12,30,0],"gold":284,"neow_bonus":"BOSS_RELIC","is_prod":false,"is_daily":false,"chose_seed":false,"campfire_upgraded":4,"win_rate":0,"timestamp":1546191832,"path_taken":["M","M","M","?","M","R","M","R","T","?","$","R","M","M","R","BOSS","M","M","$","M","M","R","?","?","T","R","M","?","R","?","R","BOSS","M","?","?","M","?","R","M","M","T","M","?","M","M","M","R","BOSS"],"build_version":"2018-12-20","purchased_purges":2,"victory":false,"max_hp_per_floor":[70,70,70,70,70,70,70,70,70,70,70,70,70,70,70,70,70,70,70,70,70,70,70,70,70,70,70,70,70,70,70,70,70,70,70,70,70,70,70,70,70,70,70,70,61,61,61,61,61,61],"card_choices":[{"not_picked":["Accuracy","Sucker Punch"],"picked":"Footwork","floor":1.0},{"not_picked":["Dagger Throw","Flying Knee"],"picked":"Backstab","floor":2.0},{"not_picked":["Slice","Deflect"],"picked":"Deadly Poison","floor":3.0},{"not_picked":["Eviscerate","Bane"],"picked":"Crippling Poison","floor":5.0},{"not_picked":["Dagger Spray","Dodge and Roll"],"picked":"Cloak And Dagger","floor":7.0},{"not_picked":["Prepared","Blur"],"picked":"Noxious Fumes","floor":13.0},{"not_picked":["Escape Plan","Dagger Throw"],"picked":"Acrobatics","floor":14.0},{"not_picked":["Burst","Unload"],"picked":"A Thousand Cuts","floor":16.0},{"not_picked":["Setup","Flying Knee"],"picked":"Cloak And Dagger","floor":18},{"not_picked":["PiercingWail+1","Blade Dance"],"picked":"Noxious Fumes","floor":19},{"not_picked":["Deadly Poison","Bouncing Flask"],"picked":"Catalyst","floor":21},{"not_picked":["Crippling Poison","Flying Knee"],"picked":"Backflip","floor":22},{"not_picked":["Setup","Blade Dance"],"picked":"Terror+1","floor":28},{"not_picked":["All Out Attack","Outmaneuver+1"],"picked":"Dagger Spray","floor":29},{"not_picked":["Adrenaline","Die Die Die"],"picked":"After Image","floor":33},{"not_picked":["Sucker Punch","Slice+1"],"picked":"Predator+1","floor":35},{"not_picked":["Impatience","Panacea"],"picked":"Panache","floor":36},{"not_picked":["PiercingWail","Flying Knee"],"picked":"Catalyst","floor":38},{"not_picked":["Deadly Poison","Well Laid Plans+1","Bane+1"],"picked":"SKIP","floor":39},{"not_picked":["Poisoned Stab","Blade Dance"],"picked":"Leg Sweep+1","floor":41},{"not_picked":["Quick Slash","Flying Knee","Bane+1"],"picked":"SKIP","floor":42},{"not_picked":["Storm of Steel","Quick Slash+1","Endless Agony"],"picked":"SKIP","floor":44},{"not_picked":["All Out Attack","Tactician+1"],"picked":"Blade Dance+1","floor":46},{"not_picked":["Dagger Throw","Leg Sweep"],"picked":"Heel Hook+1","floor":47},{"not_picked":["Finisher","Accuracy+1","Deflect"],"picked":"SKIP","floor":48}],"player_experience":555053,"relics_obtained":[],"event_choices":[{"damage_healed":0.0,"max_hp_gain":0.0,"max_hp_loss":0.0,"gold_gain":0.0,"cards_transformed":["Strike_G"],"event_name":"Living Wall","player_choice":"Change","floor":4.0,"gold_loss":0.0,"damage_taken":0.0,"cards_obtained":["Heel Hook"]},{"cards_removed":["Strike_G"],"damage_healed":0,"gold_gain":0,"player_choice":"Gave Gold","damage_taken":0,"max_hp_gain":0,"max_hp_loss":0,"event_name":"Beggar","floor":24,"gold_loss":75},{"damage_healed":0,"gold_gain":0,"player_choice":"","damage_taken":7,"max_hp_gain":0,"max_hp_loss":0,"event_name":"Knowing Skull","floor":25,"potions_obtained":[],"gold_loss":0,"cards_obtained":[]},{"damage_healed":0,"gold_gain":0,"player_choice":"Memory 1","damage_taken":0,"max_hp_gain":0,"max_hp_loss":0,"event_name":"SensoryStone","floor":36,"gold_loss":0},{"damage_healed":61,"gold_gain":0,"player_choice":"Heal","damage_taken":0,"max_hp_gain":0,"max_hp_loss":9,"event_name":"The Moai Head","floor":45,"gold_loss":0}],"is_beta":false,"boss_relics":[{"not_picked":["Orrery","Sozu","Empty Cage"]},{"not_picked":["Orrery","Sozu","Empty Cage"]}],"items_purged_floors":[20,37],"is_endless":false,"potions_floor_spawned":[1,13,16,22,28,33,38,41,44,47],"killed_by":"Awakened One","ascension_level":0}