{"gold_per_floor":[20,20,170,245,259,259,21,21,44,44,44,44,44,78,78,150,150,165,183,183],"floor_reached":20,"playtime":692,"items_purged":["Doubt"],"score":302,"play_id":"3445d0db-070f-4734-b804-b31467dfb506","local_time":"20190622071525","is_ascension_mode":true,"campfire_choices":[{"data":"Neutralize","floor":6,"key":"SMITH"},{"data":"Choke","floor":8,"key":"SMITH"},{"floor":15,"key":"REST"}],"neow_cost":"NO_GOLD","seed_source_timestamp":370931402616600,"circlet_count":0,"master_deck":["AscendersBane","Defend_G","Defend_G","Defend_G","Defend_G","Defend_G","Strike_G","Survivor","Neutralize+1","Infinite Blades","Bane","Dash","Flying Knee","Footwork","Choke+1","Glass Knife","Bullet Time","Storm of Steel","Skewer","Acrobatics"],"relics":["Ring of the Snake","Juzu Bracelet","Sundial","Darkstone Periapt"],"potions_floor_usage":[14,16,16,20],"damage_taken":[{"damage":3,"enemies":"2 Louse","floor":1,"turns":5},{"damage":0,"enemies":"Small Slimes","floor":5,"turns":3},{"damage":6,"enemies":"Lagavulin","floor":14,"turns":7},{"damage":7,"enemies":"Slime Boss","floor":16,"turns":14},{"damage":28,"enemies":"Spheric Guardian","floor":18,"turns":6},{"damage":11,"enemies":"3 Byrds","floor":19,"turns":6},{"damage":23,"enemies":"Masked Bandits","floor":20,"turns":3}],"seed_played":"-5357683015748329024","potions_obtained":[{"floor":10,"key":"Block Potion"},{"floor":10,"key":"Dexterity Potion"},{"floor":14,"key":"Swift Potion"},{"floor":16,"key":"Strength Potion"},{"floor":18,"key":"SpeedPotion"}],"is_trial":false,"path_per_floor":["M","?","?","?","M","R","$","R","T","?","?","?","?","E","R","B",null,"M","M","?"],"character_chosen":"THE_SILENT","items_purchased":["Footwork","Choke"],"campfire_rested":1,"item_purchase_floors":[7,7],"current_hp_per_floor":[56,49,49,38,38,38,38,38,38,38,38,43,25,19,40,33,62,34,23,0],"gold":183,"neow_bonus":"TRANSFORM_TWO_CARDS","is_prod":false,"is_daily":false,"chose_seed":false,"campfire_upgraded":2,"win_rate":0,"timestamp":1561180525,"path_taken":["M","?","?","?","M","R","$","R","T","?","?","?","?","E","R","BOSS","M","M","?"],"build_version":"2019-01-23","purchased_purges":1,"victory":false,"max_hp_per_floor":[66,66,66,66,66,66,66,66,66,66,66,71,71,71,71,71,71,71,71,71],"card_choices":[{"not_picked":["Dagger Throw","Endless Agony"],"picked":"Dash","floor":1},{"not_picked":["Cloak And Dagger","Acrobatics"],"picked":"Flying Knee","floor":5},{"not_picked":["Tools of the Trade","Flying Knee"],"picked":"Bullet Time","floor":14},{"not_picked":["Malaise","Night Terror"],"picked":"Storm of Steel","floor":16},{"not_picked":["Sucker Punch","Acrobatics"],"picked":"Skewer","floor":18},{"not_picked":["All Out Attack","Concentrate"],"picked":"Acrobatics","floor":19}],"player_experience":1429967,"relics_obtained":[{"floor":9,"key":"Juzu Bracelet"},{"floor":14,"key":"Darkstone Periapt"}],"event_choices":[{"cards_removed":["Strike_G"],"damage_healed":0,"gold_gain":0,"player_choice":"Card Removal","damage_taken":7,"max_hp_gain":0,"max_hp_loss":0,"event_name":"Golden Wing","floor":2,"gold_loss":0},{"damage_healed":0,"gold_gain":150,"player_choice":"AGREE","damage_taken":0,"max_hp_gain":0,"max_hp_loss":0,"event_name":"Liars Game","floor":3,"gold_loss":0,"cards_obtained":["Doubt"]},{"damage_healed":0,"gold_gain":75,"player_choice":"Gather Gold","damage_taken":11,"max_hp_gain":0,"max_hp_loss":0,"event_name":"World of Goop","floor":4,"gold_loss":0},{"damage_healed":0,"gold_gain":0,"player_choice":"Got Potions","damage_taken":0,"max_hp_gain":0,"max_hp_loss":0,"event_name":"Lab","floor":10,"gold_loss":0},{"damage_healed":0,"gold_gain":0,"cards_transformed":["Strike_G"],"player_choice":"Transformed","damage_taken":0,"max_hp_gain":0,"max_hp_loss":0,"event_name":"Transmorgrifier","floor":11,"gold_loss":0,"cards_obtained":["Glass Knife"]},{"damage_healed":0,"gold_gain":0,"player_choice":"Donut","damage_taken":0,"max_hp_gain":5,"max_hp_loss":0,"event_name":"Big Fish","floor":12,"gold_loss":0},{"damage_healed":0,"gold_gain":0,"player_choice":"Success","damage_taken":18,"relics_obtained":["Sundial"],"max_hp_gain":0,"max_hp_loss":0,"event_name":"Scrap Ooze","floor":13,"gold_loss":0},{"damage_healed":0,"gold_gain":0,"player_choice":"Fought Bandits","damage_taken":0,"max_hp_gain":0,"max_hp_loss":0,"event_name":"Masked Bandits","floor":20,"gold_loss":0}],"is_beta":false,"boss_relics":[{"not_picked":["HoveringKite","Coffee Dripper","Snecko Eye"]}],"items_purged_floors":[7],"is_endless":false,"potions_floor_spawned":[14,16,18],"killed_by":"Masked Bandits","ascension_level":16}