{"gold_per_floor":[118,118,118,143,143,143,218,218,271,271,291,52,75,101,101,200,200,214,239,18,36,57,57,57,101,150,165,165,115,140,140,140,140],"floor_reached":33,"playtime":849,"items_purged":[],"score":610,"play_id":"edd1432d-5195-48b5-9c09-95687ec45e51","local_time":"20190620201821","is_ascension_mode":true,"campfire_choices":[{"floor":6,"key":"REST"},{"floor":8,"key":"REST"},{"data":"Perfected Strike","floor":15,"key":"SMITH"},{"data":"Immolate","floor":23,"key":"SMITH"},{"data":"Armaments","floor":28,"key":"SMITH"},{"data":"Bash","floor":32,"key":"SMITH"}],"neow_cost":"NONE","seed_source_timestamp":317261758541631,"circlet_count":0,"master_deck":["AscendersBane","Strike_R+1","Strike_R+1","Strike_R+1","Strike_R+1","Strike_R+1","Defend_R+1","Defend_R+1","Defend_R+1","Defend_R+1","Bash+1","Cleave+1","Thunderclap","Twin Strike","Pummel","Perfected Strike+1","Immolate+1","Wild Strike+1","Shrug It Off","Anger","Shrug It Off","Armaments+1","Pommel Strike+1","Impervious"],"relics":["Burning Blood","NeowsBlessing","Golden Idol","Omamori","Pen Nib","Du-Vu Doll","Lantern","Orichalcum","Coffee Dripper","Medical Kit","Bag of Marbles","Happy Flower","Oddly Smooth Stone"],"potions_floor_usage":[16,21,25],"damage_taken":[{"damage":0,"enemies":"Jaw Worm","floor":1,"turns":1},{"damage":0,"enemies":"2 Louse","floor":4,"turns":1},{"damage":0,"enemies":"Small Slimes","floor":11,"turns":1},{"damage":11,"enemies":"3 Louse","floor":13,"turns":2},{"damage":0,"enemies":"Slime Boss","floor":16,"turns":4},{"damage":18,"enemies":"3 Byrds","floor":18,"turns":4},{"damage":0,"enemies":"2 Thieves","floor":19,"turns":1},{"damage":32,"enemies":"Snake Plant","floor":21,"turns":3},{"damage":25,"enemies":"Shelled Parasite and Fungi","floor":22,"turns":3},{"damage":16,"enemies":"Book of Stabbing","floor":25,"turns":3},{"damage":5,"enemies":"Sentry and Sphere","floor":27,"turns":3},{"damage":8,"enemies":"Centurion and Healer","floor":30,"turns":3},{"damage":57,"enemies":"Automaton","floor":33,"turns":6}],"seed_played":"4238662712307293704","potions_obtained":[{"floor":4,"key":"Fire Potion"},{"floor":11,"key":"Strength Potion"},{"floor":16,"key":"EssenceOfSteel"},{"floor":19,"key":"BloodPotion"},{"floor":27,"key":"Ancient Potion"}],"is_trial":false,"path_per_floor":["M","?","?","M","?","R","?","R","T","?","M","$","M","T","R","B",null,"M","M","$","M","M","R","?","E","T","M","R","?","M","?","R","B"],"character_chosen":"IRONCLAD","items_purchased":["Pummel","Lantern","Medical Kit"],"campfire_rested":2,"item_purchase_floors":[12,12,20],"current_hp_per_floor":[74,48,25,31,13,35,24,46,46,46,52,52,47,47,47,53,70,58,64,64,45,26,26,26,16,16,17,17,17,15,15,15,0],"gold":140,"neow_bonus":"THREE_ENEMY_KILL","is_prod":false,"is_daily":false,"chose_seed":false,"campfire_upgraded":4,"win_rate":0,"timestamp":1561058301,"path_taken":["M","?","?","M","?","R","?","R","T","?","M","?","?","?","R","BOSS","M","M","$","M","M","R","?","E","T","M","R","?","?","?","R","BOSS"],"build_version":"2019-01-23","purchased_purges":0,"victory":false,"max_hp_per_floor":[75,75,75,75,75,75,75,75,75,75,75,75,75,75,75,75,75,75,75,75,75,75,75,75,75,75,75,75,75,75,75,75,75],"card_choices":[{"not_picked":["Shrug It Off","Infernal Blade"],"picked":"Cleave","floor":1},{"not_picked":["Body Slam","Clash"],"picked":"Thunderclap","floor":4},{"not_picked":["Wild Strike","Spot Weakness"],"picked":"Twin Strike","floor":11},{"not_picked":["Flex","Corruption"],"picked":"Perfected Strike","floor":13},{"not_picked":["Brutality","Berserk"],"picked":"Immolate","floor":16},{"not_picked":["Havoc","Searing Blow"],"picked":"Wild Strike+1","floor":18},{"not_picked":["Sword Boomerang","Armaments"],"picked":"Shrug It Off","floor":19},{"not_picked":["Blood for Blood","Berserk"],"picked":"Anger","floor":21},{"not_picked":["Carnage","Warcry"],"picked":"Shrug It Off","floor":22},{"not_picked":["Clothesline","Offering"],"picked":"Armaments","floor":25},{"not_picked":["Thunderclap","Clash"],"picked":"Pommel Strike+1","floor":27},{"not_picked":["Sever Soul+1","Rage"],"picked":"Impervious","floor":30}],"player_experience":1096750,"relics_obtained":[{"floor":9,"key":"Pen Nib"},{"floor":14,"key":"Orichalcum"},{"floor":25,"key":"Happy Flower"},{"floor":26,"key":"Oddly Smooth Stone"}],"event_choices":[{"damage_healed":0,"gold_gain":0,"player_choice":"Take Damage","damage_taken":26,"relics_obtained":["Golden Idol"],"max_hp_gain":0,"max_hp_loss":0,"event_name":"Golden Idol","floor":2,"gold_loss":0},{"damage_healed":0,"gold_gain":0,"player_choice":"Entered Light","damage_taken":23,"max_hp_gain":0,"max_hp_loss":0,"event_name":"Shining Light","floor":3,"gold_loss":0,"cards_upgraded":["Cleave","Defend_R"]},{"damage_healed":0,"gold_gain":0,"player_choice":"Success","damage_taken":18,"relics_obtained":["Omamori"],"max_hp_gain":0,"max_hp_loss":0,"event_name":"Scrap Ooze","floor":5,"gold_loss":0},{"damage_healed":0,"gold_gain":75,"player_choice":"Gather Gold","damage_taken":11,"max_hp_gain":0,"max_hp_loss":0,"event_name":"World of Goop","floor":7,"gold_loss":0},{"damage_healed":0,"gold_gain":0,"player_choice":"Searched \u00271\u0027 times","damage_taken":0,"relics_obtained":["Du-Vu Doll"],"max_hp_gain":0,"max_hp_loss":0,"event_name":"Dead Adventurer","floor":10,"gold_loss":0},{"damage_healed":0,"gold_gain":0,"player_choice":"Stole Relic","damage_taken":0,"relics_obtained":["Bag of Marbles"],"max_hp_gain":0,"max_hp_loss":0,"event_name":"Addict","floor":24,"gold_loss":0,"cards_obtained":["Shame"]},{"damage_healed":0,"gold_gain":0,"player_choice":"Bet on Murderer","damage_taken":0,"max_hp_gain":0,"max_hp_loss":0,"event_name":"The Joust","floor":29,"gold_loss":50},{"damage_healed":0,"gold_gain":0,"player_choice":"Simplicity","damage_taken":0,"max_hp_gain":0,"max_hp_loss":0,"event_name":"Back to Basics","floor":31,"gold_loss":0,"cards_upgraded":["Strike_R","Strike_R","Strike_R","Strike_R","Strike_R","Defend_R","Defend_R","Defend_R"]}],"is_beta":false,"boss_relics":[{"not_picked":["Busted Crown","Snecko Eye"],"picked":"Coffee Dripper"}],"items_purged_floors":[],"is_endless":false,"potions_floor_spawned":[4,11,16,19,27],"killed_by":"Automaton","ascension_level":20}