{"gold_per_floor":[112,112,112,123,139,173,193,211,237,237,5,5,17,167,167,239,239,256,256,256],"floor_reached":20,"playtime":813,"items_purged":["Strike_G"],"score":331,"play_id":"1330f22e-d930-471f-8a9c-6b3a1236dda7","local_time":"20190722024229","is_ascension_mode":true,"campfire_choices":[{"floor":10,"key":"REST"},{"data":"Neutralize","floor":12,"key":"SMITH"},{"floor":15,"key":"REST"}],"neow_cost":"NONE","seed_source_timestamp":60477577175400,"circlet_count":0,"master_deck":["AscendersBane","Strike_G","Strike_G","Strike_G","Defend_G+1","Defend_G","Defend_G","Defend_G+1","Defend_G","Survivor","Neutralize+1","Impatience","Deflect","Dash","Deadly Poison","Dagger Spray","Poisoned Stab","Tools of the Trade","Well Laid Plans","Blade Dance","Cloak And Dagger","Sucker Punch","Doubt","A Thousand Cuts","Flying Knee"],"relics":["Ring of the Snake","Oddly Smooth Stone","War Paint","WristBlade"],"potions_floor_usage":[6,7,16,20],"damage_taken":[{"damage":2,"enemies":"Jaw Worm","floor":1,"turns":6},{"damage":5,"enemies":"2 Louse","floor":4,"turns":3},{"damage":7,"enemies":"Cultist","floor":5,"turns":6},{"damage":26,"enemies":"Gremlin Nob","floor":6,"turns":5},{"damage":7,"enemies":"Lots of Slimes","floor":7,"turns":6},{"damage":2,"enemies":"Looter","floor":8,"turns":3},{"damage":0,"enemies":"3 Louse","floor":13,"turns":3},{"damage":17,"enemies":"The Guardian","floor":16,"turns":12},{"damage":52,"enemies":"3 Byrds","floor":18,"turns":8},{"damage":5,"enemies":"Shell Parasite","floor":20,"turns":2}],"seed_played":"-5366837969805314852","potions_obtained":[{"floor":1,"key":"SpeedPotion"},{"floor":4,"key":"SpeedPotion"},{"floor":7,"key":"LiquidBronze"},{"floor":18,"key":"Weak Potion"}],"is_trial":false,"path_per_floor":["M","?","?","M","M","E","M","M","T","R","$","R","M","?","R","B",null,"M","?","M"],"character_chosen":"THE_SILENT","items_purchased":["Well Laid Plans","Blade Dance","Cloak And Dagger"],"campfire_rested":2,"item_purchase_floors":[11,11,11],"current_hp_per_floor":[57,62,62,57,50,24,17,15,15,36,36,36,36,36,57,40,63,11,2,0],"gold":256,"neow_bonus":"RANDOM_COLORLESS","is_prod":false,"is_daily":false,"chose_seed":false,"campfire_upgraded":1,"win_rate":0,"timestamp":1563756149,"path_taken":["M","?","?","?","M","E","M","?","T","R","$","R","M","?","R","BOSS","M","?","M"],"build_version":"2019-07-17","purchased_purges":1,"victory":false,"max_hp_per_floor":[66,71,71,71,71,71,71,71,71,71,71,71,71,71,71,71,71,71,71,71],"card_choices":[{"not_picked":["Sucker Punch","Dagger Throw"],"picked":"Deflect","floor":1},{"not_picked":["Quick Slash","PiercingWail"],"picked":"Dash","floor":4},{"not_picked":["Prepared","Underhanded Strike"],"picked":"Deadly Poison","floor":5},{"not_picked":["Choke","Underhanded Strike"],"picked":"Dagger Spray","floor":6},{"not_picked":["Phantasmal Killer","Outmaneuver"],"picked":"Poisoned Stab","floor":7},{"not_picked":["Backflip","Slice"],"picked":"Tools of the Trade","floor":8},{"not_picked":["Accuracy","Dodge and Roll"],"picked":"Sucker Punch","floor":13},{"not_picked":["Burst","Doppelganger"],"picked":"A Thousand Cuts","floor":16},{"not_picked":["Bane","Backflip"],"picked":"Flying Knee","floor":18}],"player_experience":1726612,"relics_obtained":[{"floor":6,"key":"Oddly Smooth Stone"},{"floor":9,"key":"War Paint"}],"event_choices":[{"damage_healed":0,"gold_gain":0,"player_choice":"Donut","damage_taken":0,"max_hp_gain":5,"max_hp_loss":0,"event_name":"Big Fish","floor":2,"gold_loss":0},{"cards_removed":["Strike_G"],"damage_healed":0,"gold_gain":0,"player_choice":"Offered Basic","damage_taken":0,"max_hp_gain":0,"max_hp_loss":0,"event_name":"Bonfire Elementals","floor":3,"gold_loss":0},{"damage_healed":0,"gold_gain":150,"player_choice":"AGREE","damage_taken":0,"max_hp_gain":0,"max_hp_loss":0,"event_name":"Liars Game","floor":14,"gold_loss":0,"cards_obtained":["Doubt"]},{"damage_healed":0,"gold_gain":0,"player_choice":"Stopped","damage_taken":9,"max_hp_gain":0,"max_hp_loss":0,"event_name":"Cursed Tome","floor":19,"gold_loss":0}],"is_beta":false,"boss_relics":[{"not_picked":["Runic Dome","Calling Bell"],"picked":"WristBlade"}],"items_purged_floors":[11],"is_endless":false,"potions_floor_spawned":[1,4,7,18],"killed_by":"Shell Parasite","ascension_level":18}