{"gold_per_floor":[111,121,18,18,36,36,71,71,71,71,98,109,137,212,212,286,286,186,186,186,201,218,218,238,238],"floor_reached":25,"playtime":1553,"items_purged":["Strike_B"],"score":488,"play_id":"606d4341-3a9b-4ab6-b673-a18f14201ba1","local_time":"20190703055422","is_ascension_mode":true,"campfire_choices":[{"data":"Go for the Eyes","floor":6,"key":"SMITH"},{"floor":8,"key":"REST"},{"floor":15,"key":"REST"},{"data":"Biased Cognition","floor":23,"key":"SMITH"}],"neow_cost":"NONE","seed_source_timestamp":470777054499200,"circlet_count":0,"master_deck":["AscendersBane","Strike_B+1","Strike_B+1","Defend_B","Defend_B","Zap","Dualcast","Turbo","Coolheaded","Go for the Eyes+1","Capacitor","White Noise","Biased Cognition+1","Cold Snap+1","Glacier","Seek","Stack+1","Machine Learning","Barrage","Buffer"],"relics":["Cracked Core","NeowsBlessing","Thread and Needle","Meat on the Bone","Vajra","Whetstone","Cursed Key"],"potions_floor_usage":[11,13,16,25],"damage_taken":[{"damage":0,"enemies":"2 Louse","floor":1,"turns":1},{"damage":0,"enemies":"Small Slimes","floor":2,"turns":1},{"damage":0,"enemies":"Cultist","floor":5,"turns":1},{"damage":24,"enemies":"Lagavulin","floor":7,"turns":10},{"damage":28,"enemies":"Gremlin Nob","floor":11,"turns":4},{"damage":4,"enemies":"3 Louse","floor":12,"turns":3},{"damage":0,"enemies":"3 Sentries","floor":13,"turns":4},{"damage":31,"enemies":"The Guardian","floor":16,"turns":16},{"damage":5,"enemies":"2 Thieves","floor":18,"turns":5},{"damage":0,"enemies":"3 Byrds","floor":21,"turns":6},{"damage":0,"enemies":"Snecko","floor":22,"turns":7},{"damage":8,"enemies":"Sentry and Sphere","floor":24,"turns":6},{"damage":51,"enemies":"Slavers","floor":25,"turns":3}],"seed_played":"-6551498544607746762","potions_obtained":[{"floor":1,"key":"Fire Potion"},{"floor":12,"key":"AttackPotion"},{"floor":13,"key":"FearPotion"},{"floor":21,"key":"Ancient Potion"},{"floor":22,"key":"SneckoOil"}],"is_trial":false,"path_per_floor":["M","M","$","?","M","R","E","R","T","?","E","M","E","?","R","B",null,"M","?","?","M","M","R","M","E"],"character_chosen":"DEFECT","items_purchased":["Go for the Eyes"],"campfire_rested":2,"item_purchase_floors":[3],"current_hp_per_floor":[64,64,64,43,43,43,19,40,40,40,24,32,44,33,54,35,62,57,57,57,57,57,57,49,0],"gold":238,"neow_bonus":"THREE_ENEMY_KILL","is_prod":false,"is_daily":false,"chose_seed":false,"campfire_upgraded":2,"win_rate":0,"timestamp":1562129662,"path_taken":["M","M","$","?","M","R","E","R","T","?","E","M","E","?","R","BOSS","M","?","?","M","?","R","M","E"],"build_version":"2019-07-01","purchased_purges":1,"victory":false,"max_hp_per_floor":[71,71,71,71,71,71,71,71,71,71,71,71,71,71,71,71,71,71,71,71,71,71,71,71,71],"card_choices":[{"not_picked":["Auto Shields","Aggregate"],"picked":"Turbo","floor":1},{"not_picked":["Turbo","Stack"],"picked":"Coolheaded","floor":2},{"not_picked":["Gash","Turbo"],"picked":"Capacitor","floor":5},{"not_picked":["Melter","Double Energy"],"picked":"White Noise","floor":7},{"not_picked":["Hologram","Coolheaded"],"picked":"Biased Cognition","floor":11},{"not_picked":["Doom and Gloom","Redo"],"picked":"Cold Snap","floor":12},{"not_picked":["Auto Shields","Force Field"],"picked":"Glacier","floor":13},{"not_picked":["Machine Learning","Multi-Cast"],"picked":"Seek","floor":16},{"not_picked":["Rebound","Sunder"],"picked":"Stack+1","floor":18},{"not_picked":["Rebound","Turbo","Stack"],"picked":"SKIP","floor":21},{"not_picked":["Stack","Barrage","Cold Snap"],"picked":"SKIP","floor":22},{"not_picked":["Stack+1","Go for the Eyes"],"picked":"Buffer","floor":24}],"player_experience":1122499,"relics_obtained":[{"floor":7,"key":"Thread and Needle"},{"floor":9,"key":"Meat on the Bone"},{"floor":11,"key":"Vajra"},{"floor":13,"key":"Whetstone"}],"event_choices":[{"damage_healed":0,"gold_gain":0,"player_choice":"Entered Light","damage_taken":21,"max_hp_gain":0,"max_hp_loss":0,"event_name":"Shining Light","floor":4,"gold_loss":0,"cards_upgraded":["Strike_B","Strike_B"]},{"damage_healed":0,"gold_gain":0,"player_choice":"Ignored","damage_taken":0,"max_hp_gain":0,"max_hp_loss":0,"event_name":"Liars Game","floor":10,"gold_loss":0},{"damage_healed":0,"gold_gain":75,"player_choice":"Gather Gold","damage_taken":11,"max_hp_gain":0,"max_hp_loss":0,"event_name":"World of Goop","floor":14,"gold_loss":0},{"damage_healed":0,"gold_gain":0,"cards_transformed":["Strike_B","Defend_B"],"player_choice":"Became Test Subject","damage_taken":0,"max_hp_gain":0,"max_hp_loss":0,"event_name":"Drug Dealer","floor":19,"gold_loss":0,"cards_obtained":["Machine Learning","Barrage"]},{"cards_removed":["Defend_B"],"damage_healed":0,"gold_gain":0,"player_choice":"Offered Basic","damage_taken":0,"max_hp_gain":0,"max_hp_loss":0,"event_name":"Bonfire Elementals","floor":20,"gold_loss":0}],"is_beta":false,"boss_relics":[{"not_picked":["Eternal Feather","Busted Crown"],"picked":"Cursed Key"}],"items_purged_floors":[3],"is_endless":false,"potions_floor_spawned":[1,12,13,21,22],"killed_by":"Slavers","ascension_level":20}