{"gold_per_floor":[110,110,35,35,45,45,45,58,58,73,93,119,136,154,154,252,252,268,279,290,41,69,69,69,85,111,111,111,111,121,141,141,242,242,252,252,252,252,1251,1278,602,616,616,616,627,35,55,66,66,66],"floor_reached":51,"playtime":835,"items_purged":["Pain","Strike_R","Normality","Normality"],"score":731,"play_id":"85c3d8e7-7a0f-4ecb-90b8-eb1ddb389b50","local_time":"20191014053527","is_ascension_mode":false,"campfire_choices":[{"data":"Flex","floor":6.0,"key":"SMITH"},{"data":"Inflame","floor":15,"key":"SMITH"},{"data":"Limit Break","floor":23,"key":"SMITH"},{"data":"Limit Break","floor":27,"key":"SMITH"},{"data":"Flex","floor":29,"key":"SMITH"},{"data":"Heavy Blade","floor":32,"key":"SMITH"},{"data":"Whirlwind","floor":49,"key":"SMITH"}],"neow_cost":"NONE","seed_source_timestamp":35809982563040,"circlet_count":0,"master_deck":["Strike_R","Strike_R","Strike_R","Strike_R","Defend_R","Defend_R","Defend_R","Defend_R","Bash","Flex+1","Infernal Blade","Headbutt","Inflame+1","Limit Break+1","Flex+1","Limit Break+1","Heavy Blade+1","Heavy Blade+1","Inflame","Heavy Blade+1","Whirlwind+1"],"special_seed":0,"relics":["Burning Blood","NeowsBlessing","WarpedTongs","White Beast Statue","Gremlin Horn","Dodecahedron","Coffee Dripper","Bag of Preparation","Red Mask","Anchor","Philosopher\u0027s Stone","StrikeDummy","Question Card","Lee\u0027s Waffle","Strawberry","Shuriken","Incense Burner","Paper Frog","Ancient Tea Set"],"potions_floor_usage":[12,19,20,20,22,25,45,50,50],"damage_taken":[{"damage":0.0,"enemies":"Jaw Worm","floor":1.0,"turns":1.0},{"damage":0.0,"enemies":"Cultist","floor":5.0,"turns":1.0},{"damage":0.0,"enemies":"Small Slimes","floor":8.0,"turns":1.0},{"damage":5.0,"enemies":"Looter","floor":10.0,"turns":2.0},{"damage":8.0,"enemies":"Red Slaver","floor":11.0,"turns":2.0},{"damage":14,"enemies":"Gremlin Nob","floor":12,"turns":3},{"damage":4,"enemies":"Blue Slaver","floor":13,"turns":3},{"damage":0,"enemies":"Exordium Wildlife","floor":14,"turns":1},{"damage":51,"enemies":"The Guardian","floor":16,"turns":9},{"damage":5,"enemies":"Spheric Guardian","floor":18,"turns":3},{"damage":0,"enemies":"Chosen","floor":19,"turns":3},{"damage":27,"enemies":"Snake Plant","floor":20,"turns":3},{"damage":7,"enemies":"Masked Bandits","floor":22,"turns":3},{"damage":15,"enemies":"Snecko","floor":25,"turns":3},{"damage":0,"enemies":"Centurion and Healer","floor":30,"turns":2},{"damage":16,"enemies":"Snake Plant","floor":31,"turns":3},{"damage":12,"enemies":"Champ","floor":33,"turns":4},{"damage":5,"enemies":"3 Shapes","floor":35,"turns":2},{"damage":51,"enemies":"Nemesis","floor":40,"turns":5},{"damage":27,"enemies":"3 Darklings","floor":42,"turns":5},{"damage":56,"enemies":"Spire Growth","floor":45,"turns":4},{"damage":0,"enemies":"Maw","floor":47,"turns":4},{"damage":0,"enemies":"3 Darklings","floor":48,"turns":2},{"damage":32,"enemies":"Donu and Deca","floor":50,"turns":5}],"seed_played":"-2029306291944015709","potions_obtained":[{"floor":5.0,"key":"Energy Potion"},{"floor":8.0,"key":"SpeedPotion"},{"floor":10.0,"key":"Ancient Potion"},{"floor":12,"key":"FearPotion"},{"floor":13,"key":"Regen Potion"},{"floor":18,"key":"PowerPotion"},{"floor":19,"key":"Ancient Potion"},{"floor":20,"key":"Energy Potion"},{"floor":22,"key":"LiquidBronze"},{"floor":25,"key":"Strength Potion"},{"floor":30,"key":"Regen Potion"},{"floor":35,"key":"FairyPotion"},{"floor":45,"key":"Dexterity Potion"},{"floor":47,"key":"BloodPotion"}],"is_trial":false,"path_per_floor":["M","?","$","T","M","R","$","M","T","M","M","E","M","M","R","B",null,"M","M","M","$","?","R","?","M","T","R","?","R","M","M","R","B",null,"M","?","?","T","?","E","$","M","T","?","M","$","M","M","R","B",null],"character_chosen":"IRONCLAD","items_purchased":["Bag of Preparation","Lee\u0027s Waffle","Strawberry","Shuriken","Inflame","Paper Frog","Ancient Tea Set"],"campfire_rested":0,"item_purchase_floors":[21,41,41,41,46,46,46],"current_hp_per_floor":[80,80,80,80,80,80,80,80,80,80,78,70,72,78,78,33,80,80,80,59,59,58,58,58,58,58,58,80,80,80,70,70,64,80,80,80,80,80,80,35,94,73,73,73,35,35,41,47,47,38],"gold":66,"neow_bonus":"THREE_ENEMY_KILL","is_prod":false,"is_daily":false,"chose_seed":false,"campfire_upgraded":7,"win_rate":0,"timestamp":1571052927,"path_taken":["M","?","$","?","M","R","$","M","T","M","M","E","M","M","R","BOSS","M","?","M","$","?","R","?","?","T","R","?","R","M","M","R","BOSS","M","?","?","?","?","E","$","M","T","?","M","?","?","M","R","BOSS"],"build_version":"2019-10-11","purchased_purges":4,"victory":true,"max_hp_per_floor":[80,80,80,80,80,80,80,80,80,80,80,80,80,80,80,80,80,80,80,80,80,80,80,80,80,80,80,80,80,80,80,80,80,80,80,80,80,80,80,80,94,94,94,89,89,89,89,89,89,89],"card_choices":[{"not_picked":["Headbutt","Blood for Blood"],"picked":"Flex","floor":1.0},{"not_picked":["Pommel Strike","Perfected Strike","Warcry"],"picked":"SKIP","floor":5.0},{"not_picked":["Carnage","Power Through"],"picked":"Infernal Blade","floor":8.0},{"not_picked":["Perfected Strike","Pummel"],"picked":"Headbutt","floor":10.0},{"not_picked":["Twin Strike","Barricade","Burning Pact"],"picked":"SKIP","floor":11.0},{"not_picked":["Warcry","Havoc","Perfected Strike"],"picked":"SKIP","floor":12},{"not_picked":["Wild Strike","Ghostly Armor","Armaments"],"picked":"SKIP","floor":13},{"not_picked":["Bloodletting","Anger"],"picked":"Inflame","floor":14},{"not_picked":["Fiend Fire","Immolate"],"picked":"Limit Break","floor":16},{"not_picked":["Warcry","Iron Wave"],"picked":"Flex","floor":18},{"not_picked":["Clash","Blood for Blood","Pommel Strike"],"picked":"SKIP","floor":19},{"not_picked":["Combust+1","Seeing Red"],"picked":"Limit Break","floor":20},{"not_picked":["Sword Boomerang","Body Slam","Havoc+1"],"picked":"SKIP","floor":25},{"not_picked":["Hemokinesis","Iron Wave"],"picked":"Heavy Blade","floor":30},{"not_picked":["Combust","Rupture+1","Sword Boomerang"],"picked":"SKIP","floor":31},{"not_picked":["Pommel Strike","Intimidate"],"picked":"Heavy Blade+1","floor":35},{"not_picked":["Warcry","Seeing Red+1","Wild Strike"],"picked":"SKIP","floor":40},{"not_picked":["Shrug It Off+1","Reckless Charge","True Grit+1","Flex"],"picked":"SKIP","floor":42},{"not_picked":["Anger","Iron Wave+1","True Grit","Bloodletting"],"picked":"SKIP","floor":45},{"not_picked":["Clothesline+1","Headbutt+1","Demon Form"],"picked":"Heavy Blade+1","floor":47},{"not_picked":["Headbutt+1","Shrug It Off","Searing Blow+1"],"picked":"Whirlwind","floor":48}],"player_experience":1612405,"relics_obtained":[{"floor":4.0,"key":"White Beast Statue"},{"floor":9.0,"key":"Gremlin Horn"},{"floor":12,"key":"Dodecahedron"},{"floor":22,"key":"Red Mask"},{"floor":26,"key":"Anchor"},{"floor":38,"key":"StrikeDummy"},{"floor":40,"key":"Question Card"},{"floor":43,"key":"Incense Burner"}],"event_choices":[{"damage_healed":0.0,"max_hp_gain":0.0,"max_hp_loss":0.0,"gold_gain":0.0,"event_name":"Accursed Blacksmith","player_choice":"Rummage","floor":2.0,"gold_loss":0.0,"damage_taken":0.0,"relics_obtained":["WarpedTongs"],"cards_obtained":["Pain"]},{"damage_healed":0,"gold_gain":0,"player_choice":"Fought Bandits","damage_taken":0,"max_hp_gain":0,"max_hp_loss":0,"event_name":"Masked Bandits","floor":22,"gold_loss":0},{"damage_healed":0,"gold_gain":0,"player_choice":"Bought 0 Potions","damage_taken":0,"max_hp_gain":0,"max_hp_loss":0,"event_name":"The Woman in Blue","floor":24,"gold_loss":0},{"damage_healed":26,"gold_gain":0,"player_choice":"Heal","damage_taken":0,"max_hp_gain":0,"max_hp_loss":0,"event_name":"The Library","floor":28,"gold_loss":0},{"damage_healed":0,"gold_gain":0,"player_choice":"Memory 1","damage_taken":0,"max_hp_gain":0,"max_hp_loss":0,"event_name":"SensoryStone","floor":36,"gold_loss":0},{"damage_healed":0,"gold_gain":0,"player_choice":"Ignored","damage_taken":0,"max_hp_gain":0,"max_hp_loss":0,"event_name":"Mysterious Sphere","floor":37,"gold_loss":0},{"damage_healed":0,"gold_gain":999,"player_choice":"Gold","damage_taken":0,"max_hp_gain":0,"max_hp_loss":0,"event_name":"MindBloom","floor":39,"gold_loss":0,"cards_obtained":["Normality","Normality"]},{"damage_healed":0,"gold_gain":0,"player_choice":"Max HP","damage_taken":0,"max_hp_gain":0,"max_hp_loss":5,"event_name":"Winding Halls","floor":44,"gold_loss":0}],"is_beta":true,"boss_relics":[{"not_picked":["Tiny House","Runic Dome"],"picked":"Coffee Dripper"},{"not_picked":["SacredBark","Pandora\u0027s Box"],"picked":"Philosopher\u0027s Stone"}],"items_purged_floors":[3,21,41,46],"is_endless":false,"potions_floor_spawned":[5,8,10,11,12,13,14,16,18,19,20,22,25,30,31,33,35,40,42,45,47,48],"ascension_level":0}