{"gold_per_floor":[12,27,43,57,232,232,243,276,276,276,291,23,43,43,43,148,148,159,10,10,22,22],"floor_reached":22,"playtime":727,"items_purged":["Doubt"],"score":301,"play_id":"82e4e330-d18a-4324-a235-1fe0ba78d39c","local_time":"20190219211220","is_ascension_mode":true,"campfire_choices":[{"data":"Neutralize","floor":6,"key":"SMITH"},{"data":"Crippling Poison","floor":10,"key":"SMITH"},{"floor":15,"key":"REST"}],"neow_cost":"NO_GOLD","seed_source_timestamp":67757782970700,"circlet_count":0,"master_deck":["AscendersBane","Defend_G","Defend_G","Defend_G","Defend_G","Defend_G","Strike_G","Strike_G","Strike_G","Strike_G","Strike_G","Survivor","Neutralize+1","Flying Knee","Dagger Spray","Noxious Fumes","Crippling Poison+1","Dash","Noxious Fumes","Sucker Punch","Acrobatics+1","Blade Dance+1","Dodge and Roll+1","Well Laid Plans+1"],"relics":["Ring of the Snake","Dream Catcher","Toxic Egg 2","Strange Spoon","Snake Skull","Juzu Bracelet"],"potions_floor_usage":[8,8,16,16,22],"damage_taken":[{"damage":1,"enemies":"Small Slimes","floor":1,"turns":4},{"damage":1,"enemies":"2 Louse","floor":2,"turns":3},{"damage":0,"enemies":"Cultist","floor":3,"turns":4},{"damage":1,"enemies":"Looter","floor":4,"turns":4},{"damage":16,"enemies":"Blue Slaver","floor":7,"turns":5},{"damage":27,"enemies":"Gremlin Nob","floor":8,"turns":5},{"damage":3,"enemies":"3 Louse","floor":11,"turns":3},{"damage":13,"enemies":"Exordium Wildlife","floor":13,"turns":3},{"damage":10,"enemies":"Slime Boss","floor":16,"turns":8},{"damage":43,"enemies":"Shell Parasite","floor":18,"turns":7},{"damage":20,"enemies":"2 Thieves","floor":21,"turns":4},{"damage":8,"enemies":"Colosseum Slavers","floor":22,"turns":3}],"seed_played":"1275604905912793265","potions_obtained":[{"floor":4,"key":"SkillPotion"},{"floor":7,"key":"LiquidBronze"},{"floor":8,"key":"Strength Potion"},{"floor":13,"key":"Block Potion"},{"floor":21,"key":"GhostInAJar"}],"is_trial":false,"path_per_floor":["M","M","M","M","?","R","M","E","T","R","M","$","M","$","R","B",null,"M","$","?","M","?"],"character_chosen":"THE_SILENT","items_purchased":["Strange Spoon","Snake Skull"],"campfire_rested":1,"item_purchase_floors":[12,19],"current_hp_per_floor":[76,75,75,74,74,74,58,31,31,31,28,28,15,15,40,30,71,28,28,28,8,0],"gold":22,"neow_bonus":"TWENTY_PERCENT_HP_BONUS","is_prod":false,"is_daily":false,"chose_seed":false,"campfire_upgraded":2,"win_rate":0,"timestamp":1550607140,"path_taken":["M","M","M","M","?","R","M","E","T","R","M","$","M","$","R","BOSS","M","$","?","M","?"],"build_version":"2019-01-23","purchased_purges":1,"victory":false,"max_hp_per_floor":[84,84,84,84,84,84,84,84,84,84,84,84,84,84,84,84,84,84,84,84,84,84],"card_choices":[{"not_picked":["Acrobatics","Setup"],"picked":"Flying Knee","floor":1},{"not_picked":["Choke","Catalyst"],"picked":"Dagger Spray","floor":2},{"not_picked":["Slice","Reflex"],"picked":"Noxious Fumes","floor":3},{"not_picked":["Masterful Stab","Acrobatics"],"picked":"Crippling Poison","floor":4},{"not_picked":["PiercingWail","Crippling Poison"],"picked":"Dash","floor":7},{"not_picked":["Cloak And Dagger","Slice"],"picked":"Noxious Fumes","floor":8},{"not_picked":["Heel Hook","Terror+1"],"picked":"Sucker Punch","floor":11},{"not_picked":["Outmaneuver+1","Masterful Stab"],"picked":"Acrobatics+1","floor":13},{"not_picked":["Prepared+1","Dagger Throw"],"picked":"Blade Dance+1","floor":15},{"not_picked":["Wraith Form v2","Storm of Steel+1"],"picked":"Die Die Die","floor":16},{"not_picked":["Outmaneuver+1","Acrobatics+1"],"picked":"Dodge and Roll+1","floor":18},{"not_picked":["Blade Dance+1","Footwork"],"picked":"Well Laid Plans+1","floor":21}],"player_experience":801798,"relics_obtained":[{"floor":8,"key":"Dream Catcher"},{"floor":9,"key":"Toxic Egg 2"}],"event_choices":[{"damage_healed":0,"gold_gain":175,"player_choice":"AGREE","damage_taken":0,"max_hp_gain":0,"max_hp_loss":0,"event_name":"Liars Game","floor":5,"gold_loss":0,"cards_obtained":["Doubt"]},{"cards_removed":["Die Die Die"],"damage_healed":0,"gold_gain":0,"player_choice":"Gave Card","damage_taken":0,"relics_obtained":["Juzu Bracelet"],"max_hp_gain":0,"max_hp_loss":0,"event_name":"WeMeetAgain","floor":20,"gold_loss":0},{"damage_healed":0,"gold_gain":0,"player_choice":"Fight","damage_taken":0,"max_hp_gain":0,"max_hp_loss":0,"event_name":"Colosseum","floor":22,"gold_loss":0}],"is_beta":false,"boss_relics":[{"not_picked":["Fusion Hammer","Philosopher\u0027s Stone","Snecko Eye"]}],"items_purged_floors":[12],"is_endless":false,"potions_floor_spawned":[4,7,8,13,21],"killed_by":"Colosseum Slavers","ascension_level":12}