{"gold_per_floor":[110,126,126,138,155,155,155,155,455,455,475,488,519,366,366,437,437,451,376,388,468,481,481,495,512,535,552,577,577,577,35,35,107,107,120,76,76,121,136,136,165,165,242,270,92,92,92,121,121,121,121,121,121,13,40,40],"floor_reached":56,"playtime":2320,"items_purged":["Strike_R","Strike_R","Strike_R"],"score":1991,"play_id":"575b8acf-c97a-4949-aee4-3776acb12600","local_time":"20191007112940","is_ascension_mode":true,"campfire_choices":[{"data":"True Grit","floor":6.0,"key":"SMITH"},{"data":"Disarm","floor":8.0,"key":"SMITH"},{"data":"Flame Barrier","floor":10.0,"key":"SMITH"},{"data":"Inflame","floor":15.0,"key":"SMITH"},{"data":"Demon Form","floor":23.0,"key":"SMITH"},{"floor":29.0,"key":"REST"},{"data":"Shrug It Off","floor":32.0,"key":"SMITH"},{"data":"Entrench","floor":40.0,"key":"SMITH"},{"data":"Ghostly","floor":42.0,"key":"SMITH"},{"data":"Ghostly","floor":46.0,"key":"SMITH"},{"floor":49.0,"key":"RECALL"},{"data":"Ghostly","floor":53,"key":"SMITH"}],"neow_cost":"TEN_PERCENT_HP_LOSS","seed_source_timestamp":169762707995879,"circlet_count":0,"master_deck":["AscendersBane","Strike_R","Defend_R","Defend_R","Defend_R","Defend_R","Bash","Body Slam+1","Disarm+1","True Grit+1","Flame Barrier+1","Headbutt","Inflame+1","Demon Form+1","Whirlwind+1","Ghostly+1","Ghostly+1","Ghostly+1","Shrug It Off+1","Entrench+1","Madness","Madness","Shrug It Off","Shrug It Off+1","Dark Shackles"],"special_seed":0,"relics":["Burning Blood","Du-Vu Doll","Old Coin","FossilizedHelix","Sozu","Paper Frog","Red Skull","Red Mask","Chemical X","Blood Vial","Eternal Feather","Ginger","Bronze Scales","Blue Candle","Frozen Egg 2","Orichalcum","Lantern"],"potions_floor_usage":[51],"damage_taken":[{"damage":15.0,"enemies":"Small Slimes","floor":1.0,"turns":3.0},{"damage":6.0,"enemies":"Cultist","floor":2.0,"turns":4.0},{"damage":0.0,"enemies":"Jaw Worm","floor":4.0,"turns":4.0},{"damage":8.0,"enemies":"2 Fungi Beasts","floor":5.0,"turns":4.0},{"damage":3.0,"enemies":"3 Louse","floor":11.0,"turns":4.0},{"damage":0.0,"enemies":"Exordium Wildlife","floor":12.0,"turns":4.0},{"damage":19.0,"enemies":"Gremlin Nob","floor":13.0,"turns":5.0},{"damage":52.0,"enemies":"Slime Boss","floor":16.0,"turns":17.0},{"damage":24.0,"enemies":"2 Thieves","floor":18.0,"turns":4.0},{"damage":0.0,"enemies":"Shell Parasite","floor":20.0,"turns":3.0},{"damage":16.0,"enemies":"Centurion and Healer","floor":22.0,"turns":7.0},{"damage":28.0,"enemies":"Snake Plant","floor":24.0,"turns":6.0},{"damage":0.0,"enemies":"3 Cultists","floor":25.0,"turns":2.0},{"damage":0.0,"enemies":"Centurion and Healer","floor":27.0,"turns":3.0},{"damage":0.0,"enemies":"Masked Bandits","floor":28.0,"turns":1.0},{"damage":15.0,"enemies":"Collector","floor":33.0,"turns":8.0},{"damage":1.0,"enemies":"Orb Walker","floor":35.0,"turns":5.0},{"damage":1.0,"enemies":"2 Orb Walkers","floor":38.0,"turns":4.0},{"damage":0.0,"enemies":"3 Darklings","floor":39.0,"turns":3.0},{"damage":7.0,"enemies":"Reptomancer","floor":41.0,"turns":6.0},{"damage":32.0,"enemies":"Nemesis","floor":44.0,"turns":7.0},{"damage":4.0,"enemies":"Reptomancer","floor":48.0,"turns":7.0},{"damage":0.0,"enemies":"Donu and Deca","floor":50.0,"turns":7.0},{"damage":32,"enemies":"Awakened One","floor":51,"turns":11},{"damage":17,"enemies":"Shield and Spear","floor":55,"turns":8},{"damage":68,"enemies":"The Heart","floor":56,"turns":3}],"seed_played":"-3072380887359100493","potions_obtained":[{"floor":2.0,"key":"Explosive Potion"},{"floor":5.0,"key":"Regen Potion"},{"floor":11.0,"key":"Block Potion"},{"floor":16.0,"key":"Energy Potion"}],"is_trial":false,"path_per_floor":["M","M","?","M","M","R","?","R","T","R","M","M","E","$","R","B",null,"M","?","M","T","M","R","M","M","T","M","?","R","?","$","R","B",null,"M","$","?","?","M","R","E","R","T","E","$","R","T","E","R","B","B",null,"R","$","E","B"],"character_chosen":"IRONCLAD","items_purchased":["Inflame","Shrug It Off","Chemical X","Blood Vial","Entrench","Shrug It Off","Dark Shackles"],"campfire_rested":1,"item_purchase_floors":[14,31,31,31,36,45,54],"current_hp_per_floor":[59,59,59,65,63,63,63,63,63,63,66,68,55,55,55,9,53,35,35,41,41,31,31,9,15,15,21,27,47,34,34,34,25,32,34,34,28,34,34,34,33,34,34,8,8,20,20,24,34,34,8,28,34,34,23,0],"gold":40,"neow_bonus":"ONE_RARE_RELIC","is_prod":false,"is_daily":false,"chose_seed":false,"campfire_upgraded":10,"win_rate":0,"timestamp":1570472980,"path_taken":["M","M","?","?","M","R","?","R","T","R","M","M","E","$","R","BOSS","M","?","M","?","M","R","M","M","T","M","?","R","?","$","R","BOSS","M","$","?","?","?","R","E","R","T","E","?","R","?","E","R","BOSS","BOSS","R","$","E","BOSS"],"build_version":"2019-07-17","purchased_purges":3,"victory":false,"max_hp_per_floor":[68,68,68,68,68,68,68,68,68,68,68,68,68,68,68,68,68,68,68,68,68,68,68,68,68,68,68,68,68,34,34,34,34,34,34,34,34,34,34,34,34,34,34,34,34,34,34,34,34,34,34,34,34,34,34,34],"card_choices":[{"not_picked":["Anger","Intimidate","Havoc"],"picked":"SKIP","floor":1.0},{"not_picked":["Burning Pact","Clash"],"picked":"Body Slam","floor":2.0},{"not_picked":["Body Slam","Immolate"],"picked":"Flame Barrier","floor":4.0},{"not_picked":["Flex","Perfected Strike","Body Slam"],"picked":"SKIP","floor":5.0},{"not_picked":["Armaments","Havoc","Clash"],"picked":"SKIP","floor":11.0},{"not_picked":["Havoc","Perfected Strike","Pummel"],"picked":"SKIP","floor":12.0},{"not_picked":["Reaper","Sword Boomerang"],"picked":"Headbutt","floor":13.0},{"not_picked":["Berserk","Fiend Fire"],"picked":"Demon Form","floor":16.0},{"not_picked":["Cleave","Bloodletting"],"picked":"Whirlwind+1","floor":18.0},{"not_picked":["Cleave","Twin Strike","Clothesline+1"],"picked":"SKIP","floor":20.0},{"not_picked":["Wild Strike","Armaments","Pummel+1"],"picked":"SKIP","floor":22.0},{"not_picked":["Thunderclap","Wild Strike","Heavy Blade"],"picked":"SKIP","floor":24.0},{"not_picked":["Metallicize","Corruption","Body Slam"],"picked":"SKIP","floor":25.0},{"not_picked":["Metallicize","Corruption","Body Slam"],"picked":"SKIP","floor":25.0},{"not_picked":["Headbutt","Wild Strike","Searing Blow"],"picked":"SKIP","floor":27.0},{"not_picked":["Wild Strike","Armaments","Sword Boomerang+1"],"picked":"SKIP","floor":35.0},{"not_picked":["Dual Wield","Clash","Corruption+1"],"picked":"SKIP","floor":39.0},{"not_picked":["Warcry","Bloodletting","Perfected Strike"],"picked":"SKIP","floor":41.0},{"not_picked":["Anger","Rage+1","Thunderclap"],"picked":"SKIP","floor":44.0},{"not_picked":["Headbutt","Carnage"],"picked":"Shrug It Off+1","floor":48.0},{"not_picked":["Fiend Fire","Immolate","Twin Strike"],"picked":"SKIP","floor":55}],"player_experience":351071,"relics_obtained":[{"floor":9.0,"key":"Old Coin"},{"floor":13.0,"key":"FossilizedHelix"},{"floor":21.0,"key":"Paper Frog"},{"floor":26.0,"key":"Red Skull"},{"floor":28.0,"key":"Red Mask"},{"floor":38.0,"key":"Ginger"},{"floor":41.0,"key":"Bronze Scales"},{"floor":44.0,"key":"Blue Candle"},{"floor":47.0,"key":"Frozen Egg 2"},{"floor":48.0,"key":"Orichalcum"},{"floor":55,"key":"Lantern"}],"event_choices":[{"damage_healed":0.0,"max_hp_gain":0.0,"max_hp_loss":0.0,"gold_gain":0.0,"event_name":"Match and Keep!","player_choice":"2 cards matched","floor":3.0,"gold_loss":0.0,"damage_taken":0.0,"cards_obtained":["Disarm","True Grit"]},{"damage_healed":0.0,"max_hp_gain":0.0,"max_hp_loss":0.0,"gold_gain":0.0,"event_name":"Upgrade Shrine","player_choice":"Upgraded","floor":7.0,"gold_loss":0.0,"damage_taken":0.0,"cards_upgraded":["Body Slam"]},{"cards_removed":["Strike_R"],"damage_healed":0.0,"max_hp_gain":0.0,"max_hp_loss":0.0,"gold_gain":0.0,"event_name":"Beggar","player_choice":"Gave Gold","floor":19.0,"gold_loss":75.0,"damage_taken":0.0},{"damage_healed":0.0,"max_hp_gain":0.0,"max_hp_loss":0.0,"gold_gain":0.0,"event_name":"Masked Bandits","player_choice":"Fought Bandits","floor":28.0,"gold_loss":0.0,"damage_taken":0.0},{"damage_healed":0.0,"max_hp_gain":0.0,"max_hp_loss":34.0,"gold_gain":0.0,"event_name":"Ghosts","player_choice":"Became a Ghost","floor":30.0,"gold_loss":0.0,"damage_taken":0.0,"cards_obtained":["Ghostly","Ghostly","Ghostly"]},{"damage_healed":0.0,"max_hp_gain":0.0,"max_hp_loss":0.0,"gold_gain":0.0,"event_name":"Winding Halls","player_choice":"Embrace Madness","floor":37.0,"gold_loss":0.0,"damage_taken":6.0,"cards_obtained":["Madness","Madness"]},{"damage_healed":0.0,"max_hp_gain":0.0,"max_hp_loss":0.0,"gold_gain":0.0,"event_name":"Mysterious Sphere","player_choice":"Fight","floor":38.0,"gold_loss":0.0,"damage_taken":0.0}],"is_beta":false,"boss_relics":[{"not_picked":["Black Blood","Empty Cage"],"picked":"Sozu"},{"not_picked":["Coffee Dripper","Runic Cube"],"picked":"Eternal Feather"}],"items_purged_floors":[14,31,45],"is_endless":false,"potions_floor_spawned":[2,5,11,16,20,27,28,33,35,41,55],"killed_by":"The Heart","ascension_level":20}