{"gold_per_floor":[112,123,123,144,12,12,36,36,60,81,81],"floor_reached":11,"playtime":295,"items_purged":["Injury"],"score":124,"play_id":"647cff96-63f0-44f8-b016-c88c54598848","local_time":"20190901065019","is_ascension_mode":true,"campfire_choices":[{"data":"Zap","floor":6,"key":"SMITH"},{"data":"Defragment","floor":8,"key":"SMITH"}],"neow_cost":"NONE","seed_source_timestamp":115903211177100,"circlet_count":0,"master_deck":["AscendersBane","Strike_B","Strike_B","Strike_B","Strike_B","Defend_B","Defend_B","Defend_B","Defend_B","Zap+1","Dualcast","Defragment+1","Glacier","Leap","Conserve Battery","Steam","Redo"],"relics":["Cracked Core","Golden Idol","Vajra"],"potions_floor_usage":[4,10],"damage_taken":[{"damage":4,"enemies":"Jaw Worm","floor":1,"turns":5},{"damage":0,"enemies":"Cultist","floor":2,"turns":3},{"damage":0,"enemies":"Small Slimes","floor":4,"turns":3},{"damage":4,"enemies":"3 Louse","floor":7,"turns":5},{"damage":13,"enemies":"Gremlin Gang","floor":10,"turns":6},{"damage":51,"enemies":"Gremlin Nob","floor":11,"turns":4}],"seed_played":"1734156057951242010","potions_obtained":[{"floor":2,"key":"EssenceOfSteel"},{"floor":7,"key":"PowerPotion"}],"is_trial":false,"path_per_floor":["M","M","?","M","$","R","M","R","T","M","E"],"character_chosen":"DEFECT","items_purchased":["Conserve Battery"],"campfire_rested":0,"item_purchase_floors":[5],"current_hp_per_floor":[67,67,67,67,67,67,63,63,63,50,0],"gold":81,"neow_bonus":"TEN_PERCENT_HP_BONUS","is_prod":false,"is_daily":false,"chose_seed":false,"campfire_upgraded":2,"win_rate":0,"timestamp":1567313419,"path_taken":["M","M","?","M","$","R","M","R","T","M","E"],"build_version":"2019-07-17","purchased_purges":1,"victory":false,"max_hp_per_floor":[78,78,78,78,78,78,78,78,78,78,78],"card_choices":[{"not_picked":["Cold Snap","Barrage"],"picked":"Defragment","floor":1},{"not_picked":["Coolheaded","Redo"],"picked":"Glacier","floor":2},{"not_picked":["Compile Driver","All For One"],"picked":"Leap","floor":4},{"not_picked":["Barrage","Doom and Gloom"],"picked":"Steam","floor":7},{"not_picked":["Conserve Battery","Turbo"],"picked":"Redo","floor":10}],"player_experience":1983824,"relics_obtained":[{"floor":9,"key":"Vajra"}],"event_choices":[{"damage_healed":0,"gold_gain":0,"player_choice":"Take Wound","damage_taken":0,"relics_obtained":["Golden Idol"],"max_hp_gain":0,"max_hp_loss":0,"event_name":"Golden Idol","floor":3,"gold_loss":0,"cards_obtained":["Injury"]}],"is_beta":false,"boss_relics":[],"items_purged_floors":[5],"is_endless":false,"potions_floor_spawned":[2,7],"killed_by":"Gremlin Nob","ascension_level":18}