{"gold_per_floor":[10,21,21,38,38,69,80,80,80,80,2,22,37,37,37,116,116,135,135,154,171,190,190,202,202,202,235,235,255,267,267,267,340,340,340],"floor_reached":35,"playtime":1331,"items_purged":[],"score":632,"play_id":"3b74fec7-cf58-4229-9445-2c3c0b50f417","local_time":"20191004181544","is_ascension_mode":true,"campfire_choices":[{"data":"Shockwave","floor":15,"key":"SMITH"},{"data":"Demon Form","floor":23,"key":"SMITH"},{"floor":25,"key":"REST"},{"floor":28,"key":"REST"},{"data":"Clothesline","floor":32,"key":"SMITH"}],"neow_cost":"NO_GOLD","seed_source_timestamp":2019543440432248,"circlet_count":0,"master_deck":["AscendersBane","Strike_R","Strike_R","Strike_R","Strike_R","Defend_R","Defend_R+1","Defend_R","Defend_R+1","Bash","Offering","Disarm","Wild Strike+1","Iron Wave","Shockwave+1","Whirlwind","Bludgeon","Infernal Blade","Demon Form+1","Clothesline+1","Shrug It Off+1","Anger","Inflame+1","Heavy Blade","Evolve+1","Immolate"],"relics":["Black Blood","MealTicket","Self Forming Clay","Bronze Scales","Frozen Egg 2","Charon\u0027s Ashes","War Paint","Runic Pyramid"],"potions_floor_usage":[6,14,16,21,24,27,33,35],"damage_taken":[{"damage":15,"enemies":"2 Louse","floor":1,"turns":3},{"damage":13,"enemies":"Jaw Worm","floor":2,"turns":3},{"damage":2,"enemies":"Small Slimes","floor":4,"turns":4},{"damage":34,"enemies":"Lagavulin","floor":6,"turns":4},{"damage":8,"enemies":"3 Louse","floor":7,"turns":6},{"damage":6,"enemies":"Looter","floor":12,"turns":3},{"damage":7,"enemies":"Red Slaver","floor":13,"turns":3},{"damage":0,"enemies":"Exordium Thugs","floor":14,"turns":1},{"damage":15,"enemies":"The Guardian","floor":16,"turns":10},{"damage":16,"enemies":"Chosen","floor":18,"turns":4},{"damage":0,"enemies":"3 Byrds","floor":20,"turns":3},{"damage":18,"enemies":"Snake Plant","floor":21,"turns":2},{"damage":37,"enemies":"Shelled Parasite and Fungi","floor":22,"turns":7},{"damage":30,"enemies":"Sentry and Sphere","floor":24,"turns":5},{"damage":33,"enemies":"Slavers","floor":27,"turns":4},{"damage":15,"enemies":"Snake Plant","floor":29,"turns":5},{"damage":11,"enemies":"3 Cultists","floor":30,"turns":4},{"damage":33,"enemies":"Champ","floor":33,"turns":8},{"damage":19,"enemies":"3 Darklings","floor":35,"turns":3}],"seed_played":"6282745275731072968","potions_obtained":[{"floor":1,"key":"Fire Potion"},{"floor":4,"key":"SmokeBomb"},{"floor":6,"key":"SneckoOil"},{"floor":16,"key":"PowerPotion"},{"floor":20,"key":"Energy Potion"},{"floor":21,"key":"Energy Potion"},{"floor":29,"key":"Strength Potion"},{"floor":30,"key":"EssenceOfSteel"},{"floor":33,"key":"Regen Potion"}],"is_trial":false,"path_per_floor":["M","M","?","M","?","E","M","?","T","?","$","M","M","M","R","B",null,"M","T","M","M","M","R","M","R","T","E","R","M","M","?","R","B",null,"M"],"character_chosen":"IRONCLAD","items_purchased":["Whirlwind"],"campfire_rested":2,"item_purchase_floors":[11],"current_hp_per_floor":[63,56,56,60,44,16,14,14,14,14,29,29,28,34,34,25,66,62,62,74,68,43,43,25,49,49,28,52,49,50,50,50,29,67,53],"gold":340,"neow_bonus":"THREE_RARE_CARDS","is_prod":false,"is_daily":false,"chose_seed":false,"campfire_upgraded":3,"win_rate":0,"timestamp":1570227344,"path_taken":["M","M","?","M","?","E","M","?","T","?","?","?","M","M","R","BOSS","M","?","M","?","M","R","M","R","T","E","R","M","M","?","R","BOSS","M"],"build_version":"2019-10-04","purchased_purges":0,"victory":false,"max_hp_per_floor":[80,80,80,80,80,80,80,80,80,80,80,80,80,80,80,80,80,80,80,80,80,80,80,80,80,80,80,80,80,80,80,80,80,80,80],"card_choices":[{"not_picked":["Juggernaut","Limit Break"],"picked":"Offering","floor":0},{"not_picked":["Flex","Pommel Strike"],"picked":"Disarm","floor":1},{"not_picked":["Heavy Blade","Evolve"],"picked":"Wild Strike","floor":2},{"not_picked":["Heavy Blade","Clash","Wild Strike"],"picked":"SKIP","floor":4},{"not_picked":["Searing Blow","Body Slam"],"picked":"Iron Wave","floor":6},{"not_picked":["Heavy Blade","Cleave"],"picked":"Shockwave","floor":7},{"not_picked":["Headbutt","Flex"],"picked":"Bludgeon","floor":12},{"not_picked":["Armaments","Clothesline"],"picked":"Infernal Blade","floor":13},{"not_picked":["Fiend Fire","Brutality"],"picked":"Demon Form","floor":16},{"not_picked":["Blood for Blood","Perfected Strike","Warcry"],"picked":"SKIP","floor":18},{"not_picked":["Heavy Blade","Thunderclap+1"],"picked":"Clothesline","floor":20},{"not_picked":["Rage","Reckless Charge","Infernal Blade"],"picked":"SKIP","floor":21},{"not_picked":["Dual Wield","Combust"],"picked":"Shrug It Off","floor":22},{"not_picked":["Sword Boomerang","Flex+1"],"picked":"Anger","floor":24},{"not_picked":["Clothesline","Flex+1"],"picked":"Inflame+1","floor":27},{"not_picked":["Anger","Berserk+1"],"picked":"Heavy Blade","floor":29},{"not_picked":["Sword Boomerang","Heavy Blade"],"picked":"Evolve+1","floor":30},{"not_picked":["Offering","Dark Embrace+1"],"picked":"Immolate","floor":33}],"player_experience":463791,"relics_obtained":[{"floor":6,"key":"MealTicket"},{"floor":9,"key":"Self Forming Clay"},{"floor":19,"key":"Bronze Scales"},{"floor":26,"key":"Frozen Egg 2"},{"floor":27,"key":"Charon\u0027s Ashes"}],"event_choices":[{"cards_removed":["Strike_R"],"damage_healed":0,"gold_gain":0,"player_choice":"Forget","damage_taken":0,"max_hp_gain":0,"max_hp_loss":0,"event_name":"Living Wall","floor":3,"gold_loss":0},{"damage_healed":0,"gold_gain":0,"player_choice":"Entered Light","damage_taken":16,"max_hp_gain":0,"max_hp_loss":0,"event_name":"Shining Light","floor":5,"gold_loss":0,"cards_upgraded":["Wild Strike","Defend_R"]},{"damage_healed":0,"gold_gain":0,"player_choice":"Fled","damage_taken":0,"max_hp_gain":0,"max_hp_loss":0,"event_name":"Scrap Ooze","floor":8,"gold_loss":0},{"damage_healed":0,"gold_gain":0,"player_choice":"Searched \u00270\u0027 times","damage_taken":0,"max_hp_gain":0,"max_hp_loss":0,"event_name":"Dead Adventurer","floor":10,"gold_loss":0},{"damage_healed":0,"gold_gain":0,"player_choice":"Gave Potion","damage_taken":0,"relics_obtained":["War Paint"],"max_hp_gain":0,"max_hp_loss":0,"event_name":"WeMeetAgain","floor":31,"gold_loss":0}],"is_beta":true,"boss_relics":[{"not_picked":["Runic Dome","SacredBark"],"picked":"Black Blood"},{"not_picked":["SlaversCollar","Coffee Dripper"],"picked":"Runic Pyramid"}],"items_purged_floors":[],"is_endless":false,"potions_floor_spawned":[1,4,6,14,16,20,21,29,30,33],"killed_by":"3 Darklings","ascension_level":13}