{"gold_per_floor":[115,115,115,40,51,51,66,66,121,146,157,157,191,191,191,262,262,279,379,379,59,70,70,83,112,139,171,183,211,257,289,301,391,453,480,519,541,113,0,0,34,34,34,34,34,44,144,144,144,144],"floor_reached":51,"playtime":3883,"items_purged":["Strike_G","Strike_G","Strike_G"],"score":1219,"play_id":"1782c386-3ef9-4de0-a17c-3bfa8b451460","local_time":"20190521015247","is_ascension_mode":true,"campfire_choices":[{"data":"Noxious Fumes","floor":6,"key":"SMITH"},{"data":"Bane","floor":8,"key":"SMITH"},{"data":"Predator","floor":12,"key":"SMITH"},{"data":"Blade Dance","floor":15,"key":"SMITH"},{"data":"Cloak And Dagger","floor":23,"key":"SMITH"},{"data":"Corpse Explosion","floor":28,"key":"SMITH"},{"data":"Skewer","floor":32,"key":"SMITH"},{"data":"Storm of Steel","floor":40,"key":"SMITH"},{"floor":45,"key":"REST"},{"data":"Neutralize","floor":49,"key":"SMITH"}],"neow_cost":"NONE","seed_source_timestamp":173793188609537,"circlet_count":0,"master_deck":["AscendersBane","Defend_G","Defend_G","Defend_G","Defend_G","Defend_G","Strike_G","Strike_G+1","Survivor","Neutralize+1","Noxious Fumes+1","Dramatic Entrance","Neutralize+1","Leg Sweep","Blur","Bane+1","Predator+1","Cloak And Dagger+1","Blade Dance+1","Wraith Form v2+1","Poisoned Stab","Prepared+1","Blade Dance","Corpse Explosion+1","Endless Agony","Skewer+1","Storm of Steel+1","Bane+1","Poisoned Stab+1","Swift Strike","Parasite","Deflect"],"relics":["Ring of the Snake","Pen Nib","Regal Pillow","Gambling Chip","Paper Crane","Runic Pyramid","Kunai","Unceasing Top","Oddly Smooth Stone","Ancient Tea Set","Centennial Puzzle","MawBank","Juzu Bracelet","Tiny House","Bag of Preparation","FossilizedHelix","Red Mask","Vajra","Snake Skull"],"potions_floor_usage":[13,16,19,25,25,30,35,46,50],"damage_taken":[{"damage":0,"enemies":"Small Slimes","floor":1,"turns":5},{"damage":0,"enemies":"2 Louse","floor":5,"turns":3},{"damage":0,"enemies":"Cultist","floor":7,"turns":4},{"damage":29,"enemies":"Gremlin Nob","floor":10,"turns":5},{"damage":0,"enemies":"3 Louse","floor":11,"turns":2},{"damage":4,"enemies":"3 Sentries","floor":13,"turns":7},{"damage":1,"enemies":"Hexaghost","floor":16,"turns":8},{"damage":0,"enemies":"Chosen","floor":18,"turns":5},{"damage":4,"enemies":"Colosseum Slavers","floor":19,"turns":4},{"damage":10,"enemies":"Colosseum Nobs","floor":19,"turns":6},{"damage":0,"enemies":"Shell Parasite","floor":22,"turns":5},{"damage":13,"enemies":"Shelled Parasite and Fungi","floor":24,"turns":6},{"damage":1,"enemies":"Book of Stabbing","floor":25,"turns":6},{"damage":6,"enemies":"Gremlin Leader","floor":27,"turns":8},{"damage":0,"enemies":"Cultist and Chosen","floor":29,"turns":4},{"damage":0,"enemies":"Slavers","floor":30,"turns":4},{"damage":2,"enemies":"Snake Plant","floor":31,"turns":4},{"damage":22,"enemies":"Automaton","floor":33,"turns":11},{"damage":7,"enemies":"3 Darklings","floor":35,"turns":2},{"damage":4,"enemies":"3 Shapes","floor":37,"turns":4},{"damage":31,"enemies":"Giant Head","floor":41,"turns":9},{"damage":0,"enemies":"Writhing Mass","floor":46,"turns":7},{"damage":4,"enemies":"Donu and Deca","floor":50,"turns":7}],"seed_played":"4822240930836220057","potions_obtained":[{"floor":1,"key":"Explosive Potion"},{"floor":5,"key":"Explosive Potion"},{"floor":10,"key":"Fire Potion"},{"floor":13,"key":"Poison Potion"},{"floor":22,"key":"Regen Potion"},{"floor":25,"key":"Energy Potion"},{"floor":29,"key":"Dexterity Potion"},{"floor":33,"key":"Explosive Potion"},{"floor":37,"key":"EssenceOfSteel"}],"is_trial":false,"path_per_floor":["M","?","?","$","M","R","M","R","T","E","M","R","E","?","R","B",null,"M","?","?","$","M","R","M","E","T","E","R","M","E","M","R","B",null,"M","T","M","$","?","R","E","$","T","?","R","M","?","?","R","B",null],"character_chosen":"THE_SILENT","items_purchased":["Oddly Smooth Stone","LiquidBronze","FossilizedHelix"],"campfire_rested":1,"item_purchase_floors":[21,21,38],"current_hp_per_floor":[63,51,51,51,51,51,51,51,51,22,22,22,18,23,23,22,62,62,48,48,48,48,48,35,49,49,43,43,43,43,41,41,19,66,59,59,55,55,55,55,24,24,24,24,63,63,63,63,63,59],"gold":144,"neow_bonus":"UPGRADE_CARD","is_prod":false,"is_daily":false,"chose_seed":false,"campfire_upgraded":9,"win_rate":0,"timestamp":1558399967,"path_taken":["M","?","?","$","?","R","M","R","T","E","M","R","E","?","R","BOSS","M","?","?","$","?","R","?","E","T","E","R","?","E","M","R","BOSS","M","?","M","$","?","R","E","$","T","?","R","M","?","?","R","BOSS"],"build_version":"2019-01-23","purchased_purges":3,"victory":true,"max_hp_per_floor":[70,70,70,70,70,70,70,70,70,70,70,70,70,75,75,75,75,75,75,75,75,75,75,75,75,75,75,75,75,75,75,75,75,80,80,80,80,80,80,80,80,80,80,80,80,80,80,80,80,80],"card_choices":[{"not_picked":["Calculated Gamble","Distraction"],"picked":"Noxious Fumes","floor":1},{"not_picked":["Dagger Throw","Dagger Spray"],"picked":"Blur","floor":5},{"not_picked":["Dodge and Roll","Riddle With Holes"],"picked":"Bane","floor":7},{"not_picked":["Cloak And Dagger","Quick Slash"],"picked":"Predator","floor":10},{"not_picked":["Outmaneuver","Acrobatics"],"picked":"Cloak And Dagger","floor":11},{"not_picked":["Underhanded Strike","Cloak And Dagger"],"picked":"Blade Dance","floor":13},{"not_picked":["Doppelganger","Burst"],"picked":"Wraith Form v2","floor":16},{"not_picked":["Prepared","Dagger Throw"],"picked":"Poisoned Stab","floor":18},{"not_picked":["Expertise","Riddle With Holes+1","Deadly Poison"],"picked":"SKIP","floor":22},{"not_picked":["Dagger Spray+1","Accuracy"],"picked":"Prepared+1","floor":24},{"not_picked":["Acrobatics+1","Dagger Throw"],"picked":"Blade Dance","floor":25},{"not_picked":["Die Die Die","Deadly Poison"],"picked":"Corpse Explosion","floor":27},{"not_picked":["Acrobatics","Slice","Bane"],"picked":"SKIP","floor":29},{"not_picked":["Riddle With Holes","Poisoned Stab"],"picked":"Endless Agony","floor":30},{"not_picked":["Reflex","Dodge and Roll"],"picked":"Skewer","floor":31},{"not_picked":["Bullet Time","Die Die Die"],"picked":"Storm of Steel","floor":33},{"not_picked":["Flying Knee","Deflect"],"picked":"Bane+1","floor":34},{"not_picked":["Tactician","Dagger Throw","Caltrops"],"picked":"SKIP","floor":35},{"not_picked":["Bane","Heel Hook"],"picked":"Poisoned Stab+1","floor":37},{"not_picked":["Blade Dance+1","Quick Slash","Slice"],"picked":"SKIP","floor":41},{"not_picked":["Secret Technique","Chrysalis"],"picked":"Swift Strike","floor":44},{"not_picked":["Deadly Poison","Cloak And Dagger"],"picked":"Deflect","floor":46}],"player_experience":1030673,"relics_obtained":[{"floor":9,"key":"Regal Pillow"},{"floor":10,"key":"Gambling Chip"},{"floor":13,"key":"Paper Crane"},{"floor":19,"key":"Kunai"},{"floor":19,"key":"Unceasing Top"},{"floor":25,"key":"Ancient Tea Set"},{"floor":26,"key":"Centennial Puzzle"},{"floor":27,"key":"MawBank"},{"floor":30,"key":"Juzu Bracelet"},{"floor":36,"key":"Bag of Preparation"},{"floor":41,"key":"Vajra"},{"floor":43,"key":"Snake Skull"}],"event_choices":[{"damage_healed":0,"gold_gain":0,"player_choice":"Success","damage_taken":12,"relics_obtained":["Pen Nib"],"max_hp_gain":0,"max_hp_loss":0,"event_name":"Scrap Ooze","floor":2,"gold_loss":0},{"damage_healed":0,"gold_gain":0,"player_choice":"3 cards matched","damage_taken":0,"max_hp_gain":0,"max_hp_loss":0,"event_name":"Match and Keep!","floor":3,"gold_loss":0,"cards_obtained":["Dramatic Entrance","Neutralize","Leg Sweep"]},{"damage_healed":0,"gold_gain":0,"player_choice":"Donut","damage_taken":0,"max_hp_gain":5,"max_hp_loss":0,"event_name":"Big Fish","floor":14,"gold_loss":0},{"damage_healed":0,"gold_gain":0,"player_choice":"Fight","damage_taken":0,"max_hp_gain":0,"max_hp_loss":0,"event_name":"Colosseum","floor":19,"gold_loss":0},{"damage_healed":0,"gold_gain":0,"player_choice":"Fought Nobs","damage_taken":0,"max_hp_gain":0,"max_hp_loss":0,"event_name":"Colosseum","floor":19,"gold_loss":0},{"damage_healed":0,"gold_gain":0,"player_choice":"Upgraded","damage_taken":0,"max_hp_gain":0,"max_hp_loss":0,"event_name":"Upgrade Shrine","floor":20,"gold_loss":0,"cards_upgraded":["Wraith Form v2"]},{"damage_healed":0,"gold_gain":0,"player_choice":"Paid","damage_taken":0,"relics_obtained":["Red Mask"],"max_hp_gain":0,"max_hp_loss":0,"event_name":"Tomb of Lord Red Mask","floor":39,"gold_loss":113},{"damage_healed":0,"gold_gain":0,"player_choice":"Memory 1","damage_taken":0,"max_hp_gain":0,"max_hp_loss":0,"event_name":"SensoryStone","floor":44,"gold_loss":0},{"damage_healed":0,"gold_gain":100,"player_choice":"Pray","damage_taken":0,"max_hp_gain":0,"max_hp_loss":0,"event_name":"Golden Shrine","floor":47,"gold_loss":0},{"damage_healed":0,"gold_gain":0,"player_choice":"Ignored","damage_taken":0,"max_hp_gain":0,"max_hp_loss":0,"event_name":"Mysterious Sphere","floor":48,"gold_loss":0}],"is_beta":false,"boss_relics":[{"not_picked":["Fusion Hammer","Lizard Tail"],"picked":"Runic Pyramid"},{"not_picked":["Orrery","Sozu"],"picked":"Tiny House"}],"items_purged_floors":[4,21,38],"is_endless":false,"potions_floor_spawned":[1,5,10,13,22,24,25,29,33,37],"ascension_level":13}