{"gold_per_floor":[110,110,110,110,131,162,162,186,186,2,38,3,26,26,26,26],"floor_reached":16,"playtime":1736,"items_purged":["Injury"],"score":176,"play_id":"c5ef4973-d6a8-4034-b131-e782e11eeae5","local_time":"20190623014530","is_ascension_mode":true,"campfire_choices":[{"data":"Conserve Battery","floor":7,"key":"SMITH"},{"floor":15,"key":"REST"}],"neow_cost":"NONE","seed_source_timestamp":436496689641600,"circlet_count":0,"master_deck":["AscendersBane","Strike_B","Strike_B","Strike_B","Strike_B","Defend_B","Defend_B+1","Defend_B+1","Defend_B","Zap+1","Dualcast","Conserve Battery+1","Ball Lightning","Leap","Capacitor","Leap","Defragment","Sweeping Beam"],"relics":["Cracked Core","Golden Idol","Potion Belt","Unceasing Top","Sundial","Odd Mushroom"],"potions_floor_usage":[11,11,16,16],"damage_taken":[{"damage":1,"enemies":"Cultist","floor":1,"turns":4},{"damage":6,"enemies":"2 Louse","floor":5,"turns":3},{"damage":29,"enemies":"Lagavulin","floor":6,"turns":8},{"damage":5,"enemies":"Small Slimes","floor":8,"turns":3},{"damage":11,"enemies":"The Mushroom Lair","floor":11,"turns":4},{"damage":18,"enemies":"3 Louse","floor":13,"turns":3},{"damage":31,"enemies":"Slime Boss","floor":16,"turns":6}],"seed_played":"1485868050304776440","potions_obtained":[{"floor":6,"key":"Explosive Potion"},{"floor":8,"key":"Regen Potion"},{"floor":11,"key":"Strength Potion"},{"floor":13,"key":"FocusPotion"}],"is_trial":false,"path_per_floor":["M","?","?","?","M","E","R","M","T","$","?","?","M","?","R","B"],"character_chosen":"DEFECT","items_purchased":["Capacitor","Leap"],"campfire_rested":1,"item_purchase_floors":[10,10],"current_hp_per_floor":[63,68,68,68,62,33,33,28,28,28,29,48,30,7,29,0],"gold":26,"neow_bonus":"UPGRADE_CARD","is_prod":false,"is_daily":false,"chose_seed":false,"campfire_upgraded":1,"win_rate":0,"timestamp":1561247130,"path_taken":["M","?","?","?","?","E","R","M","T","$","?","?","M","?","R","BOSS"],"build_version":"2019-01-23","purchased_purges":1,"victory":false,"max_hp_per_floor":[71,76,76,76,76,76,76,76,76,76,76,76,76,76,76,76],"card_choices":[{"not_picked":["Redo","Streamline"],"picked":"Compile Driver","floor":1},{"not_picked":["Redo","Go for the Eyes"],"picked":"Conserve Battery","floor":5},{"not_picked":["Tempest","Heatsinks"],"picked":"Ball Lightning","floor":6},{"not_picked":["Gash","Redo"],"picked":"Leap","floor":8},{"not_picked":["Leap","Chill"],"picked":"Defragment","floor":11},{"not_picked":["Turbo","Compile Driver"],"picked":"Sweeping Beam","floor":13}],"player_experience":1448701,"relics_obtained":[{"floor":6,"key":"Unceasing Top"},{"floor":9,"key":"Sundial"},{"floor":11,"key":"Odd Mushroom"}],"event_choices":[{"damage_healed":0,"gold_gain":0,"player_choice":"Donut","damage_taken":0,"max_hp_gain":5,"max_hp_loss":0,"event_name":"Big Fish","floor":2,"gold_loss":0},{"damage_healed":0,"gold_gain":0,"player_choice":"Take Wound","damage_taken":0,"relics_obtained":["Golden Idol"],"max_hp_gain":0,"max_hp_loss":0,"event_name":"Golden Idol","floor":3,"gold_loss":0,"cards_obtained":["Injury"]},{"cards_removed":["Compile Driver"],"damage_healed":0,"gold_gain":0,"player_choice":"Gave Card","damage_taken":0,"relics_obtained":["Potion Belt"],"max_hp_gain":0,"max_hp_loss":0,"event_name":"WeMeetAgain","floor":4,"gold_loss":0},{"damage_healed":0,"gold_gain":0,"player_choice":"Fought Mushrooms","damage_taken":0,"max_hp_gain":0,"max_hp_loss":0,"event_name":"Mushrooms","floor":11,"gold_loss":0},{"damage_healed":19,"gold_gain":0,"player_choice":"Healed","damage_taken":0,"max_hp_gain":0,"max_hp_loss":0,"event_name":"The Cleric","floor":12,"gold_loss":35},{"damage_healed":0,"gold_gain":0,"player_choice":"Entered Light","damage_taken":23,"max_hp_gain":0,"max_hp_loss":0,"event_name":"Shining Light","floor":14,"gold_loss":0,"cards_upgraded":["Defend_B","Defend_B"]}],"is_beta":false,"boss_relics":[],"items_purged_floors":[10],"is_endless":false,"potions_floor_spawned":[6,8,11,13],"killed_by":"Slime Boss","ascension_level":16}