{"path_per_floor":["M","M","M","$","T","R","M","M","T","M","?","?","R","$","R","B",null,"M","M","M","$","M","R","E","M","T","?","R","M","M","?","R","B",null,"M","$","M","$","?","R","M","R","T","M","M","$","R","?","R"],"character_chosen":"IRONCLAD","items_purchased":["Secret Weapon","Oddly Smooth Stone","Bag of Marbles"],"gold_per_floor":[109,127,145,70,122,122,135,148,148,158,158,233,233,21,21,122,122,137,150,169,26,42,42,67,78,78,78,78,97,117,146,146,247,247,260,260,279,279,279,279,296,296,321,336,336,89,89,89,89,89],"floor_reached":50,"campfire_rested":0,"playtime":5273,"item_purchase_floors":[14,21,46],"current_hp_per_floor":[80,78,78,78,78,78,80,74,74,80,80,69,69,69,69,36,80,83,83,60,60,69,69,28,29,29,29,29,35,44,44,44,50,92,70,70,83,83,92,92,92,92,92,95,95,95,95,95,95,0],"items_purged":["Strike_R","Writhe"],"gold":89,"score":531,"play_id":"f934496e-9668-465c-bb68-031a812acf78","local_time":"20180530142436","is_prod":false,"is_daily":false,"chose_seed":false,"is_ascension_mode":false,"campfire_upgraded":10,"win_rate":0,"timestamp":1527686676,"campfire_choices":[{"data":"Pommel Strike","floor":6,"key":"SMITH"},{"data":"Barricade","floor":13,"key":"SMITH"},{"data":"Secret Weapon","floor":15,"key":"SMITH"},{"data":"Juggernaut","floor":23,"key":"SMITH"},{"data":"Rage","floor":28,"key":"SMITH"},{"data":"Flame Barrier","floor":32,"key":"SMITH"},{"data":"Shockwave","floor":40,"key":"SMITH"},{"data":"Iron Wave","floor":42,"key":"SMITH"},{"data":"Brutality","floor":47,"key":"SMITH"},{"data":"Bash","floor":49,"key":"SMITH"}],"path_taken":["M","?","M","$","?","R","M","M","T","M","?","?","R","?","R","BOSS","M","M","M","$","M","R","E","M","T","?","R","?","?","?","R","BOSS","M","$","M","$","?","R","M","R","T","M","M","$","R","?","R","BOSS"],"build_version":"2018-05-24","seed_source_timestamp":0,"purchased_purges":2,"victory":false,"master_deck":["Strike_R","Strike_R","Strike_R","Strike_R","Defend_R","Defend_R","Defend_R","Defend_R","Bash+1","Shockwave+1","Pommel Strike+1","Rage+1","Barricade+1","Secret Weapon+1","Feed","Flame Barrier+1","Shrug It Off+1","Juggernaut+1","Body Slam","Iron Wave+1","Reaper","Thunderclap+1","Disarm+1","Brutality+1","Disarm+1"],"max_hp_per_floor":[80,80,80,80,80,80,80,80,80,80,80,80,80,80,80,80,80,83,83,83,83,86,86,86,86,86,86,86,86,89,92,92,92,92,92,92,92,92,92,92,92,92,92,95,95,95,95,95,95,95],"relics":["Burning Blood","Anchor","Lantern","Snecko Eye","Oddly Smooth Stone","Centennial Puzzle","Paper Frog","Red Mask","Sozu","Orichalcum","Bag of Marbles"],"card_choices":[{"not_picked":["Bloodletting","Pummel"],"picked":"Shockwave","floor":1},{"not_picked":["Armaments","Twin Strike","Havoc"],"picked":"SKIP","floor":2},{"not_picked":["Burning Pact","Rage"],"picked":"Pommel Strike","floor":3},{"not_picked":["Clash","Feel No Pain"],"picked":"Rage","floor":7},{"not_picked":["Carnage","Uppercut","Dropkick"],"picked":"SKIP","floor":8},{"not_picked":["Dual Wield","Power Through"],"picked":"Barricade","floor":10},{"not_picked":["Fiend Fire","Immolate"],"picked":"Feed","floor":16},{"not_picked":["Wild Strike","Clash","Disarm"],"picked":"SKIP","floor":18},{"not_picked":["Heavy Blade+1","Body Slam"],"picked":"Flame Barrier","floor":19},{"not_picked":["Clothesline","Armaments"],"picked":"Shrug It Off+1","floor":20},{"not_picked":["Infernal Blade","Headbutt"],"picked":"Juggernaut","floor":22},{"not_picked":["Dual Wield+1","Fire Breathing+1","Heavy Blade"],"picked":"SKIP","floor":24},{"not_picked":["Intimidate","Anger"],"picked":"Body Slam","floor":25},{"not_picked":["Twin Strike","Sword Boomerang","Havoc"],"picked":"SKIP","floor":29},{"not_picked":["Anger","Fire Breathing"],"picked":"Iron Wave","floor":30},{"not_picked":["Limit Break","Feed"],"picked":"Reaper","floor":33},{"not_picked":["Armaments+1","Body Slam+1"],"picked":"Thunderclap+1","floor":35},{"not_picked":["Iron Wave","Rupture+1"],"picked":"Disarm+1","floor":37},{"not_picked":["Blood for Blood","Clothesline+1"],"picked":"Brutality","floor":41},{"not_picked":["Clothesline","Sword Boomerang"],"picked":"Disarm+1","floor":44}],"player_experience":391566,"potions_floor_usage":[16,16,16,33,33,45,50],"damage_taken":[{"damage":6.0,"enemies":"Cultist","floor":1.0,"turns":4.0},{"damage":8,"enemies":"Jaw Worm","floor":2,"turns":4},{"damage":6,"enemies":"2 Louse","floor":3,"turns":3},{"damage":3,"enemies":"Lots of Slimes","floor":7,"turns":4},{"damage":12,"enemies":"Large Slime","floor":8,"turns":5},{"damage":0,"enemies":"3 Louse","floor":10,"turns":3},{"damage":39,"enemies":"The Guardian","floor":16,"turns":13},{"damage":0,"enemies":"3 Byrds","floor":18,"turns":6},{"damage":0,"enemies":"Spheric Guardian","floor":19,"turns":5},{"damage":29,"enemies":"Chosen and Byrds","floor":20,"turns":9},{"damage":0,"enemies":"Snake Plant","floor":22,"turns":7},{"damage":47,"enemies":"Gremlin Leader","floor":24,"turns":11},{"damage":5,"enemies":"Snecko","floor":25,"turns":5},{"damage":0,"enemies":"Chosen and Byrds","floor":29,"turns":4},{"damage":0,"enemies":"3 Cultists","floor":30,"turns":4},{"damage":9,"enemies":"Masked Bandits","floor":31,"turns":6},{"damage":0,"enemies":"Champ","floor":33,"turns":9},{"damage":28,"enemies":"3 Darklings","floor":35,"turns":5},{"damage":0,"enemies":"Orb Walker","floor":37,"turns":4},{"damage":0,"enemies":"Sphere and 2 Shapes","floor":41,"turns":6},{"damage":5,"enemies":"Maw","floor":44,"turns":7},{"damage":0,"enemies":"4 Shapes","floor":45,"turns":1},{"damage":105,"enemies":"Donu and Deca","floor":50,"turns":11}],"relics_obtained":[{"floor":5,"key":"Anchor"},{"floor":9,"key":"Lantern"},{"floor":24,"key":"Centennial Puzzle"},{"floor":26,"key":"Paper Frog"},{"floor":31,"key":"Red Mask"},{"floor":43,"key":"Orichalcum"}],"event_choices":[{"event_name":"Dead Adventurer","player_choice":"Searched \u00270\u0027 times","floor":11,"damage_taken":0},{"event_name":"World of Goop","player_choice":"Gather Gold","floor":12,"damage_taken":0},{"event_name":"Drug Dealer","player_choice":"Ignored","floor":27,"damage_taken":0},{"event_name":"Masked Bandits","player_choice":"Fought over 117 gold","floor":31,"damage_taken":0},{"event_name":"Winding Halls","player_choice":"Writhe","floor":39,"damage_taken":0},{"event_name":"Tomb of Lord Red Mask","player_choice":"Ignored","floor":48,"damage_taken":0}],"boss_relics":[{"not_picked":["Black Star","Tiny House"],"picked":"Snecko Eye"},{"not_picked":["Eternal Feather","Velvet Choker"],"picked":"Sozu"}],"items_purged_floors":[4,46],"potions_floor_spawned":[1,2,8,19,20,24,25,31,33,44,45],"seed_played":"-5138358804005323895","killed_by":"Donu and Deca","ascension_level":0,"potions_obtained":[{"floor":1,"key":"LiquidBronze"},{"floor":2,"key":"LiquidBronze"},{"floor":8,"key":"Dexterity Potion"},{"floor":19,"key":"FearPotion"},{"floor":20,"key":"FearPotion"},{"floor":24,"key":"SkillPotion"},{"floor":25,"key":"SmokeBomb"},{"floor":31,"key":"GamblersBrew"},{"floor":33,"key":"Poison Potion"}],"is_trial":false}