{"gold_per_floor":[117,117,133,153,153,153],"floor_reached":6,"playtime":334,"items_purged":[],"score":65,"play_id":"fa68b049-5f61-49da-96e1-e874830caadd","local_time":"20190521020509","is_ascension_mode":true,"campfire_choices":[],"neow_cost":"PERCENT_DAMAGE","seed_source_timestamp":615396053284400,"circlet_count":0,"master_deck":["AscendersBane","Defend_G","Defend_G","Defend_G","Defend_G","Defend_G","Strike_G","Strike_G","Strike_G","Strike_G","Survivor","Neutralize","Sucker Punch","Flying Knee","Backflip","Crippling Poison","Backflip","Wraith Form v2+1"],"relics":["Ring of the Snake","Prayer Wheel"],"potions_floor_usage":[6],"damage_taken":[{"damage":14,"enemies":"Jaw Worm","floor":1,"turns":9},{"damage":0,"enemies":"Cultist","floor":3,"turns":4},{"damage":1,"enemies":"2 Louse","floor":4,"turns":4},{"damage":37,"enemies":"Lagavulin","floor":6,"turns":11}],"seed_played":"-3155330733200456662","potions_obtained":[{"floor":3,"key":"GamblersBrew"}],"is_trial":false,"path_per_floor":["M","?","M","M","?","E"],"character_chosen":"THE_SILENT","items_purchased":[],"campfire_rested":0,"item_purchase_floors":[],"current_hp_per_floor":[30,30,30,29,29,0],"gold":153,"neow_bonus":"ONE_RARE_RELIC","is_prod":false,"is_daily":false,"chose_seed":false,"campfire_upgraded":0,"win_rate":0,"timestamp":1558397109,"path_taken":["M","?","M","?","?","E"],"build_version":"2019-01-23","purchased_purges":0,"victory":false,"max_hp_per_floor":[66,66,66,66,66,66],"card_choices":[{"not_picked":["Underhanded Strike","Bane"],"picked":"Sucker Punch","floor":1},{"not_picked":["Dodge and Roll","Night Terror"],"picked":"Flying Knee","floor":1},{"not_picked":["PiercingWail","Tactician"],"picked":"Backflip","floor":3},{"not_picked":["Prepared","Cloak And Dagger"],"picked":"Crippling Poison","floor":3},{"not_picked":["Acrobatics","Blade Dance"],"picked":"Backflip","floor":4},{"not_picked":["Underhanded Strike","Deflect"],"picked":"Wraith Form v2","floor":4}],"player_experience":1185263,"relics_obtained":[],"event_choices":[{"cards_removed":["Strike_G"],"damage_healed":0,"gold_gain":0,"player_choice":"Offered Basic","damage_taken":0,"max_hp_gain":0,"max_hp_loss":0,"event_name":"Bonfire Elementals","floor":2,"gold_loss":0},{"damage_healed":0,"gold_gain":0,"player_choice":"Forge","damage_taken":0,"max_hp_gain":0,"max_hp_loss":0,"event_name":"Accursed Blacksmith","floor":5,"gold_loss":0,"cards_upgraded":["Wraith Form v2"]}],"is_beta":false,"boss_relics":[],"items_purged_floors":[],"is_endless":false,"potions_floor_spawned":[3],"killed_by":"Lagavulin","ascension_level":16}