{"gold_per_floor":[114,114,33,56,77,77,112,112,189,189,205,243,268,292,292,385,385,400,419,419,419,435,435,485,518,518,518,12,37,73,73,73,163,163,186,255,39,39,164,164,164,164,191,65,65,78,122,145,145,145,145],"floor_reached":51,"playtime":3620,"items_purged":["Writhe"],"score":1367,"play_id":"967977e1-08ea-44c5-9c49-c2ebb761ad3b","local_time":"20190716223038","is_ascension_mode":true,"campfire_choices":[{"data":"Sunder","floor":6,"key":"SMITH"},{"floor":8,"key":"REST"},{"data":"Zap","floor":10,"key":"SMITH"},{"data":"Beam Cell","floor":15,"key":"SMITH"},{"data":"Static Discharge","floor":23,"key":"SMITH"},{"floor":27,"key":"REST"},{"data":"Hyperbeam","floor":32,"key":"SMITH"},{"data":"Capacitor","floor":40,"key":"SMITH"},{"data":"Biased Cognition","floor":42,"key":"SMITH"},{"data":"Hologram","floor":45,"key":"SMITH"},{"data":"White Noise","floor":49,"key":"SMITH"}],"neow_cost":"NONE","seed_source_timestamp":518816120771983,"circlet_count":0,"master_deck":["AscendersBane","Defend_B+1","Defend_B","Defend_B","Defend_B","Zap+1","Dualcast","Cold Snap","Self Repair","Coolheaded","Sunder+1","Coolheaded+1","Beam Cell+1","Capacitor+1","White Noise+1","Static Discharge+1","Core Surge","Turbo+1","Compile Driver+1","Lockon+1","Go for the Eyes+1","Coolheaded","Hyperbeam+1","Hologram+1","Biased Cognition+1","Echo Form","Parasite","Leap","Machine Learning","Core Surge","All For One","Tempest"],"special_seed":0,"relics":["White Beast Statue","Golden Idol","Juzu Bracelet","Cables","Mercury Hourglass","Astrolabe","MutagenicStrength","Ice Cream","The Courier","Omamori","Thread and Needle","Pocketwatch","War Paint","Calling Bell","Bag of Preparation","Gremlin Horn","Ginger","Gambling Chip","Pantograph","Bird Faced Urn","PreservedInsect","Blue Candle"],"potions_floor_usage":[7,11,12,12,14,16,16,19,22,25,30,30,47,50,51],"damage_taken":[{"damage":7.0,"enemies":"Small Slimes","floor":1.0,"turns":4.0},{"damage":0.0,"enemies":"2 Louse","floor":4.0,"turns":2.0},{"damage":2.0,"enemies":"Cultist","floor":5.0,"turns":5.0},{"damage":20,"enemies":"Gremlin Nob","floor":7,"turns":4},{"damage":0,"enemies":"Blue Slaver","floor":11,"turns":7},{"damage":8,"enemies":"3 Sentries","floor":12,"turns":12},{"damage":6,"enemies":"Looter","floor":13,"turns":4},{"damage":6,"enemies":"Large Slime","floor":14,"turns":6},{"damage":27,"enemies":"Hexaghost","floor":16,"turns":7},{"damage":0,"enemies":"Chosen","floor":18,"turns":5},{"damage":29,"enemies":"Shell Parasite","floor":19,"turns":4},{"damage":0,"enemies":"Snake Plant","floor":22,"turns":2},{"damage":15,"enemies":"Gremlin Leader","floor":25,"turns":6},{"damage":4,"enemies":"Centurion and Healer","floor":29,"turns":5},{"damage":8,"enemies":"Book of Stabbing","floor":30,"turns":5},{"damage":28,"enemies":"Collector","floor":33,"turns":7},{"damage":0,"enemies":"3 Darklings","floor":35,"turns":2},{"damage":17,"enemies":"2 Orb Walkers","floor":36,"turns":4},{"damage":0,"enemies":"Mind Bloom Boss Battle","floor":39,"turns":7},{"damage":8,"enemies":"Orb Walker","floor":46,"turns":3},{"damage":16,"enemies":"Giant Head","floor":47,"turns":5},{"damage":16,"enemies":"Spire Growth","floor":48,"turns":7},{"damage":48,"enemies":"Awakened One","floor":50,"turns":16},{"damage":76,"enemies":"Donu and Deca","floor":51,"turns":7}],"seed_played":"8584408567373842879","potions_obtained":[{"floor":1.0,"key":"Explosive Potion"},{"floor":4.0,"key":"Weak Potion"},{"floor":5.0,"key":"Ancient Potion"},{"floor":7,"key":"SkillPotion"},{"floor":11,"key":"SkillPotion"},{"floor":12,"key":"SteroidPotion"},{"floor":13,"key":"Weak Potion"},{"floor":14,"key":"Poison Potion"},{"floor":16,"key":"Dexterity Potion"},{"floor":18,"key":"AttackPotion"},{"floor":19,"key":"AttackPotion"},{"floor":22,"key":"Energy Potion"},{"floor":25,"key":"SpeedPotion"},{"floor":29,"key":"AttackPotion"},{"floor":30,"key":"FairyPotion"},{"floor":33,"key":"LiquidBronze"},{"floor":39,"key":"Poison Potion"},{"floor":46,"key":"AttackPotion"},{"floor":47,"key":"Poison Potion"}],"is_trial":false,"path_per_floor":["M","?","$","M","M","R","E","R","T","R","M","E","M","M","R","B",null,"M","M","?","?","M","R","?","E","T","R","$","M","E","?","R","B",null,"M","?","$","?","?","R","?","R","T","$","R","M","E","M","R","B","B"],"character_chosen":"DEFECT","items_purchased":["Self Repair","Omamori","Thread and Needle","Hyperbeam","Pantograph","Core Surge"],"campfire_rested":2,"item_purchase_floors":[3,28,28,28,37,44],"current_hp_per_floor":[57,57,57,57,62,62,42,61,61,61,64,63,57,58,58,31,56,63,41,41,41,41,41,41,33,33,52,52,55,47,47,47,26,62,62,52,52,52,64,64,64,64,64,64,64,64,48,59,59,24,0],"gold":145,"neow_bonus":"BOSS_RELIC","is_prod":false,"is_daily":false,"chose_seed":false,"campfire_upgraded":9,"win_rate":0,"timestamp":1563312638,"path_taken":["M","?","$","M","M","R","E","R","T","R","M","E","M","M","R","BOSS","M","M","?","?","M","R","?","E","T","R","$","M","E","?","R","BOSS","M","?","$","?","?","R","?","R","T","$","R","M","E","M","R","BOSS","BOSS"],"build_version":"2019-07-05","purchased_purges":1,"victory":false,"max_hp_per_floor":[71,64,64,64,64,64,64,64,64,64,64,64,64,64,64,64,64,64,64,64,64,64,64,64,64,64,64,64,64,64,64,64,64,64,64,64,64,64,64,64,64,64,64,64,64,64,64,64,64,64,64],"card_choices":[{"not_picked":["Turbo","Leap"],"picked":"Cold Snap","floor":1.0},{"not_picked":["Blizzard","Double Energy"],"picked":"Coolheaded","floor":4.0},{"not_picked":["Rip and Tear","Leap"],"picked":"Sunder","floor":5.0},{"not_picked":["Force Field","Barrage"],"picked":"Coolheaded","floor":7},{"not_picked":["White Noise","Compile Driver"],"picked":"Beam Cell","floor":11},{"not_picked":["Sweeping Beam","Steam"],"picked":"Capacitor","floor":12},{"not_picked":["Beam Cell","Skim"],"picked":"White Noise","floor":13},{"not_picked":["Sweeping Beam","Lockon"],"picked":"Static Discharge","floor":14},{"not_picked":["Fission","Meteor Strike"],"picked":"Core Surge","floor":16},{"not_picked":["Ball Lightning","Cold Snap","BootSequence"],"picked":"SKIP","floor":18},{"not_picked":["Steam","Steam Power+1"],"picked":"Go for the Eyes+1","floor":19},{"not_picked":["Stack","Recycle","Go for the Eyes"],"picked":"SKIP","floor":22},{"not_picked":["Beam Cell","Go for the Eyes","Ball Lightning"],"picked":"SKIP","floor":25},{"not_picked":["Sweeping Beam","Beam Cell"],"picked":"Hologram","floor":29},{"not_picked":["White Noise","Conserve Battery"],"picked":"Biased Cognition","floor":30},{"not_picked":["All For One","Fission"],"picked":"Echo Form","floor":33},{"not_picked":["Coolheaded","Beam Cell"],"picked":"Leap","floor":35},{"not_picked":["Compile Driver","Force Field"],"picked":"All For One","floor":46},{"not_picked":["Coolheaded","Loop"],"picked":"Tempest","floor":47},{"not_picked":["Streamline+1","Ball Lightning","Redo"],"picked":"SKIP","floor":48}],"player_experience":1177528,"relics_obtained":[{"floor":7,"key":"Juzu Bracelet"},{"floor":9,"key":"Cables"},{"floor":12,"key":"Mercury Hourglass"},{"floor":25,"key":"Ice Cream"},{"floor":26,"key":"The Courier"},{"floor":30,"key":"Pocketwatch"},{"floor":34,"key":"Bag of Preparation"},{"floor":34,"key":"Gremlin Horn"},{"floor":34,"key":"Ginger"},{"floor":36,"key":"Gambling Chip"},{"floor":39,"key":"Bird Faced Urn"},{"floor":43,"key":"PreservedInsect"},{"floor":47,"key":"Blue Candle"}],"event_choices":[{"damage_healed":0.0,"max_hp_gain":0.0,"max_hp_loss":7.0,"gold_gain":0.0,"event_name":"Golden Idol","player_choice":"Lose Max HP","floor":2.0,"gold_loss":0.0,"damage_taken":0.0,"relics_obtained":["Golden Idol"]},{"damage_healed":0,"gold_gain":0,"player_choice":"Inject Mutagens","damage_taken":0,"relics_obtained":["MutagenicStrength"],"max_hp_gain":0,"max_hp_loss":0,"event_name":"Drug Dealer","floor":20,"gold_loss":0},{"damage_healed":0,"gold_gain":0,"cards_transformed":["Strike_B"],"player_choice":"Transformed","damage_taken":0,"max_hp_gain":0,"max_hp_loss":0,"event_name":"Transmorgrifier","floor":21,"gold_loss":0,"cards_obtained":["Coolheaded"]},{"damage_healed":0,"gold_gain":50,"player_choice":"Stole From Cult","damage_taken":0,"max_hp_gain":0,"max_hp_loss":0,"event_name":"Nest","floor":24,"gold_loss":0},{"damage_healed":0,"gold_gain":0,"player_choice":"Opened","damage_taken":0,"relics_obtained":["War Paint"],"max_hp_gain":0,"max_hp_loss":0,"event_name":"The Mausoleum","floor":31,"gold_loss":0,"cards_obtained":["Writhe"]},{"damage_healed":0,"gold_gain":0,"player_choice":"Fight","damage_taken":0,"max_hp_gain":0,"max_hp_loss":0,"event_name":"Mysterious Sphere","floor":36,"gold_loss":0},{"damage_healed":0,"gold_gain":0,"player_choice":"1 cards matched","damage_taken":0,"max_hp_gain":0,"max_hp_loss":0,"event_name":"Match and Keep!","floor":38,"gold_loss":0,"cards_obtained":["Machine Learning"]},{"damage_healed":0,"gold_gain":0,"player_choice":"1 cards matched","damage_taken":0,"max_hp_gain":0,"max_hp_loss":0,"event_name":"Match and Keep!","floor":38,"gold_loss":0,"cards_obtained":["Machine Learning"]},{"damage_healed":0,"gold_gain":0,"player_choice":"Fight","damage_taken":0,"max_hp_gain":0,"max_hp_loss":0,"event_name":"MindBloom","floor":39,"gold_loss":0},{"damage_healed":0,"gold_gain":0,"player_choice":"Ignored","damage_taken":0,"max_hp_gain":0,"max_hp_loss":0,"event_name":"Tomb of Lord Red Mask","floor":41,"gold_loss":0}],"is_beta":false,"boss_relics":[{"not_picked":["Runic Dome","Fusion Hammer"],"picked":"Astrolabe"},{"not_picked":["Sozu","Pandora\u0027s Box"],"picked":"Calling Bell"}],"items_purged_floors":[44],"is_endless":false,"potions_floor_spawned":[1,4,5,7,11,12,13,14,16,18,19,22,25,29,30,33,35,36,39,46,47,48],"killed_by":"Donu and Deca","ascension_level":20}