{"gold_per_floor":[119,119,119,137,152,181,195,195,195,195,195,5,22,32,32,32],"floor_reached":16,"playtime":671,"items_purged":[],"score":184,"play_id":"6b72848f-fdb8-4cd5-91ac-0225ec008199","local_time":"20190618012857","is_ascension_mode":true,"campfire_choices":[{"data":"Neutralize","floor":8,"key":"SMITH"},{"floor":10,"key":"REST"},{"floor":15,"key":"REST"}],"neow_cost":"NONE","seed_source_timestamp":4556561153600,"circlet_count":0,"master_deck":["AscendersBane","Defend_G","Defend_G","Defend_G","Defend_G","Defend_G","Strike_G","Strike_G","Strike_G","Strike_G+1","Survivor","Neutralize+1","Deflect+1","Quick Slash","Flying Knee","Poisoned Stab","Deflect","Backflip","Predator","Corpse Explosion"],"relics":["Ring of the Snake","NeowsBlessing","Peace Pipe","Unceasing Top","Juzu Bracelet"],"potions_floor_usage":[6,14],"damage_taken":[{"damage":0,"enemies":"Small Slimes","floor":1,"turns":1},{"damage":0,"enemies":"2 Louse","floor":4,"turns":1},{"damage":0,"enemies":"Jaw Worm","floor":5,"turns":1},{"damage":19,"enemies":"3 Sentries","floor":6,"turns":9},{"damage":16,"enemies":"Lots of Slimes","floor":7,"turns":6},{"damage":17,"enemies":"Gremlin Gang","floor":13,"turns":6},{"damage":4,"enemies":"Exordium Wildlife","floor":14,"turns":5},{"damage":31,"enemies":"The Guardian","floor":16,"turns":9}],"seed_played":"-8660223058615613138","potions_obtained":[{"floor":4,"key":"PowerPotion"},{"floor":13,"key":"Fire Potion"}],"is_trial":false,"path_per_floor":["M","?","?","M","M","E","M","R","T","R","?","$","M","M","R","B"],"character_chosen":"THE_SILENT","items_purchased":["Juzu Bracelet","Backflip"],"campfire_rested":2,"item_purchase_floors":[12,12],"current_hp_per_floor":[59,39,44,44,44,25,9,9,9,30,30,30,13,9,30,0],"gold":32,"neow_bonus":"THREE_ENEMY_KILL","is_prod":false,"is_daily":false,"chose_seed":false,"campfire_upgraded":1,"win_rate":0,"timestamp":1560814137,"path_taken":["M","?","?","M","M","E","M","R","T","R","?","$","M","M","R","BOSS"],"build_version":"2019-01-23","purchased_purges":0,"victory":false,"max_hp_per_floor":[66,66,71,71,71,71,71,71,71,71,71,71,71,71,71,71],"card_choices":[{"not_picked":["Bane","Blade Dance"],"picked":"Deflect","floor":1},{"not_picked":["Concentrate","Dodge and Roll"],"picked":"Quick Slash","floor":4},{"not_picked":["Dagger Throw","Choke"],"picked":"Flying Knee","floor":5},{"not_picked":["Dagger Spray","Cloak And Dagger"],"picked":"Poisoned Stab","floor":6},{"not_picked":["Setup","Dodge and Roll"],"picked":"Deflect","floor":7},{"not_picked":["Dagger Spray","Outmaneuver"],"picked":"Predator","floor":13},{"not_picked":["Dagger Throw","Prepared"],"picked":"Corpse Explosion","floor":14}],"player_experience":1406406,"relics_obtained":[{"floor":6,"key":"Peace Pipe"},{"floor":9,"key":"Unceasing Top"}],"event_choices":[{"damage_healed":0,"gold_gain":0,"player_choice":"Entered Light","damage_taken":20,"max_hp_gain":0,"max_hp_loss":0,"event_name":"Shining Light","floor":2,"gold_loss":0,"cards_upgraded":["Strike_G","Deflect"]},{"damage_healed":0,"gold_gain":0,"player_choice":"Donut","damage_taken":0,"max_hp_gain":5,"max_hp_loss":0,"event_name":"Big Fish","floor":3,"gold_loss":0},{"cards_removed":["Strike_G"],"damage_healed":0,"gold_gain":0,"player_choice":"Purged","damage_taken":0,"max_hp_gain":0,"max_hp_loss":0,"event_name":"Purifier","floor":11,"gold_loss":0}],"is_beta":false,"boss_relics":[],"items_purged_floors":[],"is_endless":false,"potions_floor_spawned":[4,13],"killed_by":"The Guardian","ascension_level":16}