{"gold_per_floor":[118,393,28,39,39,71,221,221,221,248,258,258,275,288,288,288],"floor_reached":16,"playtime":598,"items_purged":["Regret"],"score":250,"play_id":"cc4b543d-79d5-4cab-8c2d-534b3c84d859","local_time":"20190630184130","is_ascension_mode":true,"campfire_choices":[{"data":"Neutralize","floor":12,"key":"SMITH"},{"floor":15,"key":"REST"}],"neow_cost":"NONE","seed_source_timestamp":1103410804220400,"circlet_count":0,"master_deck":["AscendersBane","Defend_G","Defend_G","Defend_G","Defend_G","Defend_G","Strike_G+1","Strike_G","Strike_G+1","Strike_G","Strike_G","Survivor+1","Neutralize+1","Leg Sweep","Flying Knee+1","Cloak And Dagger","Finisher","Doubt","Burst","Endless Agony","Crippling Poison","Infinite Blades"],"relics":["Ring of the Snake","NeowsBlessing","Shuriken","Shovel","Whetstone","Question Card","Snake Skull"],"potions_floor_usage":[10,13,14,16],"damage_taken":[{"damage":0,"enemies":"2 Louse","floor":1,"turns":1},{"damage":0,"enemies":"Cultist","floor":4,"turns":1},{"damage":0,"enemies":"Gremlin Nob","floor":6,"turns":1},{"damage":11,"enemies":"3 Sentries","floor":10,"turns":10},{"damage":3,"enemies":"Small Slimes","floor":11,"turns":3},{"damage":0,"enemies":"Blue Slaver","floor":13,"turns":4},{"damage":9,"enemies":"Lots of Slimes","floor":14,"turns":5},{"damage":31,"enemies":"Hexaghost","floor":16,"turns":9}],"seed_played":"-6036839413714410526","potions_obtained":[{"floor":1,"key":"Strength Potion"},{"floor":10,"key":"GhostInAJar"},{"floor":11,"key":"GamblersBrew"},{"floor":14,"key":"Swift Potion"}],"is_trial":false,"path_per_floor":["M","?","$","M","?","E","?","?","T","E","M","R","M","M","R","B"],"character_chosen":"THE_SILENT","items_purchased":["Shuriken","Flying Knee"],"campfire_rested":1,"item_purchase_floors":[3,3],"current_hp_per_floor":[59,59,59,59,54,54,54,34,34,23,20,20,20,11,30,0],"gold":288,"neow_bonus":"THREE_ENEMY_KILL","is_prod":false,"is_daily":false,"chose_seed":false,"campfire_upgraded":1,"win_rate":0,"timestamp":1561912890,"path_taken":["M","?","$","?","?","E","?","?","T","E","M","R","M","M","R","BOSS"],"build_version":"2019-01-23","purchased_purges":1,"victory":false,"max_hp_per_floor":[66,66,66,66,66,66,66,66,66,66,66,66,66,66,66,66],"card_choices":[{"not_picked":["Dagger Throw","Poisoned Stab"],"picked":"Leg Sweep","floor":1},{"not_picked":["Bane","Outmaneuver"],"picked":"Cloak And Dagger","floor":4},{"not_picked":["Bane","Underhanded Strike"],"picked":"Finisher","floor":6},{"not_picked":["Backflip","Backstab","Underhanded Strike"],"picked":"Burst","floor":10},{"not_picked":["Concentrate","Choke","Predator"],"picked":"Endless Agony","floor":11},{"not_picked":["Catalyst","Prepared","Dodge and Roll"],"picked":"Crippling Poison","floor":13},{"not_picked":["Tactician","Poisoned Stab","Dagger Throw"],"picked":"Infinite Blades","floor":14}],"player_experience":1522413,"relics_obtained":[{"floor":6,"key":"Whetstone"},{"floor":9,"key":"Question Card"},{"floor":10,"key":"Snake Skull"}],"event_choices":[{"damage_healed":0,"gold_gain":275,"player_choice":"Desecrate","damage_taken":0,"max_hp_gain":0,"max_hp_loss":0,"event_name":"Golden Shrine","floor":2,"gold_loss":0,"cards_obtained":["Regret"]},{"damage_healed":0,"gold_gain":0,"player_choice":"Success","damage_taken":5,"relics_obtained":["Shovel"],"max_hp_gain":0,"max_hp_loss":0,"event_name":"Scrap Ooze","floor":5,"gold_loss":0},{"damage_healed":0,"gold_gain":150,"player_choice":"AGREE","damage_taken":0,"max_hp_gain":0,"max_hp_loss":0,"event_name":"Liars Game","floor":7,"gold_loss":0,"cards_obtained":["Doubt"]},{"damage_healed":0,"gold_gain":0,"player_choice":"Entered Light","damage_taken":20,"max_hp_gain":0,"max_hp_loss":0,"event_name":"Shining Light","floor":8,"gold_loss":0,"cards_upgraded":["Strike_G","Survivor"]}],"is_beta":false,"boss_relics":[],"items_purged_floors":[3],"is_endless":false,"potions_floor_spawned":[1,10,11,14],"killed_by":"Hexaghost","ascension_level":17}