{"gold_per_floor":[113,124,138,154,171,206,206,35,85,95,95,95,95,111,111,204,204,220,220,35,35,35],"floor_reached":22,"playtime":614,"items_purged":["Strike_R","Injury"],"score":344,"play_id":"43f74432-6286-4ab9-99f0-cdaba485ec58","local_time":"20190720154907","is_ascension_mode":true,"campfire_choices":[{"data":"Bash","floor":7,"key":"SMITH"},{"data":"Shockwave","floor":13,"key":"SMITH"},{"data":"Spot Weakness","floor":15,"key":"SMITH"}],"neow_cost":"NONE","seed_source_timestamp":673563800743500,"circlet_count":0,"master_deck":["AscendersBane","Strike_R","Strike_R","Defend_R","Defend_R","Defend_R","Defend_R","Bash+1","Entrench","Anger","Anger","Headbutt","Clothesline","Thunderclap","Seeing Red","Shockwave+1","Spot Weakness+1","Barricade","Ghostly","Ghostly","Ghostly","Feel No Pain","RitualDagger"],"relics":["Burning Blood","Potion Belt","PreservedInsect","Golden Idol","Busted Crown"],"potions_floor_usage":[5,6,10,16],"damage_taken":[{"damage":6,"enemies":"Jaw Worm","floor":1,"turns":6},{"damage":15,"enemies":"Small Slimes","floor":2,"turns":5},{"damage":1,"enemies":"2 Louse","floor":3,"turns":3},{"damage":2,"enemies":"Looter","floor":4,"turns":3},{"damage":5,"enemies":"Red Slaver","floor":5,"turns":2},{"damage":16,"enemies":"Gremlin Nob","floor":6,"turns":3},{"damage":24,"enemies":"Exordium Thugs","floor":10,"turns":5},{"damage":8,"enemies":"Looter","floor":14,"turns":3},{"damage":19,"enemies":"The Guardian","floor":16,"turns":10},{"damage":26,"enemies":"Shell Parasite","floor":18,"turns":4},{"damage":31,"enemies":"3 Byrds","floor":22,"turns":3}],"seed_played":"6722547607193318609","potions_obtained":[{"floor":2,"key":"Weak Potion"},{"floor":4,"key":"SteroidPotion"},{"floor":6,"key":"EssenceOfSteel"},{"floor":16,"key":"FearPotion"}],"is_trial":false,"path_per_floor":["M","M","M","M","M","E","R","$","T","M","?","?","R","M","R","B",null,"M","?","$","?","M"],"character_chosen":"IRONCLAD","items_purchased":["Seeing Red","Dexterity Potion","Feel No Pain"],"campfire_rested":0,"item_purchase_floors":[8,8,20],"current_hp_per_floor":[68,59,64,68,69,59,59,59,59,41,34,34,34,32,32,19,61,41,37,37,31,0],"gold":35,"neow_bonus":"TRANSFORM_CARD","is_prod":false,"is_daily":false,"chose_seed":false,"campfire_upgraded":3,"win_rate":0,"timestamp":1563630547,"path_taken":["M","M","M","M","M","E","R","$","T","M","?","?","R","M","R","BOSS","M","?","$","?","M"],"build_version":"2019-07-17","purchased_purges":2,"victory":false,"max_hp_per_floor":[75,75,75,75,75,75,75,75,75,75,75,75,75,75,75,75,75,75,37,37,37,37],"card_choices":[{"not_picked":["Flex","Wild Strike"],"picked":"Anger","floor":1},{"not_picked":["Bloodletting","Clothesline"],"picked":"Anger","floor":2},{"not_picked":["Evolve","Sentinel"],"picked":"Headbutt","floor":3},{"not_picked":["Havoc","Burning Pact"],"picked":"Clothesline","floor":4},{"not_picked":["Clash","Heavy Blade"],"picked":"Thunderclap","floor":5},{"not_picked":["Dropkick","Clothesline","Berserk"],"picked":"SKIP","floor":6},{"not_picked":["Warcry","Rampage"],"picked":"Shockwave","floor":10},{"not_picked":["Carnage","Cleave"],"picked":"Spot Weakness","floor":14},{"not_picked":["Bludgeon","Exhume"],"picked":"Barricade","floor":16},{"not_picked":["Shockwave"],"picked":"SKIP","floor":18}],"player_experience":1707846,"relics_obtained":[{"floor":6,"key":"Potion Belt"},{"floor":9,"key":"PreservedInsect"}],"event_choices":[{"cards_removed":["Strike_R"],"damage_healed":0,"gold_gain":0,"player_choice":"Card Removal","damage_taken":7,"max_hp_gain":0,"max_hp_loss":0,"event_name":"Golden Wing","floor":11,"gold_loss":0},{"damage_healed":0,"gold_gain":0,"player_choice":"Take Wound","damage_taken":0,"relics_obtained":["Golden Idol"],"max_hp_gain":0,"max_hp_loss":0,"event_name":"Golden Idol","floor":12,"gold_loss":0,"cards_obtained":["Injury"]},{"damage_healed":0,"gold_gain":0,"player_choice":"Became a Ghost","damage_taken":0,"max_hp_gain":0,"max_hp_loss":38,"event_name":"Ghosts","floor":19,"gold_loss":0,"cards_obtained":["Ghostly","Ghostly","Ghostly"]},{"damage_healed":0,"gold_gain":0,"player_choice":"Joined the Cult","damage_taken":6,"max_hp_gain":0,"max_hp_loss":0,"event_name":"Nest","floor":21,"gold_loss":0,"cards_obtained":["RitualDagger"]}],"is_beta":false,"boss_relics":[{"not_picked":["Orrery","Lizard Tail"],"picked":"Busted Crown"}],"items_purged_floors":[8,20],"is_endless":false,"potions_floor_spawned":[2,4,6,16],"killed_by":"3 Byrds","ascension_level":17}