{"gold_per_floor":[363,383,399,399,31,57,57,90,90,101,128,138,71,85,85,181,181,181,181,199,124,141,176,186,214,214,230,264,264,264,37,37,136,136,146,46,62,62,62,95,142,169,219,236,270,270,270,284,284,284,284,284,37,68,68],"floor_reached":56,"playtime":3874,"items_purged":["Strike_R","Strike_R"],"score":2037,"play_id":"4ca384c0-5a01-48fc-81e3-dda4f51c36ee","local_time":"20190912235018","is_ascension_mode":true,"campfire_choices":[{"data":"Anger","floor":7,"key":"SMITH"},{"data":"Armaments","floor":15,"key":"SMITH"},{"data":"Fiend Fire","floor":30,"key":"SMITH"},{"data":"Fiend Fire","floor":32,"key":"SMITH"},{"floor":46,"key":"RECALL"},{"floor":49,"key":"DIG"},{"floor":52,"key":"DIG"}],"neow_cost":"PERCENT_DAMAGE","seed_source_timestamp":135999997179112,"circlet_count":0,"master_deck":["Strike_R","Defend_R","Defend_R","Defend_R","Defend_R","Shockwave","Cleave","Anger+1","Master of Strategy","Inflame","Reaper","Armaments+1","Flame Barrier","Fiend Fire+1","Corruption+1","Disarm","Seeing Red","Disarm","Fiend Fire+1","Corruption+1","Offering","Offering","True Grit+1","Feel No Pain+1","Feel No Pain","Second Wind+1"],"relics":["Black Blood","Meat on the Bone","Charon\u0027s Ashes","Dead Branch","Odd Mushroom","Runic Pyramid","PreservedInsect","Centennial Puzzle","Eternal Feather","Vajra","DollysMirror","Lantern","Shovel","Pantograph","Blood Vial","Mummified Hand","Pocketwatch","Bottled Flame","Bottled Tornado","Shuriken"],"potions_floor_usage":[6,6,18,55,55],"damage_taken":[{"damage":3,"enemies":"2 Louse","floor":1,"turns":3},{"damage":6,"enemies":"Cultist","floor":2,"turns":3},{"damage":14,"enemies":"Jaw Worm","floor":3,"turns":4},{"damage":10,"enemies":"3 Sentries","floor":6,"turns":3},{"damage":25,"enemies":"Gremlin Nob","floor":8,"turns":4},{"damage":10,"enemies":"2 Fungi Beasts","floor":10,"turns":3},{"damage":8,"enemies":"The Mushroom Lair","floor":11,"turns":3},{"damage":0,"enemies":"Large Slime","floor":12,"turns":2},{"damage":5,"enemies":"Lots of Slimes","floor":14,"turns":2},{"damage":57,"enemies":"The Guardian","floor":16,"turns":12},{"damage":0,"enemies":"2 Thieves","floor":18,"turns":1},{"damage":3,"enemies":"3 Byrds","floor":20,"turns":2},{"damage":26,"enemies":"Centurion and Healer","floor":22,"turns":3},{"damage":0,"enemies":"Book of Stabbing","floor":23,"turns":3},{"damage":2,"enemies":"Chosen and Byrds","floor":24,"turns":3},{"damage":19,"enemies":"Slavers","floor":25,"turns":3},{"damage":0,"enemies":"3 Cultists","floor":27,"turns":2},{"damage":2,"enemies":"Book of Stabbing","floor":28,"turns":2},{"damage":6,"enemies":"Collector","floor":33,"turns":2},{"damage":6,"enemies":"Orb Walker","floor":35,"turns":2},{"damage":6,"enemies":"3 Darklings","floor":37,"turns":1},{"damage":0,"enemies":"Nemesis","floor":40,"turns":3},{"damage":10,"enemies":"2 Orb Walkers","floor":41,"turns":2},{"damage":12,"enemies":"Giant Head","floor":42,"turns":4},{"damage":12,"enemies":"Writhing Mass","floor":44,"turns":2},{"damage":12,"enemies":"Nemesis","floor":45,"turns":2},{"damage":14,"enemies":"Transient","floor":48,"turns":3},{"damage":18,"enemies":"Time Eater","floor":50,"turns":3},{"damage":6,"enemies":"Shield and Spear","floor":54,"turns":1},{"damage":12,"enemies":"The Heart","floor":55,"turns":3}],"seed_played":"-3074899449944284715","potions_obtained":[{"floor":2,"key":"PowerPotion"},{"floor":11,"key":"SmokeBomb"},{"floor":14,"key":"SpeedPotion"},{"floor":16,"key":"SteroidPotion"},{"floor":24,"key":"Fire Potion"},{"floor":27,"key":"Ancient Potion"},{"floor":41,"key":"Energy Potion"},{"floor":54,"key":"FairyPotion"}],"is_trial":false,"path_per_floor":["M","M","M","?","$","E","R","E","T","M","?","M","$","M","R","B",null,"M","?","M","?","M","E","M","E","T","M","E","?","R","$","R","B",null,"M","$","M","?","$","E","?","E","T","M","E","R","T","M","R","B",null,"R","$","E","B",null],"character_chosen":"IRONCLAD","items_purchased":["Master of Strategy","Inflame","Fire Potion","Flame Barrier","DollysMirror","Offering","Bottled Tornado"],"campfire_rested":0,"item_purchase_floors":[5,5,5,13,31,31,53],"current_hp_per_floor":[54,54,46,46,46,42,42,35,35,51,62,68,68,69,69,30,68,74,74,77,77,57,63,67,54,54,60,64,64,76,76,80,80,80,80,80,80,80,80,80,80,80,80,80,80,80,80,80,80,74,79,80,80,80,80],"gold":68,"neow_bonus":"TWO_FIFTY_GOLD","is_prod":false,"is_daily":false,"chose_seed":false,"campfire_upgraded":4,"win_rate":0,"timestamp":1568346618,"path_taken":["M","M","M","?","$","E","R","E","T","?","?","M","$","M","R","BOSS","M","?","M","?","M","E","M","E","T","M","E","?","R","$","R","BOSS","M","?","M","?","$","E","?","E","T","M","E","R","?","?","R","BOSS","R","$","E","BOSS"],"build_version":"2019-09-11v2","purchased_purges":2,"victory":true,"max_hp_per_floor":[80,80,80,80,80,80,80,80,80,80,80,80,80,80,80,80,80,80,80,80,80,80,80,80,80,80,80,80,80,80,80,80,80,80,80,80,80,80,80,80,80,80,80,80,80,80,80,80,80,80,80,80,80,80,80],"card_choices":[{"not_picked":["Twin Strike","Armaments"],"picked":"Shockwave","floor":1},{"not_picked":["Body Slam","Twin Strike"],"picked":"Cleave","floor":2},{"not_picked":["Clash","Headbutt"],"picked":"Anger","floor":3},{"not_picked":["Heavy Blade","Bloodletting"],"picked":"Reaper","floor":6},{"not_picked":["Iron Wave","Cleave"],"picked":"Armaments","floor":8},{"not_picked":["Sword Boomerang","Searing Blow","Headbutt"],"picked":"SKIP","floor":10},{"not_picked":["Wild Strike","Iron Wave","Heavy Blade"],"picked":"SKIP","floor":12},{"not_picked":["Perfected Strike","Rage","Pommel Strike"],"picked":"SKIP","floor":14},{"not_picked":["Impervious","Brutality"],"picked":"Fiend Fire","floor":16},{"not_picked":["Anger","Flex+1"],"picked":"Disarm","floor":20},{"not_picked":["Twin Strike","Wild Strike"],"picked":"Seeing Red","floor":22},{"not_picked":["Reckless Charge","Body Slam","Clash"],"picked":"SKIP","floor":23},{"not_picked":["Clash+1","Wild Strike","Clothesline"],"picked":"SKIP","floor":24},{"not_picked":["Body Slam+1","Whirlwind","Sword Boomerang+1"],"picked":"SKIP","floor":25},{"not_picked":["Thunderclap","Perfected Strike+1"],"picked":"Disarm","floor":27},{"not_picked":["Sword Boomerang","Reckless Charge"],"picked":"Fiend Fire","floor":28},{"not_picked":["Berserk","Limit Break"],"picked":"Offering","floor":33},{"not_picked":["Heavy Blade+1","Fire Breathing+1","Combust+1"],"picked":"SKIP","floor":35},{"not_picked":["Clash+1","Sword Boomerang","Blood for Blood"],"picked":"SKIP","floor":37},{"not_picked":["Reaper","Demon Form","Cleave+1"],"picked":"SKIP","floor":40},{"not_picked":["Clothesline","Twin Strike+1"],"picked":"True Grit+1","floor":42},{"not_picked":["Perfected Strike+1","Carnage"],"picked":"Feel No Pain+1","floor":44},{"not_picked":["Infernal Blade","Immolate"],"picked":"Feel No Pain","floor":45},{"not_picked":["True Grit","Flex+1"],"picked":"Second Wind+1","floor":48},{"not_picked":["Uppercut","Hemokinesis+1","Perfected Strike"],"picked":"SKIP","floor":54}],"player_experience":378770,"relics_obtained":[{"floor":6,"key":"Meat on the Bone"},{"floor":8,"key":"Charon\u0027s Ashes"},{"floor":9,"key":"Dead Branch"},{"floor":11,"key":"Odd Mushroom"},{"floor":23,"key":"PreservedInsect"},{"floor":25,"key":"Centennial Puzzle"},{"floor":26,"key":"Eternal Feather"},{"floor":28,"key":"Vajra"},{"floor":40,"key":"Lantern"},{"floor":41,"key":"Shovel"},{"floor":42,"key":"Pantograph"},{"floor":45,"key":"Blood Vial"},{"floor":47,"key":"Mummified Hand"},{"floor":49,"key":"Pocketwatch"},{"floor":52,"key":"Bottled Flame"},{"floor":54,"key":"Shuriken"}],"event_choices":[{"cards_removed":["Strike_R"],"damage_healed":0,"gold_gain":0,"player_choice":"Purged","damage_taken":0,"max_hp_gain":0,"max_hp_loss":0,"event_name":"Purifier","floor":4,"gold_loss":0},{"damage_healed":0,"gold_gain":0,"player_choice":"Fought Mushrooms","damage_taken":0,"max_hp_gain":0,"max_hp_loss":0,"event_name":"Mushrooms","floor":11,"gold_loss":0},{"damage_healed":0,"gold_gain":0,"player_choice":"Read","damage_taken":0,"max_hp_gain":0,"max_hp_loss":0,"event_name":"The Library","floor":19,"gold_loss":0,"cards_obtained":["Corruption"]},{"cards_removed":["Strike_R"],"damage_healed":0,"gold_gain":0,"player_choice":"Gave Gold","damage_taken":0,"max_hp_gain":0,"max_hp_loss":0,"event_name":"Beggar","floor":21,"gold_loss":75},{"damage_healed":0,"gold_gain":0,"player_choice":"Forge","damage_taken":0,"max_hp_gain":0,"max_hp_loss":0,"event_name":"Accursed Blacksmith","floor":29,"gold_loss":0,"cards_upgraded":["Corruption"]},{"cards_removed":["Bash"],"damage_healed":0,"gold_gain":0,"player_choice":"Removed Attack","damage_taken":0,"max_hp_gain":0,"max_hp_loss":0,"event_name":"Falling","floor":38,"gold_loss":0},{"damage_healed":0,"gold_gain":0,"player_choice":"Fight","damage_taken":0,"max_hp_gain":0,"max_hp_loss":0,"event_name":"Mysterious Sphere","floor":41,"gold_loss":0}],"is_beta":true,"boss_relics":[{"not_picked":["Astrolabe","Velvet Choker"],"picked":"Runic Pyramid"},{"not_picked":["Mark of Pain","SacredBark"],"picked":"Black Blood"}],"items_purged_floors":[5,36],"is_endless":false,"potions_floor_spawned":[2,11,14,16,18,24,27,28,33,37,41,54],"ascension_level":6}