{"gold_per_floor":[114,114,114,129,129,129,156,156,156,170,170,195,209,49,49,123,123,143,143,160,110,121,121,121],"floor_reached":24,"playtime":787,"items_purged":["Strike_B"],"score":562,"play_id":"0aea6189-bc10-4a44-af34-1d5087919615","local_time":"20190720025413","is_ascension_mode":true,"campfire_choices":[{"data":"Gash","floor":6,"key":"SMITH"},{"data":"Coolheaded","floor":11,"key":"SMITH"},{"data":"Loop","floor":15,"key":"SMITH"},{"floor":23,"key":"REST"}],"neow_cost":"NONE","seed_source_timestamp":626899744158600,"circlet_count":0,"master_deck":["AscendersBane","Strike_B","Strike_B","Defend_B","Defend_B","Defend_B","Defend_B","Zap+1","Dualcast","Gash+1","Hologram","Leap+1","Coolheaded+1","Beam Cell","Loop+1","Static Discharge","Creative AI","Gash","Necronomicurse","Conserve Battery+1","Cold Snap+1"],"relics":["Cracked Core","NeowsBlessing","Thread and Needle","Matryoshka","Ice Cream","Cursed Key","Necronomicon"],"potions_floor_usage":[12,16,18,24,24],"damage_taken":[{"damage":0,"enemies":"Small Slimes","floor":1,"turns":1},{"damage":0,"enemies":"Cultist","floor":4,"turns":1},{"damage":0,"enemies":"Gremlin Nob","floor":7,"turns":1},{"damage":0,"enemies":"2 Louse","floor":10,"turns":2},{"damage":0,"enemies":"Lagavulin","floor":12,"turns":6},{"damage":0,"enemies":"Exordium Wildlife","floor":13,"turns":3},{"damage":0,"enemies":"The Guardian","floor":16,"turns":12},{"damage":22,"enemies":"2 Thieves","floor":18,"turns":4},{"damage":29,"enemies":"Chosen","floor":20,"turns":6},{"damage":2,"enemies":"Centurion and Healer","floor":22,"turns":9},{"damage":27,"enemies":"3 Cultists","floor":24,"turns":5}],"seed_played":"-7427843249430157038","potions_obtained":[{"floor":10,"key":"GamblersBrew"},{"floor":12,"key":"FairyPotion"},{"floor":13,"key":"SpeedPotion"},{"floor":16,"key":"Block Potion"},{"floor":20,"key":"Fire Potion"},{"floor":22,"key":"Weak Potion"}],"is_trial":false,"path_per_floor":["M","?","$","M","?","R","E","?","T","M","R","E","M","$","R","B",null,"M","?","M","?","M","R","M"],"character_chosen":"DEFECT","items_purchased":["Static Discharge"],"campfire_rested":1,"item_purchase_floors":[14],"current_hp_per_floor":[64,64,64,64,64,64,64,64,64,64,64,64,64,64,64,64,69,47,26,7,7,5,26,0],"gold":121,"neow_bonus":"THREE_ENEMY_KILL","is_prod":false,"is_daily":false,"chose_seed":false,"campfire_upgraded":3,"win_rate":0,"timestamp":1563584053,"path_taken":["M","?","$","?","?","R","E","?","T","?","R","E","M","$","R","BOSS","M","?","M","?","M","R","?"],"build_version":"2019-07-17","purchased_purges":1,"victory":false,"max_hp_per_floor":[71,71,71,71,71,71,71,71,71,71,71,71,71,71,71,71,71,71,71,71,71,71,71,71],"card_choices":[{"not_picked":["Streamline","Redo"],"picked":"Gash","floor":1},{"not_picked":["Force Field","Steam"],"picked":"Hologram","floor":4},{"not_picked":["Darkness","Go for the Eyes"],"picked":"Leap","floor":7},{"not_picked":["Barrage","Hologram"],"picked":"Coolheaded","floor":10},{"not_picked":["Stack","Lockon"],"picked":"Beam Cell","floor":12},{"not_picked":["Rip and Tear","Multi-Cast"],"picked":"Loop","floor":13},{"not_picked":["Machine Learning","Amplify"],"picked":"Creative AI","floor":16},{"not_picked":["Coolheaded+1","Leap"],"picked":"Gash","floor":18},{"not_picked":["Compile Driver","Stack"],"picked":"Conserve Battery+1","floor":20},{"not_picked":["BootSequence","Chaos"],"picked":"Cold Snap+1","floor":22}],"player_experience":1704508,"relics_obtained":[{"floor":7,"key":"Thread and Needle"},{"floor":9,"key":"Matryoshka"},{"floor":12,"key":"Ice Cream"},{"floor":19,"key":"Necronomicon"}],"event_choices":[{"damage_healed":0,"gold_gain":0,"player_choice":"Forge","damage_taken":0,"max_hp_gain":0,"max_hp_loss":0,"event_name":"Accursed Blacksmith","floor":2,"gold_loss":0,"cards_upgraded":["Zap"]},{"cards_removed":["Strike_B"],"damage_healed":0,"gold_gain":0,"player_choice":"Forget","damage_taken":0,"max_hp_gain":0,"max_hp_loss":0,"event_name":"Living Wall","floor":5,"gold_loss":0},{"damage_healed":0,"gold_gain":0,"player_choice":"Upgraded","damage_taken":0,"max_hp_gain":0,"max_hp_loss":0,"event_name":"Upgrade Shrine","floor":8,"gold_loss":0,"cards_upgraded":["Leap"]},{"damage_healed":0,"gold_gain":0,"player_choice":"Obtained Book","damage_taken":21,"max_hp_gain":0,"max_hp_loss":0,"event_name":"Cursed Tome","floor":19,"gold_loss":0},{"damage_healed":0,"gold_gain":0,"player_choice":"Bet on Owner","damage_taken":0,"max_hp_gain":0,"max_hp_loss":0,"event_name":"The Joust","floor":21,"gold_loss":50}],"is_beta":false,"boss_relics":[{"not_picked":["Velvet Choker","Calling Bell"],"picked":"Cursed Key"}],"items_purged_floors":[14],"is_endless":false,"potions_floor_spawned":[10,12,13,16,20,22],"killed_by":"3 Cultists","ascension_level":17}