{"gold_per_floor":[118,130,130,130,140,140,8,8,35,35,50,63,93,113,113,113],"floor_reached":16,"playtime":515,"items_purged":["Strike_R"],"score":303,"play_id":"c2f741f2-328e-4a12-bcce-b5b3190620d2","local_time":"20190702200220","is_ascension_mode":true,"campfire_choices":[{"data":"Uppercut","floor":6,"key":"SMITH"},{"data":"Armaments","floor":8,"key":"SMITH"},{"data":"Rampage","floor":10,"key":"SMITH"},{"floor":15,"key":"REST"}],"neow_cost":"PERCENT_DAMAGE","seed_source_timestamp":1281146072180900,"circlet_count":0,"master_deck":["AscendersBane","Strike_R","Strike_R","Defend_R","Defend_R","Defend_R","Defend_R","Bash","Uppercut+1","Thunderclap","Rampage+1","Armaments+1","Feed","Clash","Double Tap"],"relics":["Burning Blood","Regal Pillow","Omamori","Odd Mushroom"],"potions_floor_usage":[12,16],"damage_taken":[{"damage":7,"enemies":"Small Slimes","floor":1,"turns":4},{"damage":7,"enemies":"2 Louse","floor":2,"turns":3},{"damage":6,"enemies":"Jaw Worm","floor":5,"turns":3},{"damage":11,"enemies":"2 Fungi Beasts","floor":11,"turns":3},{"damage":9,"enemies":"Large Slime","floor":12,"turns":5},{"damage":22,"enemies":"Lagavulin","floor":13,"turns":7},{"damage":34,"enemies":"The Mushroom Lair","floor":14,"turns":4}],"seed_played":"5282814843162110514","potions_obtained":[{"floor":1,"key":"EssenceOfSteel"},{"floor":13,"key":"Dexterity Potion"}],"is_trial":false,"path_per_floor":["M","M","?","?","M","R","$","R","T","R","M","M","E","?","R","B"],"character_chosen":"IRONCLAD","items_purchased":["Armaments"],"campfire_rested":1,"item_purchase_floors":[7],"current_hp_per_floor":[63,62,55,55,55,55,55,55,55,55,50,50,34,9,52,0],"gold":113,"neow_bonus":"TWENTY_PERCENT_HP_BONUS","is_prod":false,"is_daily":false,"chose_seed":false,"campfire_upgraded":3,"win_rate":0,"timestamp":1562090540,"path_taken":["M","M","?","?","M","R","$","R","T","R","M","M","E","?","R","BOSS"],"build_version":"2019-07-01","purchased_purges":1,"victory":false,"max_hp_per_floor":[89,89,89,89,89,89,89,89,89,89,89,92,92,95,95,95],"card_choices":[{"not_picked":["Burning Pact","Thunderclap"],"picked":"Uppercut","floor":1},{"not_picked":["Cleave","Carnage"],"picked":"Thunderclap","floor":2},{"not_picked":["Cleave","Havoc"],"picked":"Rampage","floor":5},{"not_picked":["Clash","Cleave"],"picked":"Feed","floor":11},{"not_picked":["Havoc","Armaments"],"picked":"Clash","floor":12},{"not_picked":["Evolve","Flex"],"picked":"Double Tap","floor":13}],"player_experience":1548583,"relics_obtained":[{"floor":9,"key":"Regal Pillow"},{"floor":13,"key":"Omamori"},{"floor":14,"key":"Odd Mushroom"}],"event_choices":[{"cards_removed":["Strike_R"],"damage_healed":0,"gold_gain":0,"player_choice":"Card Removal","damage_taken":7,"max_hp_gain":0,"max_hp_loss":0,"event_name":"Golden Wing","floor":3,"gold_loss":0},{"cards_removed":["Strike_R"],"damage_healed":0,"gold_gain":0,"player_choice":"Forget","damage_taken":0,"max_hp_gain":0,"max_hp_loss":0,"event_name":"Living Wall","floor":4,"gold_loss":0},{"damage_healed":0,"gold_gain":0,"player_choice":"Fought Mushrooms","damage_taken":0,"max_hp_gain":0,"max_hp_loss":0,"event_name":"Mushrooms","floor":14,"gold_loss":0}],"is_beta":false,"boss_relics":[],"items_purged_floors":[7],"is_endless":false,"potions_floor_spawned":[1,13],"killed_by":"The Guardian","ascension_level":17}