{"gold_per_floor":[14,14,27,42,42,42,61,61,108,171,4,16,35,53,53,156,156,171,189,16,34,51,51,82,82,82,101,120,135,135,12,12,107,107,122,137,12,94,146,146,163,438,438,438,452,452],"floor_reached":46,"playtime":2775,"items_purged":["Strike_G","Strike_G","Strike_G"],"score":1069,"play_id":"593d8dc1-a2a9-4234-b5a1-069e8bb30c01","local_time":"20190225042624","is_ascension_mode":true,"campfire_choices":[{"data":"Neutralize","floor":6,"key":"SMITH"},{"data":"Dagger Spray","floor":8,"key":"SMITH"},{"data":"Apotheosis","floor":15,"key":"SMITH"},{"floor":23,"key":"REST"},{"data":"Skewer","floor":25,"key":"SMITH"},{"data":"Wraith Form v2","floor":30,"key":"SMITH"},{"floor":32,"key":"REST"},{"data":"Footwork","floor":40,"key":"SMITH"},{"floor":44,"key":"REST"}],"neow_cost":"NO_GOLD","seed_source_timestamp":0,"circlet_count":0,"master_deck":["AscendersBane","Defend_G+1","Defend_G","Defend_G","Defend_G","Defend_G","Strike_G","Strike_G","Survivor","Neutralize+1","Quick Slash","Dagger Spray+1","Choke","Slice","Blade Dance","Apotheosis+1","Dodge and Roll","Noxious Fumes","Sucker Punch","Wraith Form v2+1","Footwork+1","Flying Knee","Cloak And Dagger+1","Skewer+1","Flechettes+1","Malaise","Dagger Throw+1","Infinite Blades","Flying Knee+1","Backflip","Night Terror","PiercingWail","Catalyst+1","Dash","Regret","Bane"],"special_seed":0,"relics":["Ring of the Snake","Thread and Needle","Art of War","Tiny Chest","Snecko Eye","Gambling Chip","Regal Pillow","WristBlade","Darkstone Periapt","War Paint","Vajra"],"potions_floor_usage":[5,10,16,16,18,22,24,27,45,46],"damage_taken":[{"damage":0,"enemies":"2 Louse","floor":1,"turns":3},{"damage":0,"enemies":"Jaw Worm","floor":3,"turns":4},{"damage":0,"enemies":"Cultist","floor":4,"turns":4},{"damage":0,"enemies":"Red Slaver","floor":7,"turns":5},{"damage":16,"enemies":"3 Sentries","floor":10,"turns":6},{"damage":6,"enemies":"Exordium Wildlife","floor":12,"turns":5},{"damage":4,"enemies":"Large Slime","floor":13,"turns":5},{"damage":10,"enemies":"Red Slaver","floor":14,"turns":4},{"damage":6,"enemies":"Hexaghost","floor":16,"turns":9},{"damage":2,"enemies":"Spheric Guardian","floor":18,"turns":4},{"damage":0,"enemies":"3 Byrds","floor":19,"turns":4},{"damage":3,"enemies":"Snecko","floor":21,"turns":8},{"damage":28,"enemies":"Sentry and Sphere","floor":22,"turns":6},{"damage":0,"enemies":"Slavers","floor":24,"turns":4},{"damage":8,"enemies":"Centurion and Healer","floor":27,"turns":5},{"damage":5,"enemies":"Cultist and Chosen","floor":28,"turns":6},{"damage":0,"enemies":"Snake Plant","floor":29,"turns":6},{"damage":72,"enemies":"Automaton","floor":33,"turns":12},{"damage":0,"enemies":"Orb Walker","floor":35,"turns":3},{"damage":0,"enemies":"3 Shapes","floor":36,"turns":3},{"damage":60,"enemies":"Spire Growth","floor":41,"turns":8},{"damage":36,"enemies":"3 Darklings","floor":45,"turns":7},{"damage":13,"enemies":"Sphere and 2 Shapes","floor":46,"turns":5}],"seed_played":"2583188202263470004","potions_obtained":[{"floor":5,"key":"Fruit Juice"},{"floor":5,"key":"Block Potion"},{"floor":5,"key":"Ancient Potion"},{"floor":12,"key":"GamblersBrew"},{"floor":14,"key":"SkillPotion"},{"floor":16,"key":"GhostInAJar"},{"floor":22,"key":"Strength Potion"},{"floor":24,"key":"Energy Potion"},{"floor":27,"key":"SteroidPotion"},{"floor":35,"key":"Swift Potion"},{"floor":45,"key":"Block Potion"}],"is_trial":false,"path_per_floor":["M","?","M","M","?","R","M","R","T","E","$","M","M","M","R","B",null,"M","M","$","M","M","R","E","R","T","M","M","M","R","$","R","B",null,"M","M","$","T","T","R","M","?","T","R","M","M"],"character_chosen":"THE_SILENT","items_purchased":["Apotheosis","Cloak And Dagger","Energy Potion","Backflip"],"campfire_rested":3,"item_purchase_floors":[11,20,20,31],"current_hp_per_floor":[63,68,68,68,73,73,73,73,73,57,57,51,47,37,37,31,68,66,66,66,63,35,59,59,59,59,51,46,46,46,46,80,8,62,62,62,62,62,62,62,2,8,8,48,12,0],"gold":452,"neow_bonus":"ONE_RARE_RELIC","is_prod":false,"is_daily":false,"chose_seed":false,"campfire_upgraded":6,"win_rate":0,"timestamp":1551065184,"path_taken":["M","?","M","M","?","R","M","R","T","E","$","M","?","M","R","BOSS","M","M","$","M","M","R","E","R","T","M","M","M","R","$","R","BOSS","M","M","$","?","?","R","M","?","T","R","M","?"],"build_version":"2019-01-23","purchased_purges":3,"victory":false,"max_hp_per_floor":[70,75,75,75,80,80,80,80,80,80,80,80,80,80,80,80,80,80,80,80,80,80,80,80,80,80,80,80,80,80,80,80,80,80,80,80,80,80,80,80,80,86,86,86,86,86],"card_choices":[{"not_picked":["Blade Dance","Dodge and Roll"],"picked":"Quick Slash","floor":1},{"not_picked":["Prepared","Deflect"],"picked":"Dagger Spray","floor":3},{"not_picked":["Outmaneuver","Blade Dance"],"picked":"Choke","floor":4},{"not_picked":["Dagger Throw","Grand Finale"],"picked":"Slice","floor":7},{"not_picked":["Calculated Gamble","Catalyst"],"picked":"Blade Dance","floor":10},{"not_picked":["Caltrops","Tactician"],"picked":"Dodge and Roll","floor":12},{"not_picked":["Bane","Concentrate"],"picked":"Noxious Fumes","floor":13},{"not_picked":["Slice","Poisoned Stab"],"picked":"Sucker Punch","floor":14},{"not_picked":["Unload","Storm of Steel"],"picked":"Wraith Form v2","floor":16},{"not_picked":["Flying Knee","Choke"],"picked":"Footwork","floor":18},{"not_picked":["Setup","Backflip"],"picked":"Flying Knee","floor":19},{"not_picked":["Dagger Spray","Sucker Punch"],"picked":"Skewer","floor":21},{"not_picked":["Bane","Underhanded Strike+1"],"picked":"Flechettes+1","floor":22},{"not_picked":["Outmaneuver+1","Doppelganger"],"picked":"Malaise","floor":24},{"not_picked":["Setup","Dagger Spray"],"picked":"Dagger Throw+1","floor":27},{"not_picked":["Expertise","Terror"],"picked":"Infinite Blades","floor":28},{"not_picked":["Blade Dance","Cloak And Dagger"],"picked":"Flying Knee+1","floor":29},{"not_picked":["Wraith Form v2","Grand Finale"],"picked":"Night Terror","floor":33},{"not_picked":["Setup","Caltrops"],"picked":"PiercingWail","floor":35},{"not_picked":["Bane+1","Deadly Poison"],"picked":"Catalyst+1","floor":36},{"not_picked":["All Out Attack+1","Terror"],"picked":"Dash","floor":41},{"not_picked":["Outmaneuver","Slice"],"picked":"Bane","floor":45}],"player_experience":850323,"relics_obtained":[{"floor":9,"key":"Art of War"},{"floor":10,"key":"Tiny Chest"},{"floor":24,"key":"Gambling Chip"},{"floor":26,"key":"Regal Pillow"},{"floor":38,"key":"Darkstone Periapt"},{"floor":39,"key":"War Paint"},{"floor":43,"key":"Vajra"}],"event_choices":[{"damage_healed":0,"gold_gain":0,"player_choice":"Donut","damage_taken":0,"max_hp_gain":5,"max_hp_loss":0,"event_name":"Big Fish","floor":2,"gold_loss":0},{"damage_healed":0,"gold_gain":0,"player_choice":"Got Potions","damage_taken":0,"max_hp_gain":0,"max_hp_loss":0,"event_name":"Lab","floor":5,"gold_loss":0},{"damage_healed":0,"gold_gain":275,"player_choice":"Desecrate","damage_taken":0,"max_hp_gain":0,"max_hp_loss":0,"event_name":"Golden Shrine","floor":42,"gold_loss":0,"cards_obtained":["Regret"]}],"is_beta":false,"boss_relics":[{"not_picked":["Black Star","Ectoplasm"],"picked":"Snecko Eye"},{"not_picked":["Velvet Choker","Fusion Hammer"],"picked":"WristBlade"}],"items_purged_floors":[20,31,37],"is_endless":false,"potions_floor_spawned":[12,14,16,22,24,27,35,36,45],"killed_by":"Sphere and 2 Shapes","ascension_level":12}