{"gold_per_floor":[110,126,126,201,217,217,247,266,266,266,266,266,286,286,286,286],"floor_reached":16,"playtime":553,"items_purged":[],"score":190,"play_id":"faadefe7-c7ba-4fb8-ac56-5def563a8e9b","local_time":"20190807181410","is_ascension_mode":true,"campfire_choices":[{"data":"Metallicize","floor":6,"key":"SMITH"},{"data":"Armaments","floor":10,"key":"SMITH"},{"data":"Bash","floor":12,"key":"SMITH"},{"floor":15,"key":"REST"}],"neow_cost":"NONE","seed_source_timestamp":436657964328600,"circlet_count":0,"master_deck":["AscendersBane","Strike_R","Strike_R","Strike_R","Defend_R","Defend_R","Defend_R","Defend_R","Bash+1","Shrug It Off","Metallicize+1","Armaments+1","Rampage","Barricade","Offering"],"relics":["Burning Blood","Pen Nib","Vajra","Molten Egg 2","Nunchaku"],"potions_floor_usage":[7,16,16],"damage_taken":[{"damage":4,"enemies":"Small Slimes","floor":1,"turns":4},{"damage":4,"enemies":"2 Louse","floor":2,"turns":2},{"damage":10,"enemies":"Jaw Worm","floor":5,"turns":5},{"damage":31,"enemies":"Lagavulin","floor":7,"turns":7},{"damage":1,"enemies":"2 Fungi Beasts","floor":8,"turns":4},{"damage":11,"enemies":"3 Louse","floor":13,"turns":5},{"damage":32,"enemies":"Slime Boss","floor":16,"turns":8}],"seed_played":"-1688363787410127800","potions_obtained":[{"floor":1,"key":"SteroidPotion"},{"floor":2,"key":"Dexterity Potion"},{"floor":7,"key":"SteroidPotion"}],"is_trial":false,"path_per_floor":["M","M","?","?","M","R","E","M","T","R","?","R","M","?","R","B"],"character_chosen":"IRONCLAD","items_purchased":[],"campfire_rested":1,"item_purchase_floors":[],"current_hp_per_floor":[70,72,65,54,50,50,25,30,30,30,30,30,25,20,42,10],"gold":286,"neow_bonus":"RANDOM_COMMON_RELIC","is_prod":false,"is_daily":false,"chose_seed":false,"campfire_upgraded":3,"win_rate":0,"timestamp":1565194450,"path_taken":["M","M","?","?","M","R","E","M","T","R","?","R","?","?","R","BOSS"],"build_version":"2019-07-17","purchased_purges":0,"victory":false,"max_hp_per_floor":[75,75,75,75,75,75,75,75,75,75,75,75,75,75,75,75],"card_choices":[{"not_picked":["Wild Strike","Intimidate"],"picked":"Shrug It Off","floor":1},{"not_picked":["Rupture","Dropkick","Sword Boomerang"],"picked":"SKIP","floor":2},{"not_picked":["Pommel Strike","Sever Soul"],"picked":"Metallicize","floor":5},{"not_picked":["Shrug It Off","Blood for Blood"],"picked":"Armaments","floor":7},{"not_picked":["Havoc","Flex"],"picked":"Rampage","floor":8},{"not_picked":["Warcry","Wild Strike+1"],"picked":"Offering","floor":13}],"player_experience":1798473,"relics_obtained":[{"floor":7,"key":"Vajra"},{"floor":9,"key":"Molten Egg 2"}],"event_choices":[{"cards_removed":["Strike_R"],"damage_healed":0,"gold_gain":0,"player_choice":"Card Removal","damage_taken":7,"max_hp_gain":0,"max_hp_loss":0,"event_name":"Golden Wing","floor":3,"gold_loss":0},{"damage_healed":0,"gold_gain":75,"player_choice":"Gather Gold","damage_taken":11,"max_hp_gain":0,"max_hp_loss":0,"event_name":"World of Goop","floor":4,"gold_loss":0},{"damage_healed":0,"gold_gain":0,"cards_transformed":["Strike_R"],"player_choice":"Change","damage_taken":0,"max_hp_gain":0,"max_hp_loss":0,"event_name":"Living Wall","floor":11,"gold_loss":0,"cards_obtained":["Barricade"]},{"damage_healed":0,"gold_gain":0,"player_choice":"Success","damage_taken":5,"relics_obtained":["Nunchaku"],"max_hp_gain":0,"max_hp_loss":0,"event_name":"Scrap Ooze","floor":14,"gold_loss":0}],"is_beta":false,"boss_relics":[],"items_purged_floors":[],"is_endless":false,"potions_floor_spawned":[1,2,7],"killed_by":"Slime Boss","ascension_level":18}