{"path_per_floor":["M","$","?","M","?","E","M","M","T","M","R","M","?","$","R"],"character_chosen":"IRONCLAD","items_purchased":["Dramatic Entrance"],"gold_per_floor":[112,112,62,80,80,113,128,148,148,167,167,187,187,96,96,96],"floor_reached":16,"campfire_rested":1,"playtime":779,"current_hp_per_floor":[78,78,78,61,80,13,16,22,22,26,65,58,58,58,58,0],"items_purged":[],"gold":96,"score":148,"play_id":"144040d8-a7b2-4f12-93d5-8bf00362c3e2","local_time":"20180521195855","is_prod":false,"is_daily":false,"chose_seed":false,"is_ascension_mode":true,"campfire_upgraded":1,"timestamp":1526929135,"campfire_choices":[{"floor":11,"key":"REST"},{"data":"Entrench","floor":15,"key":"SMITH"}],"path_taken":["M","$","?","M","?","E","M","M","T","M","R","M","?","$","R","BOSS"],"build_version":"2018-05-17","seed_source_timestamp":0,"purchased_purges":0,"victory":false,"master_deck":["Strike_R","Strike_R","Strike_R","Strike_R","Defend_R","Defend_R","Defend_R","Defend_R","Bash","Shrug It Off","Disarm","Entrench+1","Body Slam","Iron Wave","Battle Trance","Dramatic Entrance"],"max_hp_per_floor":[80,80,80,80,80,80,80,80,80,80,80,80,80,80,80,80],"relics":["Burning Blood","Regal Pillow","Letter Opener","Charon\u0027s Ashes"],"card_choices":[{"not_picked":["Pummel","Infernal Blade"],"picked":"Shrug It Off","floor":1.0},{"not_picked":["Clash","Cleave"],"picked":"Disarm","floor":4},{"not_picked":["Carnage","Sword Boomerang"],"picked":"Entrench","floor":6},{"not_picked":["Burning Pact","Sword Boomerang"],"picked":"Body Slam","floor":7},{"not_picked":["Carnage","Clothesline"],"picked":"Iron Wave","floor":8},{"not_picked":["Twin Strike","Blood for Blood","Entrench"],"picked":"SKIP","floor":10},{"not_picked":["Clash","Feed"],"picked":"Battle Trance","floor":12}],"player_experience":383326,"potions_floor_usage":[8,16,16],"damage_taken":[{"damage":0.0,"enemies":"2 Louse","floor":1.0,"turns":3.0},{"damage":23,"enemies":"Jaw Worm","floor":4,"turns":5},{"damage":73,"enemies":"Lagavulin","floor":6,"turns":10},{"damage":3,"enemies":"Cultist","floor":7,"turns":4},{"damage":0,"enemies":"Large Slime","floor":8,"turns":7},{"damage":2,"enemies":"Blue Slaver","floor":10,"turns":6},{"damage":13,"enemies":"3 Louse","floor":12,"turns":4},{"damage":60,"enemies":"Hexaghost","floor":16,"turns":16}],"relics_obtained":[{"floor":6,"key":"Letter Opener"},{"floor":9,"key":"Charon\u0027s Ashes"}],"event_choices":[{"event_name":"The Cleric","player_choice":"Card Removal","floor":3,"damage_taken":0},{"event_name":"Big Fish","player_choice":"Banana","floor":5,"damage_taken":0},{"event_name":"Dead Adventurer","player_choice":"Searched \u00270\u0027 times","floor":13,"damage_taken":0}],"boss_relics":[],"potions_floor_spawned":[1,6,7,10],"seed_played":"9122244036852449969","killed_by":"Hexaghost","ascension_level":9,"potions_obtained":[{"floor":1.0,"key":"SteroidPotion"},{"floor":6,"key":"PowerPotion"},{"floor":7,"key":"Swift Potion"},{"floor":10,"key":"Dexterity Potion"}],"is_trial":false}