{"gold_per_floor":[10,10,10,27,45,45,45,45,45,45,65,140,140,154,154,228,228,239,227,227,227,277,277,292,292],"floor_reached":25,"playtime":780,"items_purged":[],"score":340,"play_id":"bb22d3a8-3601-41c6-8372-f83638dce7ec","local_time":"20190306033551","is_ascension_mode":true,"campfire_choices":[{"data":"Armaments","floor":6,"key":"SMITH"},{"data":"Bash","floor":10,"key":"SMITH"},{"data":"Clothesline","floor":13,"key":"SMITH"},{"data":"Rampage","floor":15,"key":"SMITH"},{"floor":23,"key":"REST"}],"neow_cost":"NO_GOLD","seed_source_timestamp":83468565435600,"circlet_count":0,"master_deck":["AscendersBane","Strike_R+1","Strike_R+1","Strike_R+1","Defend_R+1","Defend_R+1","Defend_R+1","Defend_R+1","Bash+1","Armaments+1","Clothesline+1","Headbutt","Clothesline","Rampage+1","Cleave","Limit Break","Flex","True Grit+1","RitualDagger","Body Slam"],"relics":["Burning Blood","Bottled Flame","Eternal Feather"],"potions_floor_usage":[14,14,18,19],"damage_taken":[{"damage":11,"enemies":"Cultist","floor":1,"turns":4},{"damage":4,"enemies":"Small Slimes","floor":4,"turns":4},{"damage":0,"enemies":"Jaw Worm","floor":5,"turns":3},{"damage":0,"enemies":"Large Slime","floor":11,"turns":5},{"damage":2,"enemies":"Exordium Thugs","floor":14,"turns":4},{"damage":20,"enemies":"The Guardian","floor":16,"turns":11},{"damage":45,"enemies":"3 Byrds","floor":18,"turns":7},{"damage":24,"enemies":"2 Thieves","floor":19,"turns":4},{"damage":39,"enemies":"Snake Plant","floor":24,"turns":6},{"damage":29,"enemies":"Centurion and Healer","floor":25,"turns":6}],"seed_played":"-8524890021025201703","potions_obtained":[{"floor":4,"key":"Weak Potion"},{"floor":5,"key":"EssenceOfSteel"},{"floor":11,"key":"AttackPotion"},{"floor":14,"key":"Explosive Potion"},{"floor":18,"key":"Block Potion"}],"is_trial":false,"path_per_floor":["M","?","?","M","M","R","$","?","T","R","M","?","R","M","R","B",null,"M","M","?","?","?","R","M","M"],"character_chosen":"IRONCLAD","items_purchased":[],"campfire_rested":1,"item_purchase_floors":[],"current_hp_per_floor":[83,64,57,59,65,65,65,65,65,65,71,60,60,64,64,50,85,46,28,28,22,22,59,26,0],"gold":292,"neow_bonus":"TWENTY_PERCENT_HP_BONUS","is_prod":false,"is_daily":false,"chose_seed":false,"campfire_upgraded":4,"win_rate":0,"timestamp":1551839751,"path_taken":["M","?","?","M","M","R","$","?","T","R","M","?","R","M","R","BOSS","M","M","?","?","?","R","M","M"],"build_version":"2019-01-23","purchased_purges":0,"victory":false,"max_hp_per_floor":[96,96,96,96,96,96,96,96,96,96,96,96,96,96,96,96,96,96,96,96,96,96,96,96,96],"card_choices":[{"not_picked":["Sword Boomerang","Blood for Blood"],"picked":"Armaments","floor":1},{"not_picked":["Heavy Blade","Rupture"],"picked":"Clothesline","floor":4},{"not_picked":["Iron Wave","Havoc"],"picked":"Headbutt","floor":5},{"not_picked":["Dual Wield","Armaments"],"picked":"Rampage","floor":11},{"not_picked":["Body Slam","Disarm"],"picked":"Cleave","floor":14},{"not_picked":["Immolate","Brutality"],"picked":"Limit Break","floor":16},{"not_picked":["Cleave","Wild Strike"],"picked":"Flex","floor":18},{"not_picked":["Cleave","Body Slam"],"picked":"True Grit+1","floor":19},{"not_picked":["Anger","Searing Blow"],"picked":"Body Slam","floor":24}],"player_experience":937250,"relics_obtained":[{"floor":9,"key":"Bottled Flame"}],"event_choices":[{"damage_healed":0,"gold_gain":0,"player_choice":"Entered Light","damage_taken":19,"max_hp_gain":0,"max_hp_loss":0,"event_name":"Shining Light","floor":2,"gold_loss":0,"cards_upgraded":["Strike_R","Strike_R"]},{"cards_removed":["Strike_R"],"damage_healed":0,"gold_gain":0,"player_choice":"Card Removal","damage_taken":7,"max_hp_gain":0,"max_hp_loss":0,"event_name":"Golden Wing","floor":3,"gold_loss":0},{"damage_healed":0,"gold_gain":0,"cards_transformed":["Strike_R"],"player_choice":"Change","damage_taken":0,"max_hp_gain":0,"max_hp_loss":0,"event_name":"Living Wall","floor":8,"gold_loss":0,"cards_obtained":["Clothesline"]},{"damage_healed":0,"gold_gain":75,"player_choice":"Gather Gold","damage_taken":11,"max_hp_gain":0,"max_hp_loss":0,"event_name":"World of Goop","floor":12,"gold_loss":0},{"damage_healed":0,"gold_gain":0,"player_choice":"Simplicity","damage_taken":0,"max_hp_gain":0,"max_hp_loss":0,"event_name":"Back to Basics","floor":20,"gold_loss":0,"cards_upgraded":["Strike_R","Defend_R","Defend_R","Defend_R","Defend_R"]},{"damage_healed":0,"gold_gain":0,"player_choice":"Joined the Cult","damage_taken":6,"max_hp_gain":0,"max_hp_loss":0,"event_name":"Nest","floor":21,"gold_loss":0,"cards_obtained":["RitualDagger"]},{"damage_healed":0,"gold_gain":100,"player_choice":"Bet on Murderer","damage_taken":0,"max_hp_gain":0,"max_hp_loss":0,"event_name":"The Joust","floor":22,"gold_loss":50}],"is_beta":false,"boss_relics":[{"not_picked":["Runic Pyramid","Ectoplasm"],"picked":"Eternal Feather"}],"items_purged_floors":[],"is_endless":false,"potions_floor_spawned":[4,5,11,14,18],"killed_by":"Centurion and Healer","ascension_level":13}