{"path_per_floor":["M","?","?","$","M","E","?","R","T","R","M","E","M","M","R","B",null,"M","?","?","?","?","R","M","M","T","R","E","M","$","M","R","B",null,"M","M","$","M"],"character_chosen":"IRONCLAD","items_purchased":["Happy Flower"],"gold_per_floor":[217,217,217,61,73,102,177,177,177,177,193,218,235,254,254,355,355,295,295,195,195,195,195,195,195,195,195,195,195,120,120,120,120,120,120,120,120,120],"floor_reached":39,"campfire_rested":4,"playtime":1493,"current_hp_per_floor":[75,68,52,52,58,20,9,33,33,57,55,43,40,46,46,32,68,55,55,55,39,39,39,33,35,35,59,41,16,16,18,42,24,66,59,50,50,24],"items_purged":["Decay"],"gold":120,"score":487,"play_id":"e2c884fd-d525-466e-94b1-c5ff5d9a61db","is_prod":false,"is_daily":false,"is_ascension_mode":true,"campfire_upgraded":2,"path_taken":["M","?","?","$","M","E","?","R","T","R","M","E","M","M","R","BOSS","M","?","?","?","?","R","M","M","T","R","E","?","$","M","R","BOSS","M","M","$","M","M"],"build_version":"2018-02-15-PROD1","purchased_purges":2,"victory":false,"master_deck":["Strike_R+1","Strike_R+1","Strike_R+1","Strike_R+1","Defend_R+1","Defend_R+1","Defend_R+1","Defend_R+1","Bash+1","Flex+1","Double Tap+1","Inflame","Thunderclap","Heavy Blade+1","J.A.X.+1","Spot Weakness","Twin Strike+1","Berserk","Clothesline+1","Armaments+1"],"max_hp_per_floor":[80,80,80,80,80,80,80,80,80,80,80,80,80,80,80,80,80,80,80,80,80,80,80,80,80,80,80,80,80,80,80,80,80,80,80,80,80,80],"relics":["Burning Blood","Happy Flower","War Paint","Torii","Ectoplasm","Nilry\u0027s Codex","Bronze Scales","Tiny Chest","Sozu"],"card_choices":[{"not_picked":["Havoc","Clothesline"],"picked":"Flex"},{"not_picked":["Pummel","Combust"],"picked":"Double Tap"},{"not_picked":["Reckless Charge","Power Through"],"picked":"Inflame"},{"not_picked":["Sword Boomerang","Warcry"],"picked":"Thunderclap"},{"not_picked":["Thunderclap","Clash"],"picked":"Heavy Blade"},{"not_picked":["Clothesline","Armaments"],"picked":"Spot Weakness"},{"not_picked":["Feel No Pain","True Grit"],"picked":"Twin Strike"},{"not_picked":["Barricade","Dark Embrace"],"picked":"Berserk"},{"not_picked":["Anger","Thunderclap"],"picked":"Clothesline"},{"not_picked":["Spot Weakness","Perfected Strike"],"picked":"Armaments"}],"player_experience":227711,"potions_floor_usage":[16,16,16,33,33,33],"damage_taken":[{"damage":3,"enemies":"2 Louse","floor":1,"turns":3},{"damage":0,"enemies":"Jaw Worm","floor":5,"turns":3},{"damage":44,"enemies":"Lagavulin","floor":6,"turns":6},{"damage":8,"enemies":"Small Slimes","floor":11,"turns":2},{"damage":18,"enemies":"Gremlin Nob","floor":12,"turns":3},{"damage":9,"enemies":"Exordium Wildlife","floor":13,"turns":5},{"damage":0,"enemies":"2 Fungi Beasts","floor":14,"turns":3},{"damage":20,"enemies":"The Guardian","floor":16,"turns":12},{"damage":19,"enemies":"2 Thieves","floor":18,"turns":4},{"damage":12,"enemies":"Shell Parasite","floor":24,"turns":2},{"damage":4,"enemies":"Chosen and Byrds","floor":25,"turns":5},{"damage":24,"enemies":"Book of Stabbing","floor":28,"turns":3},{"damage":31,"enemies":"Slaver and Parasite","floor":29,"turns":3},{"damage":4,"enemies":"Sentry and Sphere","floor":31,"turns":3},{"damage":36,"enemies":"Collector","floor":33,"turns":5},{"damage":13,"enemies":"Orb Walker","floor":35,"turns":4},{"damage":15,"enemies":"3 Shapes","floor":36,"turns":3},{"damage":32,"enemies":"3 Darklings","floor":38,"turns":4},{"damage":32,"enemies":"Sphere and 2 Shapes","floor":39,"turns":2}],"event_choices":[{"event_name":"Golden Wing","player_choice":"Card Removal","floor":2,"damage_taken":0},{"event_name":"Shining Light","player_choice":"Entered Light","floor":3,"damage_taken":0},{"event_name":"World of Goop","player_choice":"Gather Gold","floor":7,"damage_taken":0},{"event_name":"Back to Basics","player_choice":"Simplicity","floor":19,"damage_taken":0},{"event_name":"Drug Dealer","player_choice":"Got JAXXED","floor":20,"damage_taken":0},{"event_name":"Cursed Tome","player_choice":"Obtained Book","floor":21,"damage_taken":0},{"event_name":"Forgotten Altar","player_choice":"Smashed Altar","floor":22,"damage_taken":0}],"boss_relics":[{"not_picked":["Runic Pyramid","Calling Bell"],"picked":"Ectoplasm"},{"not_picked":["Black Star","Orrery"],"picked":"Sozu"}],"potions_floor_spawned":[6,11,12,14,18,29,31],"seed_played":"4503034235247242067","killed_by":"Sphere and 2 Shapes","ascension_level":7,"is_trial":false}