{"gold_per_floor":[110,110,16,34,50,78,78,98,98,98,110,110,120,135,135,238,238,248,14,26,26,26,26,61,160,160,172,172,172,172,56,56,158,158,177,69,124,124,124,124,134,134,134,148,0,18,18,29,29,29],"floor_reached":51,"playtime":1870,"items_purged":["Strike_B","Shame"],"score":740,"play_id":"fa1a9f95-7148-4838-ab01-82897ee8ca26","local_time":"20191014042649","is_ascension_mode":false,"campfire_choices":[{"data":"Discovery","floor":7.0,"key":"SMITH"},{"data":"Self Repair","floor":12.0,"key":"SMITH"},{"data":"Hologram","floor":15.0,"key":"SMITH"},{"data":"Rainbow","floor":23.0,"key":"SMITH"},{"data":"Reboot","floor":28.0,"key":"SMITH"},{"data":"Sunder","floor":30.0,"key":"SMITH"},{"floor":32.0,"key":"REST"},{"data":"Capacitor","floor":40.0,"key":"SMITH"},{"data":"Capacitor","floor":42.0,"key":"SMITH"},{"floor":49,"key":"DIG"}],"neow_cost":"NONE","seed_source_timestamp":32366656062699,"circlet_count":0,"master_deck":["Strike_B+1","Defend_B+1","Defend_B+1","Defend_B+1","Zap+1","Dualcast","Self Repair+1","Discovery+1","Hologram+1","Hologram+1","Reboot+1","Turbo","Rebound","Ball Lightning","Capacitor+1","Rainbow+1","Hologram+1","Sunder","Double Energy","Sunder+1","Stack","Leap","All For One","Electrodynamics","Echo Form","Turbo","Capacitor+1","Rebound+1","Stack+1","Hologram+1","Doom and Gloom","Meteor Strike","Hello World"],"special_seed":0,"relics":["Cracked Core","NeowsBlessing","Mango","StrikeDummy","Snecko Eye","InkBottle","Ginger","The Courier","Runic Dome","Unceasing Top","Shovel","Oddly Smooth Stone","White Beast Statue","Strawberry"],"potions_floor_usage":[50,50,50],"damage_taken":[{"damage":0.0,"enemies":"Small Slimes","floor":1.0,"turns":1.0},{"damage":0.0,"enemies":"Cultist","floor":4.0,"turns":1.0},{"damage":0.0,"enemies":"Jaw Worm","floor":5.0,"turns":1.0},{"damage":18.0,"enemies":"Lagavulin","floor":6.0,"turns":6.0},{"damage":13.0,"enemies":"Large Slime","floor":8.0,"turns":6.0},{"damage":2.0,"enemies":"Blue Slaver","floor":11.0,"turns":3.0},{"damage":5.0,"enemies":"Looter","floor":13.0,"turns":5.0},{"damage":0.0,"enemies":"Large Slime","floor":14.0,"turns":2.0},{"damage":21.0,"enemies":"Slime Boss","floor":16.0,"turns":8.0},{"damage":21.0,"enemies":"Chosen","floor":18.0,"turns":5.0},{"damage":8.0,"enemies":"2 Thieves","floor":20.0,"turns":4.0},{"damage":24.0,"enemies":"Gremlin Leader","floor":24.0,"turns":6.0},{"damage":34.0,"enemies":"Shelled Parasite and Fungi","floor":27.0,"turns":5.0},{"damage":10.0,"enemies":"Champ","floor":33.0,"turns":4.0},{"damage":6.0,"enemies":"Orb Walker","floor":35.0,"turns":2.0},{"damage":27.0,"enemies":"2 Orb Walkers","floor":37.0,"turns":4.0},{"damage":0.0,"enemies":"3 Shapes","floor":41.0,"turns":4.0},{"damage":38.0,"enemies":"Maw","floor":44.0,"turns":7.0},{"damage":3.0,"enemies":"Spire Growth","floor":46.0,"turns":4.0},{"damage":19,"enemies":"Jaw Worm Horde","floor":48,"turns":3},{"damage":4,"enemies":"Donu and Deca","floor":50,"turns":6}],"seed_played":"2112498894084757995","potions_obtained":[{"floor":4.0,"key":"Explosive Potion"},{"floor":5.0,"key":"EssenceOfDarkness"},{"floor":6.0,"key":"Weak Potion"},{"floor":14.0,"key":"LiquidBronze"},{"floor":16.0,"key":"Ancient Potion"},{"floor":27.0,"key":"Weak Potion"},{"floor":35.0,"key":"Regen Potion"},{"floor":48,"key":"PotionOfCapacity"}],"is_trial":false,"path_per_floor":["M","?","$","M","M","E","R","M","T","?","M","R","M","M","R","B",null,"M","$","M","?","?","R","E","?","T","M","R","?","R","$","R","B",null,"M","$","?","?","?","R","M","R","T","M","$","M","T","M","R","B",null],"character_chosen":"DEFECT","items_purchased":["Discovery","Sunder","Double Energy","Electrodynamics","Capacitor","Doom and Gloom","Oddly Smooth Stone"],"campfire_rested":1,"item_purchase_floors":[3,19,19,31,36,45,45],"current_hp_per_floor":[75,75,75,75,75,78,78,72,72,54,59,59,64,74,74,63,89,78,78,80,80,80,80,66,66,66,42,42,42,42,42,68,68,89,89,89,72,72,72,72,82,82,82,54,54,73,73,64,71,77],"gold":29,"neow_bonus":"THREE_ENEMY_KILL","is_prod":false,"is_daily":false,"chose_seed":false,"campfire_upgraded":8,"win_rate":0,"timestamp":1571048809,"path_taken":["M","?","$","?","M","E","R","M","T","?","M","R","M","M","R","BOSS","M","$","M","?","?","R","E","?","T","M","R","?","R","$","R","BOSS","M","$","?","?","?","R","M","R","T","M","$","M","?","M","R","BOSS"],"build_version":"2019-10-11","purchased_purges":2,"victory":true,"max_hp_per_floor":[75,75,75,75,75,89,89,89,89,89,89,89,89,89,89,89,89,89,89,89,89,89,89,89,89,89,89,89,89,89,89,89,89,89,89,89,89,89,89,89,89,89,89,89,89,89,89,89,96,96],"card_choices":[{"not_picked":["Leap","Compile Driver"],"picked":"Self Repair","floor":1.0},{"not_picked":["Lockon","Streamline"],"picked":"Hologram","floor":4.0},{"not_picked":["Turbo","Stack"],"picked":"Hologram","floor":5.0},{"not_picked":["Conserve Battery","Tempest"],"picked":"Reboot","floor":6.0},{"not_picked":["Barrage","Gash"],"picked":"Turbo","floor":8.0},{"not_picked":["Streamline","Go for the Eyes"],"picked":"Rebound","floor":11.0},{"not_picked":["Chaos","Darkness"],"picked":"Ball Lightning","floor":13.0},{"not_picked":["Go for the Eyes","Sweeping Beam"],"picked":"Capacitor","floor":14.0},{"not_picked":["Creative AI","Core Surge"],"picked":"Rainbow","floor":16.0},{"not_picked":["Turbo","Cold Snap"],"picked":"Hologram+1","floor":18.0},{"not_picked":["Redo","Ball Lightning"],"picked":"Sunder","floor":20.0},{"not_picked":["Glacier","Hologram"],"picked":"All For One","floor":24.0},{"not_picked":["Coolheaded","Steam","Rebound"],"picked":"SKIP","floor":27.0},{"not_picked":["Rainbow","Machine Learning"],"picked":"Echo Form","floor":33.0},{"not_picked":["Ball Lightning","Rebound"],"picked":"Turbo","floor":35.0},{"not_picked":["Blizzard+1","Streamline"],"picked":"Rebound+1","floor":37.0},{"not_picked":["Storm+1","Ball Lightning"],"picked":"Stack+1","floor":41.0},{"not_picked":["Go for the Eyes","Steam"],"picked":"Hologram+1","floor":44.0},{"not_picked":["Gash+1","Cold Snap+1"],"picked":"Meteor Strike","floor":46.0},{"not_picked":["Gash","Steam"],"picked":"Hello World","floor":48}],"player_experience":1609372,"relics_obtained":[{"floor":6.0,"key":"Mango"},{"floor":9.0,"key":"StrikeDummy"},{"floor":24.0,"key":"Ginger"},{"floor":26.0,"key":"The Courier"},{"floor":37.0,"key":"Unceasing Top"},{"floor":43.0,"key":"Shovel"},{"floor":47.0,"key":"White Beast Statue"},{"floor":49,"key":"Strawberry"}],"event_choices":[{"damage_healed":0.0,"max_hp_gain":0.0,"max_hp_loss":0.0,"gold_gain":0.0,"event_name":"NoteForYourself","player_choice":"Ignored","floor":2.0,"gold_loss":0.0,"damage_taken":0.0},{"damage_healed":0.0,"max_hp_gain":0.0,"max_hp_loss":0.0,"gold_gain":0.0,"event_name":"Shining Light","player_choice":"Entered Light","floor":10.0,"gold_loss":0.0,"damage_taken":18.0,"cards_upgraded":["Zap","Hologram"]},{"damage_healed":0.0,"max_hp_gain":0.0,"max_hp_loss":0.0,"gold_gain":0.0,"cards_transformed":["Strike_B","Strike_B"],"event_name":"Drug Dealer","player_choice":"Became Test Subject","floor":21.0,"gold_loss":0.0,"damage_taken":0.0,"cards_obtained":["Stack","Leap"]},{"damage_healed":0.0,"max_hp_gain":0.0,"max_hp_loss":0.0,"gold_gain":0.0,"event_name":"Addict","player_choice":"Stole Relic","floor":22.0,"gold_loss":0.0,"damage_taken":0.0,"relics_obtained":["InkBottle"],"cards_obtained":["Shame"]},{"damage_healed":0.0,"max_hp_gain":0.0,"max_hp_loss":0.0,"gold_gain":99.0,"event_name":"Nest","player_choice":"Stole From Cult","floor":25.0,"gold_loss":0.0,"damage_taken":0.0},{"damage_healed":0.0,"max_hp_gain":0.0,"max_hp_loss":0.0,"gold_gain":0.0,"event_name":"Back to Basics","player_choice":"Simplicity","floor":29.0,"gold_loss":0.0,"damage_taken":0.0,"cards_upgraded":["Strike_B","Defend_B","Defend_B","Defend_B","Defend_B"]},{"damage_healed":0.0,"max_hp_gain":0.0,"max_hp_loss":0.0,"gold_gain":0.0,"event_name":"Mysterious Sphere","player_choice":"Fight","floor":37.0,"gold_loss":0.0,"damage_taken":0.0},{"cards_removed":["Defend_B"],"damage_healed":0.0,"max_hp_gain":0.0,"max_hp_loss":0.0,"gold_gain":0.0,"event_name":"Falling","player_choice":"Removed Skill","floor":38.0,"gold_loss":0.0,"damage_taken":0.0},{"damage_healed":0.0,"max_hp_gain":0.0,"max_hp_loss":0.0,"gold_gain":0.0,"event_name":"Tomb of Lord Red Mask","player_choice":"Ignored","floor":39.0,"gold_loss":0.0,"damage_taken":0.0}],"is_beta":true,"boss_relics":[{"not_picked":["SacredBark","Tiny House"],"picked":"Snecko Eye"},{"not_picked":["Velvet Choker","FrozenCore"],"picked":"Runic Dome"}],"items_purged_floors":[19,36],"is_endless":false,"potions_floor_spawned":[4,5,6,14,16,27,33,35,37,48],"ascension_level":0}