{"gold_per_floor":[111,127,27,40,40,40,74,74,99,99,131,141,141,316,316,416,416,400,411,411,10,30,57,57,89,89,102,102,201,201,225,225,225],"floor_reached":33,"playtime":1042,"items_purged":["Strike_B","Doubt"],"score":476,"play_id":"ee9dbabf-a391-41e2-bd3b-67c6efaa54bb","local_time":"20190219023216","is_ascension_mode":true,"campfire_choices":[{"data":"Zap","floor":6,"key":"SMITH"},{"data":"Melter","floor":8,"key":"SMITH"},{"floor":13,"key":"REST"},{"floor":15,"key":"REST"},{"floor":28,"key":"REST"},{"floor":32,"key":"REST"}],"neow_cost":"NONE","seed_source_timestamp":236097721100,"circlet_count":0,"master_deck":["AscendersBane","Strike_B+1","Strike_B","Strike_B+1","Defend_B","Defend_B","Defend_B","Defend_B","Zap+1","Dualcast","Multi-Cast","Melter+1","Go for the Eyes","Ball Lightning+1","Sweeping Beam+1","Compile Driver","Creative AI","Fusion","Rainbow","Leap","Chaos","Ghostly","Ghostly","Ghostly","Ghostly","Ghostly","Conserve Battery","Loop","Sunder","Static Discharge","Fusion+1","Coolheaded","Necronomicurse"],"relics":["Cracked Core","Whetstone","Oddly Smooth Stone","Letter Opener","Bag of Preparation","Sozu","Runic Capacitor","Ancient Tea Set","Boot","Bottled Lightning","Necronomicon","Juzu Bracelet"],"potions_floor_usage":[7,11,16],"damage_taken":[{"damage":4,"enemies":"Jaw Worm","floor":1,"turns":3},{"damage":0,"enemies":"2 Louse","floor":2,"turns":2},{"damage":0,"enemies":"Small Slimes","floor":4,"turns":3},{"damage":15,"enemies":"3 Sentries","floor":7,"turns":5},{"damage":15,"enemies":"Lagavulin","floor":11,"turns":3},{"damage":15,"enemies":"3 Louse","floor":12,"turns":2},{"damage":21,"enemies":"Slime Boss","floor":16,"turns":7},{"damage":27,"enemies":"2 Thieves","floor":18,"turns":4},{"damage":16,"enemies":"3 Byrds","floor":19,"turns":4},{"damage":0,"enemies":"Snake Plant","floor":22,"turns":5},{"damage":1,"enemies":"Gremlin Leader","floor":23,"turns":6},{"damage":9,"enemies":"Slavers","floor":25,"turns":6},{"damage":0,"enemies":"Sentry and Sphere","floor":27,"turns":4},{"damage":17,"enemies":"Automaton","floor":33,"turns":5}],"seed_played":"-3061665683407190926","potions_obtained":[{"floor":1,"key":"FearPotion"},{"floor":2,"key":"Block Potion"},{"floor":12,"key":"Explosive Potion"}],"is_trial":false,"path_per_floor":["M","M","$","M","?","R","E","R","T","?","E","M","R","?","R","B",null,"M","M","?","$","M","E","?","E","T","M","R","?","?","T","R","B"],"character_chosen":"DEFECT","items_purchased":["Ball Lightning","Runic Capacitor","Conserve Battery","Loop"],"campfire_rested":4,"item_purchase_floors":[3,21,21,21],"current_hp_per_floor":[64,64,64,64,49,49,34,34,34,31,16,1,23,23,45,24,62,35,19,19,19,19,18,18,9,9,9,20,20,4,4,15,0],"gold":225,"neow_bonus":"ONE_RANDOM_RARE_CARD","is_prod":false,"is_daily":false,"chose_seed":false,"campfire_upgraded":2,"win_rate":0,"timestamp":1550539936,"path_taken":["M","M","$","M","?","R","E","R","T","?","E","M","R","?","R","BOSS","M","M","?","$","M","E","?","E","T","?","R","?","?","?","R","BOSS"],"build_version":"2019-01-23","purchased_purges":2,"victory":false,"max_hp_per_floor":[75,75,75,75,75,75,75,75,75,75,75,75,75,75,75,75,75,75,75,37,37,37,37,37,37,37,37,37,37,37,37,37,37],"card_choices":[{"not_picked":["Hologram","Chill"],"picked":"Melter","floor":1},{"not_picked":["Scrape","Skim"],"picked":"Go for the Eyes","floor":2},{"not_picked":["Doom and Gloom","Stack"],"picked":"Sweeping Beam","floor":4},{"not_picked":["Rebound","Rip and Tear"],"picked":"Compile Driver","floor":7},{"not_picked":["Sunder","Rip and Tear"],"picked":"Creative AI","floor":11},{"not_picked":["Glacier","Rebound"],"picked":"Fusion","floor":12},{"not_picked":["Core Surge","Seek"],"picked":"Rainbow","floor":16},{"not_picked":["Sweeping Beam","Cold Snap"],"picked":"Leap","floor":18},{"not_picked":["Streamline","Lockon"],"picked":"Chaos","floor":19},{"not_picked":["Ball Lightning","Steam"],"picked":"Sunder","floor":22},{"not_picked":["Skim","Sunder"],"picked":"Static Discharge","floor":23},{"not_picked":["Beam Cell","Leap"],"picked":"Fusion+1","floor":25},{"not_picked":["Melter","Cold Snap"],"picked":"Coolheaded","floor":27}],"player_experience":792336,"relics_obtained":[{"floor":7,"key":"Whetstone"},{"floor":9,"key":"Oddly Smooth Stone"},{"floor":11,"key":"Bag of Preparation"},{"floor":23,"key":"Ancient Tea Set"},{"floor":25,"key":"Boot"},{"floor":26,"key":"Bottled Lightning"},{"floor":30,"key":"Necronomicon"},{"floor":31,"key":"Juzu Bracelet"}],"event_choices":[{"damage_healed":0,"gold_gain":0,"player_choice":"Entered Light","damage_taken":15,"max_hp_gain":0,"max_hp_loss":0,"event_name":"Shining Light","floor":5,"gold_loss":0,"cards_upgraded":["Strike_B","Strike_B"]},{"damage_healed":0,"gold_gain":0,"player_choice":"Success","damage_taken":3,"relics_obtained":["Letter Opener"],"max_hp_gain":0,"max_hp_loss":0,"event_name":"Scrap Ooze","floor":10,"gold_loss":0},{"damage_healed":0,"gold_gain":175,"player_choice":"AGREE","damage_taken":0,"max_hp_gain":0,"max_hp_loss":0,"event_name":"Liars Game","floor":14,"gold_loss":0,"cards_obtained":["Doubt"]},{"damage_healed":0,"gold_gain":0,"player_choice":"Became a Ghost","damage_taken":0,"max_hp_gain":0,"max_hp_loss":38,"event_name":"Ghosts","floor":20,"gold_loss":0,"cards_obtained":["Ghostly","Ghostly","Ghostly","Ghostly","Ghostly"]},{"damage_healed":0,"gold_gain":0,"player_choice":"Bought 0 Potions","damage_taken":0,"max_hp_gain":0,"max_hp_loss":0,"event_name":"The Woman in Blue","floor":24,"gold_loss":0},{"damage_healed":0,"gold_gain":99,"player_choice":"Stole From Cult","damage_taken":0,"max_hp_gain":0,"max_hp_loss":0,"event_name":"Nest","floor":29,"gold_loss":0},{"damage_healed":0,"gold_gain":0,"player_choice":"Obtained Book","damage_taken":16,"max_hp_gain":0,"max_hp_loss":0,"event_name":"Cursed Tome","floor":30,"gold_loss":0}],"is_beta":false,"boss_relics":[{"not_picked":["Tiny House","Fusion Hammer"],"picked":"Sozu"}],"items_purged_floors":[3,21],"is_endless":false,"potions_floor_spawned":[1,2,12,19,25],"killed_by":"Automaton","ascension_level":11}