{"gold_per_floor":[113,125,143,113,76,108,108,142,197,211,211,14,14,14,14,113,113,99,115,129,44,54,54,78,89,142,26,44,44],"floor_reached":29,"playtime":1587,"items_purged":[],"score":366,"play_id":"feab32ab-225f-4d42-9ba2-24a1eff3390d","local_time":"20180809204845","is_ascension_mode":true,"campfire_choices":[{"floor":7,"key":"REST"},{"data":"Crippling Poison","floor":11,"key":"SMITH"},{"data":"Sucker Punch","floor":13,"key":"SMITH"},{"data":"Footwork","floor":15,"key":"SMITH"},{"floor":23,"key":"REST"}],"neow_cost":"NONE","seed_source_timestamp":74392795231689,"circlet_count":0,"master_deck":["Survivor","Neutralize","Escape Plan","Crippling Poison","Footwork+1","Cloak And Dagger","Footwork","Crippling Poison+1","Cloak And Dagger","Sucker Punch+1","Parasite","Corpse Explosion","Predator","Deflect","Escape Plan","Underhanded Strike","Prepared","Footwork","Deflect","Footwork","Bane","Poisoned Stab","Caltrops","Skewer+1","Catalyst","Backflip+1","Dash"],"relics":["Ring of the Snake","Bronze Scales","Orichalcum","Potion Belt","Tiny Chest","Vajra","Pandora\u0027s Box","Bird Faced Urn","Centennial Puzzle","Ancient Tea Set"],"potions_floor_usage":[8,16,16,22],"damage_taken":[{"damage":1,"enemies":"2 Louse","floor":1,"turns":3},{"damage":0,"enemies":"Cultist","floor":2,"turns":5},{"damage":0,"enemies":"Jaw Worm","floor":3,"turns":6},{"damage":9,"enemies":"Looter","floor":4,"turns":4},{"damage":34,"enemies":"Gremlin Nob","floor":6,"turns":7},{"damage":21,"enemies":"Lagavulin","floor":8,"turns":11},{"damage":3,"enemies":"3 Louse","floor":10,"turns":5},{"damage":35,"enemies":"Slime Boss","floor":16,"turns":17},{"damage":2,"enemies":"2 Thieves","floor":18,"turns":4},{"damage":2,"enemies":"3 Byrds","floor":19,"turns":3},{"damage":20,"enemies":"Snake Plant","floor":20,"turns":4},{"damage":15,"enemies":"3 Cultists","floor":22,"turns":4},{"damage":25,"enemies":"Slaver and Parasite","floor":25,"turns":4},{"damage":13,"enemies":"Snake Plant","floor":28,"turns":5},{"damage":37,"enemies":"Slavers","floor":29,"turns":3}],"seed_played":"4743397560812513972","potions_obtained":[{"floor":1,"key":"Regen Potion"},{"floor":3,"key":"Dexterity Potion"},{"floor":8,"key":"Regen Potion"},{"floor":16,"key":"Dexterity Potion"},{"floor":20,"key":"AttackPotion"},{"floor":25,"key":"Poison Potion"},{"floor":28,"key":"Strength Potion"}],"is_trial":false,"path_per_floor":["M","M","M","M","$","E","R","E","T","M","R","$","R","?","R","B",null,"M","M","M","?","M","R","T","M","T","$","M"],"character_chosen":"THE_SILENT","items_purchased":["Footwork","Vajra","Sucker Punch","SpeedPotion","Dash"],"campfire_rested":2,"item_purchase_floors":[5,12,12,27,27],"current_hp_per_floor":[62,62,62,53,53,19,40,34,34,31,31,31,31,48,48,28,60,58,56,36,36,29,50,50,29,29,29,24,0],"gold":44,"neow_bonus":"RANDOM_COMMON_RELIC","is_prod":false,"is_daily":false,"chose_seed":false,"campfire_upgraded":3,"win_rate":0,"timestamp":1533844125,"path_taken":["M","M","M","M","$","E","R","E","T","M","R","$","R","?","R","BOSS","M","?","M","?","M","R","?","M","T","?","?","E"],"build_version":"2018-08-02","purchased_purges":0,"victory":false,"max_hp_per_floor":[70,70,70,70,70,70,70,70,70,70,70,70,70,70,70,70,70,70,70,70,70,70,70,70,70,70,70,70,70],"card_choices":[{"not_picked":["Deadly Poison","Terror"],"picked":"Escape Plan","floor":1},{"not_picked":["Deadly Poison","All Out Attack"],"picked":"Crippling Poison","floor":2},{"not_picked":["Escape Plan","Deadly Poison"],"picked":"Footwork","floor":3},{"not_picked":["Eviscerate","Dodge and Roll"],"picked":"Cloak And Dagger","floor":4},{"not_picked":["Prepared","Bane"],"picked":"Crippling Poison","floor":6},{"not_picked":["Cloak And Dagger","Night Terror","Expertise"],"picked":"SKIP","floor":8},{"not_picked":["Acrobatics","Expertise"],"picked":"Cloak And Dagger","floor":10},{"not_picked":["Burst","Unload"],"picked":"Corpse Explosion","floor":16},{"not_picked":["Quick Slash","Dodge and Roll"],"picked":"Caltrops","floor":18},{"not_picked":["Deadly Poison","Poisoned Stab"],"picked":"Skewer+1","floor":19},{"not_picked":["Cloak And Dagger","Leg Sweep+1"],"picked":"Catalyst","floor":20},{"not_picked":["Deadly Poison","Blade Dance","Choke"],"picked":"SKIP","floor":22},{"not_picked":["Outmaneuver+1","Bane"],"picked":"Backflip+1","floor":25},{"not_picked":["Deadly Poison","Quick Slash","Backflip"],"picked":"SKIP","floor":28}],"player_experience":553046,"relics_obtained":[{"floor":6,"key":"Orichalcum"},{"floor":8,"key":"Potion Belt"},{"floor":9,"key":"Tiny Chest"},{"floor":24,"key":"Centennial Puzzle"},{"floor":26,"key":"Ancient Tea Set"}],"event_choices":[{"event_name":"Mushrooms","player_choice":"Healed and dodged fight","floor":14,"damage_taken":0},{"event_name":"Addict","player_choice":"Obtained Relic","floor":21,"damage_taken":0}],"is_beta":false,"boss_relics":[{"not_picked":["Runic Dome","Fusion Hammer"],"picked":"Pandora\u0027s Box"}],"items_purged_floors":[],"is_endless":false,"potions_floor_spawned":[1,3,8,16,20,25,28],"killed_by":"Slavers","ascension_level":9}