{"gold_per_floor":[10,10,28,28,78,78,103,103,103,114,131,162,174,174,174,253,253,231,244,244,244],"floor_reached":21,"playtime":1050,"items_purged":[],"score":375,"play_id":"328f61c5-5caf-43fd-8d48-7bf44dfe4469","local_time":"20190701123457","is_ascension_mode":true,"campfire_choices":[{"data":"Neutralize","floor":6,"key":"SMITH"},{"data":"Venomology","floor":8,"key":"SMITH"},{"floor":15,"key":"REST"}],"neow_cost":"NO_GOLD","seed_source_timestamp":1167364790136700,"circlet_count":0,"master_deck":["AscendersBane","Survivor","Neutralize+1","Dagger Throw","PiercingWail","Poisoned Stab","Venomology+1","Bane","Dash","Skewer","Wraith Form v2","Corpse Explosion","Doppelganger","Glass Knife","Eviscerate","Outmaneuver","Venomology","Crippling Poison","Predator","Blur","Tactician","Bite","Bite","Bite","Bite","Bite"],"relics":["Ring of the Snake","Regal Pillow","Bottled Lightning","Pantograph","Pandora\u0027s Box"],"potions_floor_usage":[7,10,11,11,12,12,13,13,13,16,16,18,19,19,19,21],"damage_taken":[{"damage":11,"enemies":"Small Slimes","floor":1,"turns":5},{"damage":3,"enemies":"Cultist","floor":3,"turns":4},{"damage":22,"enemies":"Lagavulin","floor":7,"turns":8},{"damage":2,"enemies":"2 Louse","floor":10,"turns":2},{"damage":0,"enemies":"Exordium Wildlife","floor":11,"turns":5},{"damage":5,"enemies":"3 Sentries","floor":12,"turns":6},{"damage":8,"enemies":"Large Slime","floor":13,"turns":6},{"damage":45,"enemies":"The Guardian","floor":16,"turns":16},{"damage":16,"enemies":"2 Thieves","floor":18,"turns":4},{"damage":34,"enemies":"Shell Parasite","floor":19,"turns":6},{"damage":29,"enemies":"Shelled Parasite and Fungi","floor":21,"turns":3}],"seed_played":"-2144089199259182605","potions_obtained":[{"floor":3,"key":"SteroidPotion"},{"floor":10,"key":"Block Potion"},{"floor":11,"key":"Fire Potion"},{"floor":13,"key":"GhostInAJar"}],"is_trial":false,"path_per_floor":["M","?","M","$","?","R","E","R","T","M","M","E","M","?","R","B",null,"M","M","?","M"],"character_chosen":"THE_SILENT","items_purchased":[],"campfire_rested":1,"item_purchase_floors":[],"current_hp_per_floor":[48,48,45,45,39,39,17,17,17,15,15,10,2,2,36,16,54,38,4,4,0],"gold":244,"neow_bonus":"REMOVE_TWO","is_prod":false,"is_daily":false,"chose_seed":false,"campfire_upgraded":2,"win_rate":0,"timestamp":1561977297,"path_taken":["M","?","M","$","?","R","E","R","T","?","M","E","?","?","R","BOSS","M","M","?","M"],"build_version":"2019-01-23","purchased_purges":0,"victory":false,"max_hp_per_floor":[66,66,66,66,66,66,66,66,66,66,66,66,66,66,66,66,66,66,66,46,46],"card_choices":[{"not_picked":["Prepared","PiercingWail"],"picked":"Dagger Throw","floor":1},{"not_picked":["Sucker Punch","Outmaneuver"],"picked":"Poisoned Stab","floor":3},{"not_picked":["Backflip","Quick Slash"],"picked":"Venomology","floor":7},{"not_picked":["Setup","Accuracy"],"picked":"Bane","floor":10},{"not_picked":["Dagger Spray","Calculated Gamble"],"picked":"Dash","floor":11},{"not_picked":["Underhanded Strike","Deadly Poison"],"picked":"Skewer","floor":12},{"not_picked":["Heel Hook","Outmaneuver"],"picked":"Wraith Form v2","floor":13},{"not_picked":["Phantasmal Killer","Die Die Die"],"picked":"Corpse Explosion","floor":16},{"not_picked":["Eviscerate","Sucker Punch"],"picked":"Blur","floor":18},{"not_picked":["Masterful Stab","Riddle With Holes"],"picked":"Tactician","floor":19}],"player_experience":1547162,"relics_obtained":[{"floor":7,"key":"Regal Pillow"},{"floor":9,"key":"Bottled Lightning"},{"floor":12,"key":"Pantograph"}],"event_choices":[{"damage_healed":0,"gold_gain":0,"cards_transformed":["Strike_G"],"player_choice":"Change","damage_taken":0,"max_hp_gain":0,"max_hp_loss":0,"event_name":"Living Wall","floor":2,"gold_loss":0,"cards_obtained":["PiercingWail"]},{"damage_healed":0,"gold_gain":50,"player_choice":"Touch","damage_taken":6,"max_hp_gain":0,"max_hp_loss":0,"event_name":"FaceTrader","floor":5,"gold_loss":0},{"damage_healed":0,"gold_gain":0,"player_choice":"Fled","damage_taken":0,"max_hp_gain":0,"max_hp_loss":0,"event_name":"Scrap Ooze","floor":14,"gold_loss":0},{"damage_healed":0,"gold_gain":0,"player_choice":"Became a vampire","damage_taken":0,"max_hp_gain":0,"max_hp_loss":20,"event_name":"Vampires","floor":20,"gold_loss":0,"cards_obtained":["Bite","Bite","Bite","Bite","Bite"]}],"is_beta":false,"boss_relics":[{"not_picked":["Snecko Eye","Calling Bell"],"picked":"Pandora\u0027s Box"}],"items_purged_floors":[],"is_endless":false,"potions_floor_spawned":[3,10,11,13],"killed_by":"Shelled Parasite and Fungi","ascension_level":17}