{"gold_per_floor":[117,117,141,141,167,208,208,208,208,239,239,258,258,299,299,397,397,420,0,0,0,20,20,55,71,71,92,92,92,125,138,138,227,227,242,261,274,274],"floor_reached":38,"playtime":1633,"items_purged":["Injury"],"score":868,"play_id":"539e6eb3-c3eb-4349-bb7c-96d17dfc56dd","local_time":"20190521014251","is_ascension_mode":true,"campfire_choices":[{"data":"Whirlwind","floor":11,"key":"SMITH"},{"data":"Body Slam","floor":13,"key":"SMITH"},{"data":"Bash","floor":15,"key":"SMITH"},{"data":"Demon Form","floor":23,"key":"SMITH"},{"data":"Armaments","floor":28,"key":"SMITH"},{"data":"Seeing Red","floor":32,"key":"SMITH"}],"neow_cost":"NONE","seed_source_timestamp":612751952439500,"circlet_count":0,"master_deck":["AscendersBane","Bash+1","Headbutt","Flame Barrier","Body Slam+1","Thunderclap","Whirlwind+1","Shrug It Off","Demon Form+1","Clash","Corruption","Rampage","Juggernaut","Seeing Red+1","Inflame","Body Slam","Ghostly Armor","Sentinel","Armaments+1","Headbutt","Rampage+1","Reaper","Feel No Pain+1","Disarm","Barricade","Bloodletting+1","Entrench","Rage"],"relics":["Burning Blood","NeowsBlessing","Golden Idol","War Paint","Ice Cream","Matryoshka","Bag of Marbles","Shuriken","Anchor","Pocketwatch","Incense Burner","Blood Vial","Pandora\u0027s Box","Ginger","Girya","Gremlin Horn","PreservedInsect","Runic Pyramid"],"potions_floor_usage":[10,18,24,25,33,38],"damage_taken":[{"damage":0,"enemies":"Jaw Worm","floor":1,"turns":1},{"damage":0,"enemies":"2 Louse","floor":3,"turns":1},{"damage":0,"enemies":"Lagavulin","floor":6,"turns":1},{"damage":16,"enemies":"3 Sentries","floor":10,"turns":8},{"damage":0,"enemies":"Small Slimes","floor":12,"turns":1},{"damage":23,"enemies":"Gremlin Nob","floor":14,"turns":4},{"damage":10,"enemies":"The Guardian","floor":16,"turns":13},{"damage":22,"enemies":"Spheric Guardian","floor":18,"turns":5},{"damage":0,"enemies":"3 Byrds","floor":22,"turns":3},{"damage":26,"enemies":"Slavers","floor":24,"turns":3},{"damage":19,"enemies":"Snecko","floor":25,"turns":5},{"damage":0,"enemies":"Centurion and Healer","floor":27,"turns":6},{"damage":0,"enemies":"Gremlin Leader","floor":30,"turns":5},{"damage":4,"enemies":"Cultist and Chosen","floor":31,"turns":5},{"damage":66,"enemies":"Collector","floor":33,"turns":8},{"damage":39,"enemies":"3 Shapes","floor":35,"turns":5},{"damage":12,"enemies":"3 Darklings","floor":36,"turns":5},{"damage":22,"enemies":"4 Shapes","floor":37,"turns":4},{"damage":48,"enemies":"2 Orb Walkers","floor":38,"turns":3}],"seed_played":"-980951819825709359","potions_obtained":[{"floor":1,"key":"Fire Potion"},{"floor":3,"key":"Regen Potion"},{"floor":10,"key":"Regen Potion"},{"floor":22,"key":"BloodPotion"},{"floor":31,"key":"Ancient Potion"},{"floor":37,"key":"BloodPotion"}],"is_trial":false,"path_per_floor":["M","?","M","?","T","E","?","T","T","E","R","M","R","E","R","B",null,"M","$","?","?","M","R","E","M","T","M","R","?","E","M","R","B",null,"M","M","M","?"],"character_chosen":"IRONCLAD","items_purchased":["Ginger"],"campfire_rested":0,"item_purchase_floors":[19],"current_hp_per_floor":[74,74,75,75,75,75,64,64,64,69,69,75,75,58,58,56,70,56,56,56,49,57,57,46,49,49,57,57,57,65,69,69,11,59,28,24,28,0],"gold":274,"neow_bonus":"THREE_ENEMY_KILL","is_prod":false,"is_daily":false,"chose_seed":false,"campfire_upgraded":6,"win_rate":0,"timestamp":1558395771,"path_taken":["M","?","M","?","?","E","?","?","T","E","R","M","R","E","R","BOSS","M","$","?","?","M","R","E","?","T","M","R","?","E","M","R","BOSS","M","M","M","?"],"build_version":"2019-01-23","purchased_purges":1,"victory":false,"max_hp_per_floor":[75,75,75,75,75,75,75,75,75,75,75,75,75,75,75,75,75,75,75,75,75,75,75,75,75,75,75,75,75,75,75,75,75,75,75,75,75,75],"card_choices":[{"not_picked":["Combust","Thunderclap"],"picked":"Headbutt","floor":1},{"not_picked":["Pummel","Inflame"],"picked":"Flame Barrier","floor":3},{"not_picked":["Pummel","Blood for Blood"],"picked":"Thunderclap","floor":6},{"not_picked":["Sword Boomerang","Body Slam"],"picked":"Whirlwind","floor":10},{"not_picked":["Carnage","Warcry"],"picked":"Shrug It Off","floor":12},{"not_picked":["Cleave","Warcry","Wild Strike"],"picked":"SKIP","floor":14},{"not_picked":["Juggernaut","Impervious"],"picked":"Demon Form","floor":16},{"not_picked":["Corruption","Wild Strike"],"picked":"Sentinel","floor":18},{"not_picked":["Clothesline","Entrench","Hemokinesis"],"picked":"SKIP","floor":22},{"not_picked":["Spot Weakness","Rampage"],"picked":"Armaments","floor":24},{"not_picked":["Shrug It Off","Evolve"],"picked":"Headbutt","floor":25},{"not_picked":["Combust","Sword Boomerang"],"picked":"Rampage+1","floor":27},{"not_picked":["Searing Blow","Pommel Strike"],"picked":"Feel No Pain+1","floor":30},{"not_picked":["Warcry","Blood for Blood"],"picked":"Disarm","floor":31},{"not_picked":["Bludgeon","Impervious"],"picked":"Barricade","floor":33},{"not_picked":["Inflame","Hemokinesis"],"picked":"Bloodletting+1","floor":35},{"not_picked":["Cleave","Clothesline"],"picked":"Entrench","floor":36},{"not_picked":["Carnage","Clothesline"],"picked":"Rage","floor":37}],"player_experience":1182700,"relics_obtained":[{"floor":5,"key":"War Paint"},{"floor":6,"key":"Ice Cream"},{"floor":8,"key":"Bag of Marbles"},{"floor":8,"key":"Shuriken"},{"floor":9,"key":"Anchor"},{"floor":9,"key":"Pocketwatch"},{"floor":10,"key":"Incense Burner"},{"floor":14,"key":"Blood Vial"},{"floor":24,"key":"Girya"},{"floor":26,"key":"Gremlin Horn"},{"floor":30,"key":"PreservedInsect"}],"event_choices":[{"damage_healed":0,"gold_gain":0,"player_choice":"Take Wound","damage_taken":0,"relics_obtained":["Golden Idol"],"max_hp_gain":0,"max_hp_loss":0,"event_name":"Golden Idol","floor":2,"gold_loss":0,"cards_obtained":["Injury"]},{"damage_healed":0,"gold_gain":0,"cards_transformed":["Strike_R"],"player_choice":"Change","damage_taken":0,"max_hp_gain":0,"max_hp_loss":0,"event_name":"Living Wall","floor":4,"gold_loss":0,"cards_obtained":["Body Slam"]},{"damage_healed":0,"gold_gain":0,"player_choice":"Success","damage_taken":11,"relics_obtained":["Matryoshka"],"max_hp_gain":0,"max_hp_loss":0,"event_name":"Scrap Ooze","floor":7,"gold_loss":0},{"damage_healed":0,"gold_gain":0,"player_choice":"Ignored","damage_taken":0,"max_hp_gain":0,"max_hp_loss":0,"event_name":"Beggar","floor":20,"gold_loss":0},{"damage_healed":0,"gold_gain":0,"player_choice":"","damage_taken":7,"max_hp_gain":0,"max_hp_loss":0,"event_name":"Knowing Skull","floor":21,"potions_obtained":[],"gold_loss":0,"cards_obtained":[]},{"damage_healed":0,"gold_gain":0,"player_choice":"1 cards matched","damage_taken":0,"max_hp_gain":0,"max_hp_loss":0,"event_name":"Match and Keep!","floor":29,"gold_loss":0,"cards_obtained":["Reaper"]},{"damage_healed":0,"gold_gain":0,"player_choice":"Fight","damage_taken":0,"max_hp_gain":0,"max_hp_loss":0,"event_name":"Mysterious Sphere","floor":38,"gold_loss":0}],"is_beta":false,"boss_relics":[{"not_picked":["Cursed Key","Philosopher\u0027s Stone"],"picked":"Pandora\u0027s Box"},{"not_picked":["Black Blood","White Beast Statue"],"picked":"Runic Pyramid"}],"items_purged_floors":[19],"is_endless":false,"potions_floor_spawned":[1,3,10,22,31,37],"killed_by":"2 Orb Walkers","ascension_level":16}