{"gold_per_floor":[110,128,128,145,220,220,25,25,52,52,52,52,84,98,98,175,175,152,11,11,11,31,31,31,31,31,48,62,6,23,23,23,100,100,117,117,137,44,164,164,34,34,102,136,136,136,136,136],"floor_reached":48,"playtime":2157,"items_purged":["Strike_G","Defend_G"],"score":878,"play_id":"ddca61ef-f41b-4aee-9beb-c005183dcf87","local_time":"20190724222050","is_ascension_mode":true,"campfire_choices":[{"data":"Neutralize","floor":6,"key":"SMITH"},{"data":"Footwork","floor":8,"key":"SMITH"},{"data":"Bouncing Flask","floor":10,"key":"SMITH"},{"floor":15,"key":"REST"},{"data":"Burst","floor":23,"key":"SMITH"},{"data":"Crippling Poison","floor":25,"key":"SMITH"},{"floor":32,"key":"REST"},{"data":"Jack Of All Trades","floor":40,"key":"SMITH"},{"floor":42,"key":"REST"},{"floor":45,"key":"REST"}],"neow_cost":"PERCENT_DAMAGE","seed_source_timestamp":81197346167800,"circlet_count":0,"master_deck":["AscendersBane","Defend_G","Defend_G","Defend_G","Survivor","Neutralize+1","Dagger Spray+1","Blur","Dash","Footwork+1","Bouncing Flask+1","Leg Sweep","Crippling Poison+1","Burst+1","Underhanded Strike+1","Underhanded Strike+1","Noxious Fumes+1","Flying Knee","Catalyst","RitualDagger","Backflip","Writhe","Catalyst","Deadly Poison","Deadly Poison","Backflip","Wraith Form v2","Dodge and Roll+1","Jack Of All Trades+1","HandOfGreed","Flechettes","Well Laid Plans","Acrobatics","Setup","Noxious Fumes","Acrobatics","Slice+1","Madness","Madness"],"relics":["Ring of the Snake","Pocketwatch","Juzu Bracelet","Letter Opener","Astrolabe","Blue Candle","Meat on the Bone","Question Card","Lizard Tail","Torii","Bottled Tornado"],"potions_floor_usage":[18,28,28,28,28,33,39,44,48],"damage_taken":[{"damage":3,"enemies":"Small Slimes","floor":1,"turns":6},{"damage":7,"enemies":"2 Louse","floor":2,"turns":3},{"damage":1,"enemies":"Cultist","floor":4,"turns":4},{"damage":11,"enemies":"Gremlin Nob","floor":13,"turns":4},{"damage":0,"enemies":"2 Fungi Beasts","floor":14,"turns":4},{"damage":4,"enemies":"Slime Boss","floor":16,"turns":10},{"damage":3,"enemies":"2 Thieves","floor":18,"turns":4},{"damage":8,"enemies":"3 Byrds","floor":22,"turns":4},{"damage":9,"enemies":"Centurion and Healer","floor":27,"turns":9},{"damage":6,"enemies":"Snake Plant","floor":28,"turns":5},{"damage":0,"enemies":"Snecko","floor":30,"turns":4},{"damage":48,"enemies":"Champ","floor":33,"turns":11},{"damage":10,"enemies":"Orb Walker","floor":35,"turns":3},{"damage":23,"enemies":"3 Darklings","floor":37,"turns":7},{"damage":40,"enemies":"Mind Bloom Boss Battle","floor":39,"turns":9},{"damage":37,"enemies":"4 Shapes","floor":44,"turns":5},{"damage":45,"enemies":"Nemesis","floor":48,"turns":4}],"seed_played":"2201316410353553443","potions_obtained":[{"floor":2,"key":"Ancient Potion"},{"floor":14,"key":"Dexterity Potion"},{"floor":18,"key":"EntropicBrew"},{"floor":30,"key":"Dexterity Potion"},{"floor":37,"key":"Energy Potion"},{"floor":39,"key":"Weak Potion"},{"floor":44,"key":"EssenceOfSteel"}],"is_trial":false,"path_per_floor":["M","M","?","M","?","R","$","R","T","R","?","?","E","M","R","B",null,"M","$","?","?","M","R","?","R","T","M","M","$","M","T","R","B",null,"M","?","M","$","?","R","$","R","T","M","R","?","?","E"],"character_chosen":"THE_SILENT","items_purchased":["Footwork","Bouncing Flask","Catalyst","Deadly Poison","Well Laid Plans","Acrobatics","Noxious Fumes","Acrobatics"],"campfire_rested":4,"item_purchase_floors":[7,7,19,29,38,38,41,41],"current_hp_per_floor":[41,34,27,26,15,15,15,15,15,15,15,37,26,26,45,41,60,57,57,51,51,43,43,43,43,43,34,40,40,40,40,59,23,55,45,40,29,29,35,35,35,54,54,29,48,48,36,0],"gold":136,"neow_bonus":"ONE_RARE_RELIC","is_prod":false,"is_daily":false,"chose_seed":false,"campfire_upgraded":6,"win_rate":0,"timestamp":1563999650,"path_taken":["M","M","?","M","?","R","$","R","T","R","?","?","E","M","R","BOSS","M","$","?","?","M","R","?","R","T","M","M","?","M","?","R","BOSS","M","?","M","$","?","R","$","R","T","M","R","?","?","E"],"build_version":"2019-07-17","purchased_purges":2,"victory":false,"max_hp_per_floor":[66,66,66,66,66,66,66,66,66,66,66,66,66,66,66,66,66,66,66,66,66,66,66,66,66,66,66,66,66,66,66,66,66,66,66,66,66,66,66,66,66,66,66,66,66,66,66,66],"card_choices":[{"not_picked":["Acrobatics","Calculated Gamble"],"picked":"Dagger Spray","floor":1},{"not_picked":["Flying Knee","Backflip"],"picked":"Blur","floor":2},{"not_picked":["Noxious Fumes","Finisher"],"picked":"Dash","floor":4},{"not_picked":["Poisoned Stab","Endless Agony"],"picked":"Leg Sweep","floor":13},{"not_picked":["Slice","Calculated Gamble"],"picked":"Crippling Poison","floor":14},{"not_picked":["Venomology","Malaise"],"picked":"Burst","floor":16},{"not_picked":["Dagger Spray","Acrobatics"],"picked":"Flying Knee","floor":18},{"not_picked":["Choke+1","Deflect"],"picked":"Backflip","floor":22},{"not_picked":["Dagger Spray","Quick Slash"],"picked":"Catalyst","floor":27},{"not_picked":["Underhanded Strike","Heel Hook"],"picked":"Deadly Poison","floor":28},{"not_picked":["Underhanded Strike","Deadly Poison"],"picked":"Backflip","floor":30},{"not_picked":["A Thousand Cuts","Night Terror","Phantasmal Killer"],"picked":"Wraith Form v2","floor":33},{"not_picked":["Prepared","Concentrate","Heel Hook+1"],"picked":"Dodge and Roll+1","floor":35},{"not_picked":["Flash of Steel","Madness","Blind"],"picked":"Jack Of All Trades","floor":36},{"not_picked":["Mayhem","Good Instincts","Finesse"],"picked":"HandOfGreed","floor":36},{"not_picked":["Endless Agony","Blade Dance+1","Masterful Stab"],"picked":"Flechettes","floor":37},{"not_picked":["Dagger Throw","Distraction","Blade Dance+1"],"picked":"Setup","floor":39},{"not_picked":["Dodge and Roll+1","Dagger Spray","Poisoned Stab"],"picked":"Slice+1","floor":44}],"player_experience":1751379,"relics_obtained":[{"floor":9,"key":"Juzu Bracelet"},{"floor":13,"key":"Letter Opener"},{"floor":26,"key":"Meat on the Bone"},{"floor":31,"key":"Question Card"},{"floor":39,"key":"Torii"},{"floor":43,"key":"Bottled Tornado"}],"event_choices":[{"cards_removed":["Strike_G"],"damage_healed":0,"gold_gain":0,"player_choice":"Card Removal","damage_taken":7,"max_hp_gain":0,"max_hp_loss":0,"event_name":"Golden Wing","floor":3,"gold_loss":0},{"damage_healed":0,"gold_gain":75,"player_choice":"Gather Gold","damage_taken":11,"max_hp_gain":0,"max_hp_loss":0,"event_name":"World of Goop","floor":5,"gold_loss":0},{"damage_healed":0,"gold_gain":0,"player_choice":"Upgraded","damage_taken":0,"max_hp_gain":0,"max_hp_loss":0,"event_name":"Upgrade Shrine","floor":11,"gold_loss":0,"cards_upgraded":["Dagger Spray"]},{"damage_healed":22,"gold_gain":0,"player_choice":"Banana","damage_taken":0,"max_hp_gain":0,"max_hp_loss":0,"event_name":"Big Fish","floor":12,"gold_loss":0},{"damage_healed":0,"gold_gain":0,"player_choice":"Joined the Cult","damage_taken":6,"max_hp_gain":0,"max_hp_loss":0,"event_name":"Nest","floor":20,"gold_loss":0,"cards_obtained":["RitualDagger"]},{"damage_healed":0,"gold_gain":0,"player_choice":"Ignored","damage_taken":0,"max_hp_gain":0,"max_hp_loss":0,"event_name":"Vampires","floor":21,"gold_loss":0},{"damage_healed":0,"gold_gain":0,"player_choice":"Opened","damage_taken":0,"relics_obtained":["Blue Candle"],"max_hp_gain":0,"max_hp_loss":0,"event_name":"The Mausoleum","floor":24,"gold_loss":0,"cards_obtained":["Writhe"]},{"damage_healed":0,"gold_gain":0,"player_choice":"Memory 2","damage_taken":5,"max_hp_gain":0,"max_hp_loss":0,"event_name":"SensoryStone","floor":36,"gold_loss":0},{"damage_healed":0,"gold_gain":0,"player_choice":"Fight","damage_taken":0,"max_hp_gain":0,"max_hp_loss":0,"event_name":"MindBloom","floor":39,"gold_loss":0},{"cards_removed":["Defend_G"],"damage_healed":0,"gold_gain":0,"player_choice":"Removed Skill","damage_taken":0,"max_hp_gain":0,"max_hp_loss":0,"event_name":"Falling","floor":46,"gold_loss":0},{"damage_healed":0,"gold_gain":0,"player_choice":"Embrace Madness","damage_taken":12,"max_hp_gain":0,"max_hp_loss":0,"event_name":"Winding Halls","floor":47,"gold_loss":0,"cards_obtained":["Madness","Madness"]}],"is_beta":false,"boss_relics":[{"not_picked":["Eternal Feather","Pandora\u0027s Box"],"picked":"Astrolabe"},{"not_picked":["Orrery","WristBlade"],"picked":"Lizard Tail"}],"items_purged_floors":[7,19],"is_endless":false,"potions_floor_spawned":[2,14,18,27,30,37,39,44],"killed_by":"Nemesis","ascension_level":18}