{"gold_per_floor":[218,228,118,132,142,142,142,173,196,212,212,238,313,85,85,185,185,205,218,233,148,2,2,30,42,42,10,29,43,43,43,43,43],"floor_reached":33,"playtime":2372,"items_purged":["Strike_G","Strike_G"],"score":446,"play_id":"0242bccf-d733-4715-96e6-b11641bb55cd","local_time":"20181012183527","is_ascension_mode":true,"campfire_choices":[{"data":"Skewer","floor":7,"key":"SMITH"},{"floor":11,"key":"REST"},{"floor":15,"key":"REST"},{"data":"Adrenaline","floor":23,"key":"SMITH"},{"floor":32,"key":"REST"}],"neow_cost":"NONE","seed_source_timestamp":171748103623305,"circlet_count":0,"master_deck":["Defend_G","Defend_G","Defend_G","Defend_G","Defend_G+1","Strike_G","Strike_G+1","Strike_G","Survivor","Neutralize","AscendersBane","Skewer+1","Escape Plan","Crippling Poison","Masterful Stab","Dagger Spray","Dash","Blur","Blur","Dash","Adrenaline+1","Leg Sweep","Heel Hook","Predator"],"relics":["Ring of the Snake","Orichalcum","Lantern","Centennial Puzzle","Busted Crown","StoneCalendar","Bronze Scales","The Courier","Meat on the Bone"],"potions_floor_usage":[8,16,16,20,30,33,33],"damage_taken":[{"damage":0,"enemies":"2 Louse","floor":1,"turns":4},{"damage":8,"enemies":"Jaw Worm","floor":2,"turns":4},{"damage":0,"enemies":"Small Slimes","floor":4,"turns":3},{"damage":9,"enemies":"Red Slaver","floor":5,"turns":4},{"damage":13,"enemies":"Gremlin Nob","floor":8,"turns":4},{"damage":3,"enemies":"Blue Slaver","floor":10,"turns":2},{"damage":1,"enemies":"3 Sentries","floor":12,"turns":8},{"damage":15,"enemies":"Slime Boss","floor":16,"turns":11},{"damage":2,"enemies":"3 Byrds","floor":18,"turns":4},{"damage":1,"enemies":"Shell Parasite","floor":19,"turns":4},{"damage":3,"enemies":"Shelled Parasite and Fungi","floor":20,"turns":5},{"damage":17,"enemies":"Book of Stabbing","floor":24,"turns":6},{"damage":0,"enemies":"Snecko","floor":25,"turns":4},{"damage":0,"enemies":"3 Cultists","floor":28,"turns":5},{"damage":0,"enemies":"Centurion and Healer","floor":29,"turns":7},{"damage":0,"enemies":"Slavers","floor":30,"turns":1},{"damage":83,"enemies":"Champ","floor":33,"turns":21}],"seed_played":"-5966556207795276963","potions_obtained":[{"floor":1,"key":"FearPotion"},{"floor":5,"key":"Ancient Potion"},{"floor":10,"key":"Block Potion"},{"floor":12,"key":"Explosive Potion"},{"floor":20,"key":"SmokeBomb"},{"floor":25,"key":"EssenceOfSteel"},{"floor":29,"key":"Dexterity Potion"}],"is_trial":false,"path_per_floor":["M","M","$","M","M","?","R","E","T","M","R","E","?","$","R","B",null,"M","M","M","?","$","R","E","M","T","$","M","M","E","$","R"],"character_chosen":"THE_SILENT","items_purchased":["Crippling Poison","AttackPotion","Dash","Bronze Scales","Predator"],"campfire_rested":3,"item_purchase_floors":[3,14,14,22,27],"current_hp_per_floor":[63,55,55,55,46,32,32,19,19,16,37,36,25,25,46,31,60,58,57,54,54,54,54,37,37,37,37,37,37,37,37,58,0],"gold":43,"neow_bonus":"HUNDRED_GOLD","is_prod":false,"is_daily":false,"chose_seed":false,"campfire_upgraded":2,"win_rate":0,"timestamp":1539365727,"path_taken":["M","M","$","M","M","?","R","E","T","?","R","E","?","$","R","BOSS","M","M","?","?","$","R","E","M","T","?","M","?","E","$","R","BOSS"],"build_version":"2018-10-11","purchased_purges":2,"victory":false,"max_hp_per_floor":[70,70,70,70,70,70,70,70,70,70,70,70,70,70,70,70,70,70,70,70,70,70,70,70,70,70,70,70,70,70,70,70,70],"card_choices":[{"not_picked":["Dodge and Roll","PiercingWail"],"picked":"Skewer","floor":1},{"not_picked":["Slice","Choke"],"picked":"Escape Plan","floor":2},{"not_picked":["Slice","Outmaneuver"],"picked":"Masterful Stab","floor":4},{"not_picked":["Flying Knee","Sucker Punch"],"picked":"Dagger Spray","floor":5},{"not_picked":["Bane","PiercingWail"],"picked":"Dash","floor":8},{"not_picked":["Caltrops","Heel Hook"],"picked":"Blur","floor":10},{"not_picked":["Deadly Poison","Poisoned Stab"],"picked":"Blur","floor":12},{"not_picked":["Unload","Wraith Form v2"],"picked":"Adrenaline","floor":16},{"not_picked":["Cloak And Dagger"],"picked":"SKIP","floor":18},{"not_picked":["Cloak And Dagger"],"picked":"SKIP","floor":18},{"not_picked":["Slice"],"picked":"SKIP","floor":19},{"not_picked":[],"picked":"Leg Sweep","floor":20},{"not_picked":[],"picked":"Heel Hook","floor":24},{"not_picked":["Blade Dance"],"picked":"SKIP","floor":25},{"not_picked":["Outmaneuver"],"picked":"SKIP","floor":28},{"not_picked":["Dodge and Roll"],"picked":"SKIP","floor":29}],"player_experience":806062,"relics_obtained":[{"floor":8,"key":"Orichalcum"},{"floor":9,"key":"Lantern"},{"floor":12,"key":"Centennial Puzzle"},{"floor":24,"key":"The Courier"},{"floor":26,"key":"Meat on the Bone"}],"event_choices":[{"event_name":"Shining Light","player_choice":"Entered Light","floor":6,"damage_taken":0},{"event_name":"World of Goop","player_choice":"Gather Gold","floor":13,"damage_taken":0},{"event_name":"Addict","player_choice":"Obtained Relic","floor":21,"damage_taken":0}],"is_beta":false,"boss_relics":[{"not_picked":["Pandora\u0027s Box","Calling Bell"],"picked":"Busted Crown"}],"items_purged_floors":[3,14],"is_endless":false,"potions_floor_spawned":[1,5,10,12,20,25,29],"killed_by":"Champ","ascension_level":10}