{"gold_per_floor":[110,110,124,124,49,92,92,111,111,147,147,160,160,160],"floor_reached":14,"playtime":387,"items_purged":[],"score":186,"play_id":"0f44e0e1-fb24-4bda-8ea0-21f42288afe3","local_time":"20190819022146","is_ascension_mode":true,"campfire_choices":[{"data":"Zap","floor":7.0,"key":"SMITH"},{"data":"Storm","floor":11.0,"key":"SMITH"}],"neow_cost":"NONE","seed_source_timestamp":0,"circlet_count":0,"master_deck":["AscendersBane","Strike_B","Strike_B","Strike_B","Strike_B","Defend_B","Defend_B","Defend_B","Defend_B","Zap+1","Dualcast","Capacitor","Storm+1","Loop","Conserve Battery","Capacitor","Electrodynamics","Cold Snap","Defragment"],"special_seed":0,"relics":["Cracked Core","NeowsBlessing","Golden Idol","Prayer Wheel","Shuriken","Emotion Chip"],"potions_floor_usage":[14],"damage_taken":[{"damage":0.0,"enemies":"2 Louse","floor":1.0,"turns":1.0},{"damage":0.0,"enemies":"Small Slimes","floor":3.0,"turns":1.0},{"damage":5.0,"enemies":"3 Sentries","floor":6.0,"turns":2.0},{"damage":1.0,"enemies":"Cultist","floor":8.0,"turns":3.0},{"damage":32.0,"enemies":"Gremlin Nob","floor":10.0,"turns":4.0},{"damage":29.0,"enemies":"Exordium Wildlife","floor":12.0,"turns":4.0},{"damage":14,"enemies":"Red Slaver","floor":14,"turns":1}],"seed_played":"-1184835617771645802","potions_obtained":[{"floor":6.0,"key":"FearPotion"},{"floor":12,"key":"SneckoOil"}],"is_trial":false,"path_per_floor":["M","?","M","?","?","E","R","M","T","E","R","M","?","M"],"character_chosen":"DEFECT","items_purchased":[],"campfire_rested":0,"item_purchase_floors":[],"current_hp_per_floor":[64,69,69,69,69,64,64,63,63,31,31,2,2,0],"gold":160,"neow_bonus":"THREE_ENEMY_KILL","is_prod":false,"is_daily":false,"chose_seed":false,"campfire_upgraded":2,"win_rate":0,"timestamp":1566174106,"path_taken":["M","?","M","?","?","E","R","M","T","E","R","M","?","M"],"build_version":"2019-07-17","purchased_purges":0,"victory":false,"max_hp_per_floor":[71,76,76,76,76,76,76,76,76,76,76,76,76,76],"card_choices":[{"not_picked":["Leap","Reprogram"],"picked":"Capacitor","floor":1.0},{"not_picked":["Aggregate","Leap"],"picked":"Storm","floor":3.0},{"not_picked":["Turbo","Rebound"],"picked":"Loop","floor":6.0},{"not_picked":["Static Discharge","Barrage"],"picked":"Conserve Battery","floor":8.0},{"not_picked":["Sweeping Beam","Turbo"],"picked":"Capacitor","floor":8.0},{"not_picked":["Capacitor","Hologram"],"picked":"Electrodynamics","floor":10.0},{"not_picked":["Beam Cell","Conserve Battery"],"picked":"Cold Snap","floor":12},{"not_picked":["Hologram","Melter"],"picked":"Defragment","floor":12}],"player_experience":1926369,"relics_obtained":[{"floor":6.0,"key":"Prayer Wheel"},{"floor":9.0,"key":"Shuriken"},{"floor":10.0,"key":"Emotion Chip"}],"event_choices":[{"damage_healed":0.0,"max_hp_gain":5.0,"max_hp_loss":0.0,"gold_gain":0.0,"event_name":"Big Fish","player_choice":"Donut","floor":2.0,"gold_loss":0.0,"damage_taken":0.0},{"damage_healed":0.0,"max_hp_gain":0.0,"max_hp_loss":0.0,"gold_gain":0.0,"event_name":"Golden Idol","player_choice":"Take Wound","floor":4.0,"gold_loss":0.0,"damage_taken":0.0,"relics_obtained":["Golden Idol"],"cards_obtained":["Injury"]},{"cards_removed":["Injury"],"damage_healed":0.0,"max_hp_gain":0.0,"max_hp_loss":0.0,"gold_gain":0.0,"event_name":"The Cleric","player_choice":"Card Removal","floor":5.0,"gold_loss":75.0,"damage_taken":0.0},{"damage_healed":0,"gold_gain":0,"player_choice":"Ignored","damage_taken":0,"max_hp_gain":0,"max_hp_loss":0,"event_name":"Liars Game","floor":13,"gold_loss":0}],"is_beta":false,"boss_relics":[],"items_purged_floors":[],"is_endless":false,"potions_floor_spawned":[6,12],"killed_by":"Red Slaver","ascension_level":18}