{"gold_per_floor":[118,268,268,287,25,50,62,62,112,142,159,159],"floor_reached":12,"playtime":270,"items_purged":["Doubt"],"score":203,"play_id":"948d8458-968e-4c99-84e7-baaa810d1567","local_time":"20190608203344","is_ascension_mode":true,"campfire_choices":[{"data":"A Thousand Cuts","floor":8,"key":"SMITH"}],"neow_cost":"NONE","seed_source_timestamp":144037738136300,"circlet_count":0,"master_deck":["AscendersBane","Defend_G","Defend_G","Defend_G","Defend_G","Defend_G","Strike_G","Strike_G","Strike_G","Strike_G","Strike_G+1","Survivor","Neutralize+1","Flying Knee","Decay","Cloak And Dagger","Noxious Fumes","Quick Slash","Caltrops","A Thousand Cuts+1","Finisher","Escape Plan"],"relics":["Ring of the Snake","NeowsBlessing","Ancient Tea Set","Whetstone","Girya"],"potions_floor_usage":[10,12],"damage_taken":[{"damage":0,"enemies":"Jaw Worm","floor":1,"turns":1},{"damage":0,"enemies":"2 Louse","floor":4,"turns":1},{"damage":0,"enemies":"3 Sentries","floor":6,"turns":1},{"damage":1,"enemies":"Cultist","floor":7,"turns":4},{"damage":30,"enemies":"Lagavulin","floor":10,"turns":6},{"damage":20,"enemies":"Blue Slaver","floor":11,"turns":3},{"damage":15,"enemies":"3 Sentries","floor":12,"turns":2}],"seed_played":"-9075789913687625413","potions_obtained":[{"floor":4,"key":"Explosive Potion"}],"is_trial":false,"path_per_floor":["M","?","?","M","$","E","M","R","T","E","M","E"],"character_chosen":"THE_SILENT","items_purchased":["Noxious Fumes","Quick Slash","Strength Potion"],"campfire_rested":0,"item_purchase_floors":[5,5,5],"current_hp_per_floor":[59,59,59,59,59,59,58,58,58,28,8,0],"gold":159,"neow_bonus":"THREE_ENEMY_KILL","is_prod":false,"is_daily":false,"chose_seed":false,"campfire_upgraded":1,"win_rate":0,"timestamp":1560018824,"path_taken":["M","?","?","M","$","E","?","R","T","E","M","E"],"build_version":"2019-01-23","purchased_purges":1,"victory":false,"max_hp_per_floor":[66,66,66,66,66,66,66,66,66,66,66,66],"card_choices":[{"not_picked":["Prepared","Escape Plan"],"picked":"Flying Knee","floor":1},{"not_picked":["Deflect","Acrobatics"],"picked":"Cloak And Dagger","floor":4},{"not_picked":["Riddle With Holes","Dodge and Roll"],"picked":"Caltrops","floor":6},{"not_picked":["Flying Knee","Prepared"],"picked":"A Thousand Cuts","floor":7},{"not_picked":["Slice","Bane"],"picked":"Finisher","floor":10},{"not_picked":["Flying Knee","Poisoned Stab"],"picked":"Escape Plan","floor":11}],"player_experience":1234315,"relics_obtained":[{"floor":6,"key":"Ancient Tea Set"},{"floor":9,"key":"Whetstone"},{"floor":10,"key":"Girya"}],"event_choices":[{"damage_healed":0,"gold_gain":150,"player_choice":"AGREE","damage_taken":0,"max_hp_gain":0,"max_hp_loss":0,"event_name":"Liars Game","floor":2,"gold_loss":0,"cards_obtained":["Doubt"]},{"damage_healed":0,"gold_gain":0,"player_choice":"Cursed","damage_taken":0,"max_hp_gain":0,"max_hp_loss":0,"event_name":"Wheel of Change","floor":3,"gold_loss":0,"cards_obtained":["Decay"]}],"is_beta":false,"boss_relics":[],"items_purged_floors":[5],"is_endless":false,"potions_floor_spawned":[4,7],"killed_by":"3 Sentries","ascension_level":16}