{"gold_per_floor":[118,35,35,35,60,60,98,98,125,159,159,45,68,93,93,188,188,211,225,23,298,311,330,330,330],"floor_reached":25,"playtime":858,"items_purged":["Strike_B"],"score":448,"play_id":"a3a81022-865a-45c2-80ca-22c78c515fdd","local_time":"20190822145351","is_ascension_mode":true,"campfire_choices":[{"data":"Zap","floor":6,"key":"SMITH"},{"data":"Gash","floor":8,"key":"SMITH"},{"data":"Capacitor","floor":15,"key":"SMITH"},{"floor":24,"key":"REST"}],"neow_cost":"NONE","seed_source_timestamp":726389130280400,"circlet_count":0,"master_deck":["AscendersBane","Strike_B+1","Strike_B+1","Defend_B","Defend_B","Defend_B","Defend_B","Zap+1","Dualcast","Chill","Leap+1","Gash+1","Coolheaded+1","Sweeping Beam","Capacitor+1","Melter","Steam+1","Rainbow+1","Sunder","Redo+1","Self Repair","Conserve Battery+1","Glacier+1","Regret","Steam Power+1","Tempest+1"],"relics":["Cracked Core","NeowsBlessing","Toxic Egg 2","Golden Idol","Ice Cream","Whetstone","Oddly Smooth Stone","Sozu"],"potions_floor_usage":[10,16,19],"damage_taken":[{"damage":0,"enemies":"2 Louse","floor":1,"turns":1},{"damage":0,"enemies":"Cultist","floor":5,"turns":1},{"damage":0,"enemies":"Gremlin Nob","floor":7,"turns":1},{"damage":11,"enemies":"Lagavulin","floor":10,"turns":6},{"damage":0,"enemies":"Small Slimes","floor":13,"turns":3},{"damage":6,"enemies":"Exordium Wildlife","floor":14,"turns":3},{"damage":42,"enemies":"Slime Boss","floor":16,"turns":10},{"damage":0,"enemies":"Spheric Guardian","floor":18,"turns":1},{"damage":4,"enemies":"Chosen","floor":19,"turns":5},{"damage":9,"enemies":"Centurion and Healer","floor":22,"turns":7},{"damage":23,"enemies":"Cultist and Chosen","floor":23,"turns":10},{"damage":58,"enemies":"Masked Bandits","floor":25,"turns":3}],"seed_played":"4437460826371308477","potions_obtained":[{"floor":5,"key":"FocusPotion"},{"floor":10,"key":"FocusPotion"},{"floor":16,"key":"EssenceOfSteel"}],"is_trial":false,"path_per_floor":["M","?","$","?","M","R","E","R","T","E","?","$","M","M","R","B",null,"M","M","$","?","M","M","R","?"],"character_chosen":"DEFECT","items_purchased":["Capacitor","Self Repair","Conserve Battery+1","Glacier+1"],"campfire_rested":1,"item_purchase_floors":[12,20,20,20],"current_hp_per_floor":[64,64,64,64,64,64,64,64,64,53,53,53,53,47,47,5,49,49,45,45,45,43,27,46,0],"gold":330,"neow_bonus":"THREE_ENEMY_KILL","is_prod":false,"is_daily":false,"chose_seed":false,"campfire_upgraded":3,"win_rate":0,"timestamp":1566478431,"path_taken":["M","?","?","?","M","R","E","R","T","E","?","$","M","?","R","BOSS","M","M","$","?","?","M","R","?"],"build_version":"2019-07-17","purchased_purges":1,"victory":false,"max_hp_per_floor":[71,71,71,64,64,64,64,64,64,64,64,64,64,64,64,64,64,64,64,64,64,64,64,64,64],"card_choices":[{"not_picked":["Hologram","Doom and Gloom"],"picked":"Chill","floor":1},{"not_picked":["Coolheaded+1","Go for the Eyes"],"picked":"Leap+1","floor":5},{"not_picked":["Thunder Strike","Streamline"],"picked":"Gash","floor":7},{"not_picked":["Beam Cell","Streamline"],"picked":"Coolheaded+1","floor":10},{"not_picked":["Cold Snap","All For One"],"picked":"Melter","floor":13},{"not_picked":["Beam Cell","Hologram+1"],"picked":"Steam+1","floor":14},{"not_picked":["Multi-Cast+1","Biased Cognition"],"picked":"Rainbow+1","floor":16},{"not_picked":["Ball Lightning","Lockon"],"picked":"Sunder","floor":18},{"not_picked":["Reprogram+1","Cold Snap"],"picked":"Redo+1","floor":19},{"not_picked":["Cold Snap","Coolheaded+1"],"picked":"Steam Power+1","floor":22},{"not_picked":["Force Field+1","Coolheaded+1"],"picked":"Tempest+1","floor":23}],"player_experience":1945665,"relics_obtained":[{"floor":7,"key":"Ice Cream"},{"floor":9,"key":"Whetstone"},{"floor":10,"key":"Oddly Smooth Stone"}],"event_choices":[{"damage_healed":0,"gold_gain":0,"player_choice":"Paid Gold","damage_taken":0,"relics_obtained":["Toxic Egg 2"],"max_hp_gain":0,"max_hp_loss":0,"event_name":"WeMeetAgain","floor":2,"gold_loss":83},{"damage_healed":0,"gold_gain":0,"player_choice":"Lose Max HP","damage_taken":0,"relics_obtained":["Golden Idol"],"max_hp_gain":0,"max_hp_loss":7,"event_name":"Golden Idol","floor":4,"gold_loss":0},{"damage_healed":0,"gold_gain":0,"cards_transformed":["Strike_B"],"player_choice":"Change","damage_taken":0,"max_hp_gain":0,"max_hp_loss":0,"event_name":"Living Wall","floor":11,"gold_loss":0,"cards_obtained":["Sweeping Beam"]},{"damage_healed":0,"gold_gain":275,"player_choice":"Desecrate","damage_taken":0,"max_hp_gain":0,"max_hp_loss":0,"event_name":"Golden Shrine","floor":21,"gold_loss":0,"cards_obtained":["Regret"]},{"damage_healed":0,"gold_gain":0,"player_choice":"Fought Bandits","damage_taken":0,"max_hp_gain":0,"max_hp_loss":0,"event_name":"Masked Bandits","floor":25,"gold_loss":0}],"is_beta":false,"boss_relics":[{"not_picked":["Fusion Hammer","FrozenCore"],"picked":"Sozu"}],"items_purged_floors":[12],"is_endless":false,"potions_floor_spawned":[5,10,16,18,19,23],"killed_by":"Masked Bandits","ascension_level":18}