{"path_per_floor":["M","?","$","?","M","E","$","R","T","R","M","E","?","M","R","B",null,"M","$","?","$","M","E","M","R","T","R","T","M","M","M","R","B",null,"M","?","M","?","$","R","M","R","T","E","R","M","E","?","R","B"],"character_chosen":"THE_SILENT","items_purchased":["Crippling Poison","Backflip","Thread and Needle","Kunai","Oddly Smooth Stone"],"gold_per_floor":[110,110,25,25,43,76,76,76,123,123,133,168,168,193,193,324,324,343,32,32,32,50,89,109,109,163,163,163,186,202,217,217,340,340,356,414,432,432,42,42,58,58,83,127,127,150,189,189,189,189],"floor_reached":51,"campfire_rested":1,"playtime":7321,"current_hp_per_floor":[70,70,70,56,56,56,56,56,56,56,56,52,35,35,35,32,70,69,69,49,49,49,35,31,31,31,31,31,47,23,31,31,49,49,41,11,19,19,19,33,40,40,40,49,49,44,48,48,48,49],"items_purged":[],"gold":189,"score":663,"play_id":"63858335-14dd-4564-82fa-1b4f7bbc5801","is_prod":false,"is_daily":false,"is_ascension_mode":true,"campfire_upgraded":9,"path_taken":["M","?","$","?","M","E","$","R","T","R","M","E","?","M","R","BOSS","M","$","?","$","M","E","?","R","T","R","?","M","M","M","R","BOSS","M","?","M","?","$","R","M","R","T","E","R","?","E","?","R","BOSS"],"build_version":"2018-02-08-PROD1","purchased_purges":0,"victory":true,"master_deck":["Defend_G+1","Defend_G","Defend_G","Survivor","Neutralize+1","Burst+1","Crippling Poison+1","Backflip+1","Deflect","Finisher+1","Poisoned Stab+1","Cloak And Dagger+1","Escape Plan+1","A Thousand Cuts+1","Flying Knee+1","Bite","Bite","Bite","Bite","Bite","Well Laid Plans+1","Backflip+1","Deflect+1","Outmaneuver","Backstab+1","Malaise+1","Flechettes+1","Blur+1","Backflip+1","Catalyst+1","Dash+1","Expertise","Sucker Punch+1","Dodge and Roll+1","Poisoned Stab+1","Slice+1","Deflect+1"],"max_hp_per_floor":[70,70,70,70,70,70,70,70,70,70,70,70,70,70,70,70,70,70,70,49,49,49,49,49,49,49,49,49,49,49,49,49,49,49,49,49,49,49,49,49,49,49,49,49,49,49,49,49,49,49],"relics":["Ring of the Snake","NeowsBlessing","Happy Flower","Snake Skull","Whetstone","Golden Idol","The Specimen","Thread and Needle","Dream Catcher","Tiny Chest","Paper Crane","Astrolabe","Torii","Kunai","Oddly Smooth Stone","Omamori","Ice Cream","Shuriken"],"card_choices":[{"not_picked":["Poisoned Stab","Slice"],"picked":"Acrobatics"},{"not_picked":["Bane","Setup"],"picked":"Deflect"},{"not_picked":["Dodge and Roll","Dash"],"picked":"Finisher"},{"not_picked":["Deadly Poison","Slice"],"picked":"Poisoned Stab"},{"not_picked":["Dash","Dagger Spray"],"picked":"Cloak And Dagger"},{"not_picked":["Poisoned Stab","Masterful Stab"],"picked":"Escape Plan"},{"not_picked":["Glass Knife","Doppelganger"],"picked":"A Thousand Cuts"},{"not_picked":["Underhanded Strike","Outmaneuver"],"picked":"Flying Knee"},{"not_picked":["Predator","Deflect"],"picked":"Well Laid Plans"},{"not_picked":["Quick Slash","Dagger Spray"],"picked":"Backflip"},{"not_picked":["Reflex","Dodge and Roll"],"picked":"Deflect"},{"not_picked":["Dash","Predator"],"picked":"Outmaneuver"},{"not_picked":["Outmaneuver","Heel Hook"],"picked":"Backstab"},{"not_picked":["Dagger Throw","Deadly Poison"],"picked":"Malaise"},{"not_picked":["Underhanded Strike","Deflect"],"picked":"Catalyst"},{"not_picked":["Acrobatics","Prepared"],"picked":"Dash"},{"not_picked":["Infinite Blades","Quick Slash"],"picked":"Expertise"},{"not_picked":["Underhanded Strike","Deflect"],"picked":"Sucker Punch"},{"not_picked":["Bane","Prepared"],"picked":"Dodge and Roll"},{"not_picked":["Underhanded Strike","Tactician"],"picked":"Poisoned Stab"},{"not_picked":["Skewer","Quick Slash"],"picked":"Slice"},{"not_picked":["Setup","Prepared"],"picked":"Deflect"}],"player_experience":182034,"potions_floor_usage":[50,50],"damage_taken":[{"damage":0.0,"enemies":"Cultist","floor":1.0,"turns":1.0},{"damage":0.0,"enemies":"Jaw Worm","floor":5.0,"turns":1.0},{"damage":0.0,"enemies":"Gremlin Nob","floor":6.0,"turns":1.0},{"damage":0.0,"enemies":"Small Slimes","floor":11.0,"turns":3.0},{"damage":4.0,"enemies":"3 Sentries","floor":12.0,"turns":8.0},{"damage":0.0,"enemies":"Gremlin Gang","floor":14.0,"turns":4.0},{"damage":3.0,"enemies":"Hexaghost","floor":16.0,"turns":11.0},{"damage":1.0,"enemies":"Shell Parasite","floor":18.0,"turns":7.0},{"damage":1.0,"enemies":"2 Thieves","floor":22.0,"turns":5.0},{"damage":24.0,"enemies":"Book of Stabbing","floor":23.0,"turns":8.0},{"damage":18.0,"enemies":"Cultist and Chosen","floor":24.0,"turns":9.0},{"damage":0.0,"enemies":"Centurion and Healer","floor":29.0,"turns":9.0},{"damage":40.0,"enemies":"Slaver and Parasite","floor":30.0,"turns":9.0},{"damage":0.0,"enemies":"Snecko","floor":31.0,"turns":6.0},{"damage":3.0,"enemies":"Champ","floor":33.0,"turns":16.0},{"damage":16.0,"enemies":"3 Shapes","floor":35.0,"turns":7.0},{"damage":44.0,"enemies":"Mysterious Sphere","floor":36.0,"turns":9.0},{"damage":0.0,"enemies":"3 Darklings","floor":37.0,"turns":5.0},{"damage":1,"enemies":"Sphere and 2 Shapes","floor":41,"turns":7},{"damage":0,"enemies":"Giant Head","floor":44,"turns":11},{"damage":7,"enemies":"4 Shapes","floor":46,"turns":8},{"damage":1,"enemies":"Nemesis","floor":47,"turns":10},{"damage":1,"enemies":"Time Eater","floor":50,"turns":16}],"event_choices":[{"event_name":"Match and Keep!","player_choice":"1 cards matched","floor":2.0,"damage_taken":0.0},{"event_name":"Shining Light","player_choice":"Entered Light","floor":4.0,"damage_taken":0.0},{"event_name":"Golden Idol","player_choice":"Take Damage","floor":13.0,"damage_taken":0.0},{"event_name":"Vampires","player_choice":"Became a vampire","floor":20.0,"damage_taken":0.0},{"event_name":"Mysterious Sphere","player_choice":"Fight","floor":36.0,"damage_taken":0.0},{"event_name":"Tomb of Lord Red Mask","player_choice":"Ignored","floor":38.0,"damage_taken":0.0},{"event_name":"Upgrade Shrine","player_choice":"Upgraded","floor":48,"damage_taken":0}],"boss_relics":[],"potions_floor_spawned":[6,11,18,23,24,30,36,46,47],"seed_played":"-6060347973295141665","ascension_level":1,"is_trial":false}