{"gold_per_floor":[116,116,41,54,54,88,88,88,88,104,131,131,150,50,50,121,121,137,55,55,55,73,73,2,2,54,54,67,77,77,106,106,106],"floor_reached":33,"playtime":1478,"items_purged":["Strike_B","Strike_B"],"score":483,"play_id":"b1e53b57-edac-4265-b921-742f4b8ca3ab","local_time":"20190515215145","is_ascension_mode":true,"campfire_choices":[{"data":"Self Repair","floor":7,"key":"SMITH"},{"data":"Creative AI","floor":12,"key":"SMITH"},{"data":"Glacier","floor":15,"key":"SMITH"},{"data":"Ghostly","floor":23,"key":"SMITH"},{"data":"Consume","floor":27,"key":"SMITH"},{"data":"Loop","floor":30,"key":"SMITH"},{"data":"Gash","floor":32,"key":"SMITH"}],"neow_cost":"NONE","seed_source_timestamp":167028136972200,"circlet_count":0,"master_deck":["AscendersBane","Strike_B","Strike_B","Defend_B","Defend_B","Defend_B","Defend_B","Zap+1","Dualcast","Self Repair+1","Gash","Beam Cell","Coolheaded","Creative AI+1","Glacier+1","Electrodynamics","Scrape","Consume+1","Ghostly+1","Ghostly","Ghostly","Hologram","Loop+1","Leap","Gash+1","Gash"],"relics":["Cracked Core","NeowsBlessing","Bottled Lightning","Meat on the Bone","Letter Opener","Matryoshka","Coffee Dripper","Omamori","Juzu Bracelet","Red Mask"],"potions_floor_usage":[11,16,16,33],"damage_taken":[{"damage":0,"enemies":"Cultist","floor":1,"turns":1},{"damage":0,"enemies":"Jaw Worm","floor":4,"turns":1},{"damage":0,"enemies":"Gremlin Nob","floor":6,"turns":1},{"damage":1,"enemies":"2 Louse","floor":10,"turns":2},{"damage":32,"enemies":"3 Sentries","floor":11,"turns":7},{"damage":26,"enemies":"Exordium Wildlife","floor":13,"turns":4},{"damage":35,"enemies":"The Guardian","floor":16,"turns":12},{"damage":28,"enemies":"3 Byrds","floor":18,"turns":5},{"damage":24,"enemies":"Chosen","floor":22,"turns":6},{"damage":18,"enemies":"3 Cultists","floor":28,"turns":4},{"damage":0,"enemies":"Centurion and Healer","floor":29,"turns":8},{"damage":11,"enemies":"Masked Bandits","floor":31,"turns":5},{"damage":48,"enemies":"Champ","floor":33,"turns":10}],"seed_played":"2202300928865609653","potions_obtained":[{"floor":1,"key":"Strength Potion"},{"floor":6,"key":"SkillPotion"},{"floor":13,"key":"SkillPotion"},{"floor":22,"key":"Weak Potion"},{"floor":29,"key":"Poison Potion"}],"is_trial":false,"path_per_floor":["M","?","$","M","$","E","R","T","T","M","E","R","M","$","R","B",null,"M","$","?","?","M","R","$","$","T","R","M","M","R","?","R","B"],"character_chosen":"DEFECT","items_purchased":["Consume","Loop"],"campfire_rested":0,"item_purchase_floors":[19,24],"current_hp_per_floor":[64,64,64,64,64,64,64,64,64,71,49,49,45,45,45,32,61,55,55,55,35,33,33,33,33,33,33,35,35,35,34,34,0],"gold":106,"neow_bonus":"THREE_ENEMY_KILL","is_prod":false,"is_daily":false,"chose_seed":false,"campfire_upgraded":7,"win_rate":0,"timestamp":1557949905,"path_taken":["M","?","?","M","$","E","R","?","T","?","E","R","M","?","R","BOSS","M","$","?","?","M","R","?","$","T","R","M","M","R","?","R","BOSS"],"build_version":"2019-01-23","purchased_purges":2,"victory":false,"max_hp_per_floor":[71,71,71,71,71,71,71,71,71,71,71,71,71,71,71,71,71,71,71,71,35,35,35,35,35,35,35,35,35,35,35,35,35],"card_choices":[{"not_picked":["Beam Cell","Go for the Eyes"],"picked":"Self Repair","floor":1},{"not_picked":["Streamline","Force Field"],"picked":"Gash","floor":4},{"not_picked":["Tempest","Aggregate"],"picked":"Beam Cell","floor":6},{"not_picked":["Rebound","Leap"],"picked":"Coolheaded","floor":10},{"not_picked":["Hologram","Skim"],"picked":"Creative AI","floor":11},{"not_picked":["Ball Lightning","Rebound"],"picked":"Glacier","floor":13},{"not_picked":["Hyperbeam","Amplify"],"picked":"Electrodynamics","floor":16},{"not_picked":["Ball Lightning","Steam"],"picked":"Scrape","floor":18},{"not_picked":["White Noise","Doom and Gloom"],"picked":"Hologram","floor":22},{"not_picked":["Ball Lightning","Reinforced Body"],"picked":"Leap","floor":28},{"not_picked":["Leap","Cold Snap"],"picked":"Gash","floor":29},{"not_picked":["Undo","Melter"],"picked":"Gash","floor":31}],"player_experience":1102966,"relics_obtained":[{"floor":6,"key":"Bottled Lightning"},{"floor":8,"key":"Meat on the Bone"},{"floor":9,"key":"Letter Opener"},{"floor":11,"key":"Matryoshka"},{"floor":26,"key":"Omamori"},{"floor":26,"key":"Juzu Bracelet"},{"floor":31,"key":"Red Mask"}],"event_choices":[{"damage_healed":0,"gold_gain":0,"player_choice":"Forge","damage_taken":0,"max_hp_gain":0,"max_hp_loss":0,"event_name":"Accursed Blacksmith","floor":2,"gold_loss":0,"cards_upgraded":["Zap"]},{"damage_healed":0,"gold_gain":0,"player_choice":"Became a Ghost","damage_taken":0,"max_hp_gain":0,"max_hp_loss":36,"event_name":"Ghosts","floor":21,"gold_loss":0,"cards_obtained":["Ghostly","Ghostly","Ghostly"]},{"damage_healed":0,"gold_gain":0,"player_choice":"Fought Bandits","damage_taken":0,"max_hp_gain":0,"max_hp_loss":0,"event_name":"Masked Bandits","floor":31,"gold_loss":0}],"is_beta":false,"boss_relics":[{"not_picked":["Sozu","Ectoplasm"],"picked":"Coffee Dripper"}],"items_purged_floors":[3,14],"is_endless":false,"potions_floor_spawned":[1,6,13,22,29],"killed_by":"Champ","ascension_level":15}