{"gold_per_floor":[360,96,109,9,9,9,19,30,30,30,48,73,73,73,73,173,173,192,212,222,233,252,252,252],"floor_reached":24,"playtime":1315,"items_purged":["Strike_R","Strike_R"],"score":320,"play_id":"e04fab8e-53e7-4340-b0e9-33a7b8e68675","local_time":"20190222014639","is_ascension_mode":true,"campfire_choices":[{"data":"Apotheosis","floor":6,"key":"SMITH"},{"data":"Bash","floor":10,"key":"SMITH"},{"data":"True Grit","floor":13,"key":"SMITH"},{"data":"Infernal Blade","floor":15,"key":"SMITH"},{"floor":23,"key":"REST"}],"neow_cost":"TEN_PERCENT_HP_LOSS","seed_source_timestamp":165147149265700,"circlet_count":0,"master_deck":["AscendersBane","Strike_R","Strike_R","Defend_R","Defend_R","Defend_R","Defend_R","Bash+1","Flex","Apotheosis+1","Battle Trance","Headbutt","Iron Wave","Clothesline","True Grit+1","Infernal Blade+1","Demon Form","Whirlwind","Uppercut","Shrug It Off","Heavy Blade","Rage","Intimidate"],"relics":["Burning Blood","Bag of Preparation","Singing Bowl","Orrery"],"potions_floor_usage":[8,22],"damage_taken":[{"damage":6,"enemies":"Cultist","floor":1,"turns":3},{"damage":0,"enemies":"Small Slimes","floor":3,"turns":3},{"damage":8,"enemies":"2 Louse","floor":7,"turns":2},{"damage":10,"enemies":"Gremlin Gang","floor":8,"turns":4},{"damage":7,"enemies":"Red Slaver","floor":11,"turns":2},{"damage":18,"enemies":"Lagavulin","floor":12,"turns":7},{"damage":23,"enemies":"The Guardian","floor":16,"turns":11},{"damage":7,"enemies":"Chosen","floor":18,"turns":4},{"damage":0,"enemies":"3 Byrds","floor":19,"turns":3},{"damage":9,"enemies":"Centurion and Healer","floor":20,"turns":6},{"damage":27,"enemies":"Snake Plant","floor":21,"turns":5},{"damage":29,"enemies":"Cultist and Chosen","floor":22,"turns":7},{"damage":56,"enemies":"Sentry and Sphere","floor":24,"turns":7}],"seed_played":"-3060148474286282159","potions_obtained":[{"floor":3,"key":"Fire Potion"},{"floor":11,"key":"Ancient Potion"},{"floor":16,"key":"Fire Potion"},{"floor":18,"key":"Strength Potion"}],"is_trial":false,"path_per_floor":["M","$","M","$","?","R","M","M","T","R","M","E","R","?","R","B",null,"M","M","M","M","M","R","M"],"character_chosen":"IRONCLAD","items_purchased":["Apotheosis"],"campfire_rested":1,"item_purchase_floors":[2],"current_hp_per_floor":[72,72,72,72,72,72,70,66,66,66,65,53,53,53,53,36,65,66,72,71,52,29,53,0],"gold":252,"neow_bonus":"TWO_FIFTY_GOLD","is_prod":false,"is_daily":false,"chose_seed":false,"campfire_upgraded":4,"win_rate":0,"timestamp":1550796399,"path_taken":["M","$","M","?","?","R","M","M","T","R","M","E","R","?","R","BOSS","M","?","?","M","M","R","M"],"build_version":"2019-01-23","purchased_purges":2,"victory":false,"max_hp_per_floor":[72,72,72,72,72,72,72,72,72,72,72,72,72,72,72,72,74,76,76,78,80,80,80,80],"card_choices":[{"not_picked":["Rupture","Combust"],"picked":"Flex","floor":1},{"not_picked":["Anger","Flex"],"picked":"Battle Trance","floor":3},{"not_picked":["Wild Strike","Clothesline"],"picked":"Headbutt","floor":7},{"not_picked":["Carnage","Heavy Blade"],"picked":"Iron Wave","floor":8},{"not_picked":["Thunderclap","Entrench"],"picked":"Clothesline","floor":11},{"not_picked":["Berserk","Heavy Blade"],"picked":"True Grit","floor":12},{"not_picked":["Brutality","Exhume"],"picked":"Demon Form","floor":16},{"not_picked":["Seeing Red","Body Slam"],"picked":"Whirlwind","floor":17},{"not_picked":["Body Slam","Second Wind"],"picked":"Uppercut","floor":17},{"not_picked":["Pommel Strike","Thunderclap"],"picked":"Shrug It Off","floor":17},{"not_picked":["Berserk","Dropkick"],"picked":"Heavy Blade","floor":17},{"not_picked":["Twin Strike","Warcry","Body Slam"],"picked":"Singing Bowl","floor":17},{"not_picked":["Warcry","Twin Strike","Iron Wave"],"picked":"Singing Bowl","floor":18},{"not_picked":["Armaments","Reckless Charge"],"picked":"Rage","floor":19},{"not_picked":["Shrug It Off","Warcry","Blood for Blood+1"],"picked":"Singing Bowl","floor":20},{"not_picked":["Whirlwind","Armaments","Headbutt"],"picked":"Singing Bowl","floor":21},{"not_picked":["Twin Strike","Battle Trance"],"picked":"Intimidate","floor":22}],"player_experience":835796,"relics_obtained":[{"floor":9,"key":"Bag of Preparation"},{"floor":12,"key":"Singing Bowl"}],"event_choices":[{"damage_healed":0,"gold_gain":0,"player_choice":"Leave","damage_taken":0,"max_hp_gain":0,"max_hp_loss":0,"event_name":"The Cleric","floor":5,"gold_loss":0},{"damage_healed":0,"gold_gain":0,"cards_transformed":["Strike_R"],"player_choice":"Transformed","damage_taken":0,"max_hp_gain":0,"max_hp_loss":0,"event_name":"Transmorgrifier","floor":14,"gold_loss":0,"cards_obtained":["Infernal Blade"]}],"is_beta":false,"boss_relics":[{"not_picked":["Runic Cube","Eternal Feather"],"picked":"Orrery"}],"items_purged_floors":[2,4],"is_endless":false,"potions_floor_spawned":[3,11,16,18],"killed_by":"Sentry and Sphere","ascension_level":12}