{"gold_per_floor":[114,114,114,127,127,127,277,277,302,302,333,344,379,304,304,381,381,395,395,412,412],"floor_reached":21,"playtime":569,"items_purged":[],"score":378,"play_id":"385a616d-fb90-4d40-9178-1f7f491339e8","local_time":"20190622055724","is_ascension_mode":true,"campfire_choices":[{"data":"Neutralize","floor":6,"key":"SMITH"},{"data":"Infinite Blades","floor":8,"key":"SMITH"},{"data":"Poisoned Stab","floor":10,"key":"SMITH"},{"data":"Skewer","floor":15,"key":"SMITH"}],"neow_cost":"NONE","seed_source_timestamp":366373062454300,"circlet_count":0,"master_deck":["AscendersBane","Defend_G","Defend_G","Defend_G","Defend_G","Strike_G+1","Strike_G+1","Survivor","Neutralize+1","Poisoned Stab+1","Infinite Blades+1","Predator","Skewer+1","Backstab","Bullet Time","Tactician+1","Expertise+1","Masterful Stab+1","Dagger Throw+1","RitualDagger","Endless Agony+1"],"relics":["Ring of the Snake","NeowsBlessing","Blood Vial","Dream Catcher","Whetstone","Astrolabe"],"potions_floor_usage":[13,16,16],"damage_taken":[{"damage":0,"enemies":"Small Slimes","floor":1,"turns":1},{"damage":0,"enemies":"Cultist","floor":4,"turns":1},{"damage":0,"enemies":"Gremlin Nob","floor":11,"turns":1},{"damage":3,"enemies":"2 Louse","floor":12,"turns":3},{"damage":30,"enemies":"3 Sentries","floor":13,"turns":9},{"damage":18,"enemies":"Hexaghost","floor":16,"turns":12},{"damage":23,"enemies":"2 Thieves","floor":18,"turns":4},{"damage":29,"enemies":"Shell Parasite","floor":20,"turns":7},{"damage":7,"enemies":"Snake Plant","floor":21,"turns":1}],"seed_played":"-8604605470337211493","potions_obtained":[{"floor":1,"key":"GhostInAJar"},{"floor":11,"key":"Regen Potion"},{"floor":13,"key":"FearPotion"}],"is_trial":false,"path_per_floor":["M","?","$","M","$","R","?","R","T","R","E","M","E","?","R","B",null,"M","?","M","M"],"character_chosen":"THE_SILENT","items_purchased":[],"campfire_rested":0,"item_purchase_floors":[],"current_hp_per_floor":[59,59,59,59,59,59,59,59,59,59,61,60,46,46,46,30,57,36,30,3,0],"gold":412,"neow_bonus":"THREE_ENEMY_KILL","is_prod":false,"is_daily":false,"chose_seed":false,"campfire_upgraded":4,"win_rate":0,"timestamp":1561175844,"path_taken":["M","?","$","?","?","R","?","R","T","R","E","M","E","?","R","BOSS","M","?","M","M"],"build_version":"2019-01-23","purchased_purges":0,"victory":false,"max_hp_per_floor":[66,66,66,66,66,66,66,66,66,66,66,66,66,66,66,66,66,66,66,66,66],"card_choices":[{"not_picked":["Outmaneuver","Terror"],"picked":"Poisoned Stab","floor":1},{"not_picked":["Heel Hook","Tactician"],"picked":"Infinite Blades","floor":4},{"not_picked":["Acrobatics","Choke"],"picked":"Predator","floor":11},{"not_picked":["Quick Slash","Sucker Punch"],"picked":"Skewer","floor":12},{"not_picked":["Underhanded Strike","Bane"],"picked":"Backstab","floor":13},{"not_picked":["Phantasmal Killer","Adrenaline"],"picked":"Bullet Time","floor":16},{"not_picked":["Backstab","Deflect"],"picked":"Dagger Throw+1","floor":18},{"not_picked":["Quick Slash","Dodge and Roll"],"picked":"Endless Agony+1","floor":20}],"player_experience":1425599,"relics_obtained":[{"floor":9,"key":"Blood Vial"},{"floor":11,"key":"Dream Catcher"},{"floor":13,"key":"Whetstone"}],"event_choices":[{"cards_removed":["Strike_G"],"damage_healed":0,"gold_gain":0,"player_choice":"Offered Basic","damage_taken":0,"max_hp_gain":0,"max_hp_loss":0,"event_name":"Bonfire Elementals","floor":2,"gold_loss":0},{"damage_healed":0,"gold_gain":150,"player_choice":"AGREE","damage_taken":0,"max_hp_gain":0,"max_hp_loss":0,"event_name":"Liars Game","floor":7,"gold_loss":0,"cards_obtained":["Doubt"]},{"cards_removed":["Doubt"],"damage_healed":0,"gold_gain":0,"player_choice":"Card Removal","damage_taken":0,"max_hp_gain":0,"max_hp_loss":0,"event_name":"The Cleric","floor":14,"gold_loss":75},{"damage_healed":0,"gold_gain":0,"player_choice":"Joined the Cult","damage_taken":6,"max_hp_gain":0,"max_hp_loss":0,"event_name":"Nest","floor":19,"gold_loss":0,"cards_obtained":["RitualDagger"]}],"is_beta":false,"boss_relics":[{"not_picked":["Philosopher\u0027s Stone","Empty Cage"],"picked":"Astrolabe"}],"items_purged_floors":[],"is_endless":false,"potions_floor_spawned":[1,11,13],"killed_by":"Snake Plant","ascension_level":16}