{"gold_per_floor":[109,109,34,34,34,60,60,70,119,169,181,181,181,201,201,296,296,312,312,1,1,19,19,60,83,110,110,110,135,135,151,151,245,245,259,259],"floor_reached":36,"playtime":1406,"items_purged":["Defend_G"],"score":795,"play_id":"993fc8a5-6a23-4703-b671-d56c2c8c2fb4","local_time":"20190722044347","is_ascension_mode":true,"campfire_choices":[{"data":"Envenom","floor":7,"key":"SMITH"},{"data":"Neutralize","floor":12,"key":"SMITH"},{"data":"Poisoned Stab","floor":15,"key":"SMITH"},{"data":"Apotheosis","floor":23,"key":"SMITH"},{"data":"Bullet Time","floor":28,"key":"SMITH"},{"data":"1","floor":30,"key":"LIFT"},{"data":"2","floor":32,"key":"LIFT"}],"neow_cost":"NONE","seed_source_timestamp":67156211229199,"circlet_count":0,"master_deck":["AscendersBane","Defend_G","Defend_G","Defend_G","Defend_G","Survivor","Neutralize+1","Leg Sweep","Envenom+1","Flying Knee","Poisoned Stab+1","Bane","Bullet Time+1","Endless Agony","Bite","Bite","Bite","Bite","Bite","Apotheosis+1","Acrobatics","Well Laid Plans","Finisher","Dash","RitualDagger","Cloak And Dagger+1","Escape Plan","Adrenaline","Escape Plan"],"relics":["Ring of the Serpent","NeowsBlessing","Meat on the Bone","Strawberry","Golden Idol","Empty Cage","Girya","Anchor"],"potions_floor_usage":[14,14,18,22,22,29,33,36],"damage_taken":[{"damage":0,"enemies":"Cultist","floor":1,"turns":1},{"damage":0,"enemies":"Gremlin Nob","floor":6,"turns":1},{"damage":0,"enemies":"Small Slimes","floor":8,"turns":2},{"damage":0,"enemies":"2 Louse","floor":11,"turns":4},{"damage":4,"enemies":"Gremlin Gang","floor":14,"turns":5},{"damage":41,"enemies":"The Guardian","floor":16,"turns":12},{"damage":22,"enemies":"Spheric Guardian","floor":18,"turns":11},{"damage":0,"enemies":"3 Byrds","floor":22,"turns":6},{"damage":36,"enemies":"Book of Stabbing","floor":24,"turns":5},{"damage":23,"enemies":"Snecko","floor":25,"turns":4},{"damage":0,"enemies":"Cultist and Chosen","floor":29,"turns":6},{"damage":6,"enemies":"Centurion and Healer","floor":31,"turns":6},{"damage":37,"enemies":"Champ","floor":33,"turns":12},{"damage":27,"enemies":"3 Darklings","floor":35,"turns":4},{"damage":40,"enemies":"2 Orb Walkers","floor":36,"turns":3}],"seed_played":"-5170131880605132508","potions_obtained":[{"floor":1,"key":"Energy Potion"},{"floor":11,"key":"GhostInAJar"},{"floor":16,"key":"Energy Potion"},{"floor":18,"key":"Weak Potion"},{"floor":21,"key":"GamblersBrew"},{"floor":25,"key":"Block Potion"},{"floor":31,"key":"PowerPotion"},{"floor":33,"key":"Strength Potion"}],"is_trial":false,"path_per_floor":["M","$","?","?","$","E","R","M","T","?","M","R","?","M","R","B",null,"M","?","$","?","M","R","E","M","T","?","R","M","R","M","R","B",null,"M","?"],"character_chosen":"THE_SILENT","items_purchased":["Apotheosis","Acrobatics"],"campfire_rested":0,"item_purchase_floors":[20,20],"current_hp_per_floor":[59,59,59,59,59,59,59,59,66,59,59,59,59,55,55,26,56,34,34,34,34,46,46,28,33,33,27,27,45,45,46,46,24,41,32,0],"gold":259,"neow_bonus":"THREE_ENEMY_KILL","is_prod":false,"is_daily":false,"chose_seed":false,"campfire_upgraded":5,"win_rate":0,"timestamp":1563763427,"path_taken":["M","$","?","?","$","E","R","?","T","?","?","R","?","M","R","BOSS","M","?","$","?","M","R","E","?","T","?","R","M","R","M","R","BOSS","M","?"],"build_version":"2019-07-17","purchased_purges":1,"victory":false,"max_hp_per_floor":[66,66,66,66,66,66,66,66,73,73,73,73,66,66,66,66,66,66,46,46,46,46,46,46,46,46,46,46,46,46,46,46,46,46,46,46],"card_choices":[{"not_picked":["Acrobatics","Blur"],"picked":"Leg Sweep","floor":1},{"not_picked":["Cloak And Dagger","Backflip"],"picked":"Envenom","floor":6},{"not_picked":["Bouncing Flask","Cloak And Dagger"],"picked":"Flying Knee","floor":8},{"not_picked":["Deadly Poison","Acrobatics"],"picked":"Poisoned Stab","floor":11},{"not_picked":["Underhanded Strike","Flying Knee"],"picked":"Bane","floor":14},{"not_picked":["Adrenaline","Glass Knife"],"picked":"Bullet Time","floor":16},{"not_picked":["Dodge and Roll","Terror"],"picked":"Endless Agony","floor":18},{"not_picked":["Accuracy","Calculated Gamble"],"picked":"Well Laid Plans","floor":22},{"not_picked":["Cloak And Dagger","Glass Knife"],"picked":"Finisher","floor":24},{"not_picked":["PiercingWail","Deflect"],"picked":"Dash","floor":25},{"not_picked":["Dodge and Roll","Quick Slash+1"],"picked":"Cloak And Dagger+1","floor":29},{"not_picked":["Backflip","Leg Sweep"],"picked":"Escape Plan","floor":31},{"not_picked":["Tools of the Trade","Corpse Explosion"],"picked":"Adrenaline","floor":33},{"not_picked":["Finisher","Bane"],"picked":"Escape Plan","floor":35}],"player_experience":1732986,"relics_obtained":[{"floor":6,"key":"Meat on the Bone"},{"floor":9,"key":"Strawberry"},{"floor":24,"key":"Girya"},{"floor":26,"key":"Anchor"}],"event_choices":[{"cards_removed":["Strike_G"],"damage_healed":0,"gold_gain":0,"player_choice":"Card Removal","damage_taken":0,"max_hp_gain":0,"max_hp_loss":0,"event_name":"The Cleric","floor":3,"gold_loss":75},{"cards_removed":["Strike_G"],"damage_healed":0,"gold_gain":0,"player_choice":"Offered Basic","damage_taken":0,"max_hp_gain":0,"max_hp_loss":0,"event_name":"Bonfire Elementals","floor":4,"gold_loss":0},{"damage_healed":0,"gold_gain":50,"player_choice":"Touch","damage_taken":7,"max_hp_gain":0,"max_hp_loss":0,"event_name":"FaceTrader","floor":10,"gold_loss":0},{"damage_healed":0,"gold_gain":0,"player_choice":"Lose Max HP","damage_taken":0,"relics_obtained":["Golden Idol"],"max_hp_gain":0,"max_hp_loss":7,"event_name":"Golden Idol","floor":13,"gold_loss":0},{"damage_healed":0,"gold_gain":0,"player_choice":"Became a vampire","damage_taken":0,"max_hp_gain":0,"max_hp_loss":20,"event_name":"Vampires","floor":19,"gold_loss":0,"cards_obtained":["Bite","Bite","Bite","Bite","Bite"]},{"damage_healed":0,"gold_gain":0,"player_choice":"Got Potions","damage_taken":0,"max_hp_gain":0,"max_hp_loss":0,"event_name":"Lab","floor":21,"gold_loss":0},{"damage_healed":0,"gold_gain":0,"player_choice":"Joined the Cult","damage_taken":6,"max_hp_gain":0,"max_hp_loss":0,"event_name":"Nest","floor":27,"gold_loss":0,"cards_obtained":["RitualDagger"]},{"damage_healed":0,"gold_gain":0,"player_choice":"Fight","damage_taken":0,"max_hp_gain":0,"max_hp_loss":0,"event_name":"Mysterious Sphere","floor":36,"gold_loss":0}],"is_beta":false,"boss_relics":[{"not_picked":["Eternal Feather","Calling Bell"],"picked":"Empty Cage"},{"not_picked":["Velvet Choker","Philosopher\u0027s Stone"],"picked":"Ring of the Serpent"}],"items_purged_floors":[20],"is_endless":false,"potions_floor_spawned":[1,11,16,18,25,31,33],"killed_by":"2 Orb Walkers","ascension_level":18}