{"gold_per_floor":[115,40,40,40,51,82,97,97,97,97,122,122,122,181,181,278,278,291,391,391,126,36,36,67,67,92,92,108,123,154,167,167,262,262,272,297,9,21,38,38,63,63,63,75,87,102,119,170,170,170,170,170,6,32,32],"floor_reached":55,"playtime":3632,"items_purged":["Strike_R","Decay","Strike_R"],"score":743,"play_id":"fe4a023c-56ce-40d3-83c3-b893725f619f","local_time":"20190608185651","is_ascension_mode":false,"campfire_choices":[{"data":"Infernal Blade","floor":10,"key":"SMITH"},{"data":"Bash","floor":15,"key":"SMITH"},{"data":"Shrug It Off","floor":23,"key":"SMITH"},{"data":"Shrug It Off","floor":25,"key":"SMITH"},{"data":"Defend_R","floor":27,"key":"SMITH"},{"data":"Defend_R","floor":32,"key":"SMITH"},{"floor":40,"key":"RECALL"}],"neow_cost":"NONE","seed_source_timestamp":1299162344141041,"circlet_count":0,"master_deck":["Defend_R+1","Defend_R+1","Defend_R+1","Defend_R+1","Bash+1","Battle Trance+1","Infernal Blade+1","Pommel Strike+1","Reaper+1","Battle Trance+1","Shrug It Off+1","Shrug It Off+1","Double Tap+1","Panache+1","Anger+1","Battle Trance+1","Flame Barrier","Headbutt+1","Whirlwind+1","Berserk+1","Infernal Blade+1","Impervious"],"relics":["Burning Blood","NeowsBlessing","Gremlin Horn","Red Skull","PreservedInsect","Molten Egg 2","Pear","Coffee Dripper","Unceasing Top","Ornamental Fan","Tiny Chest","Pantograph","Frozen Egg 2","Fusion Hammer","Oddly Smooth Stone","Strawberry","War Paint","Charon\u0027s Ashes","Happy Flower"],"potions_floor_usage":[11,19,33,33,41,41,50,50,50],"damage_taken":[{"damage":0,"enemies":"Small Slimes","floor":1,"turns":1},{"damage":0,"enemies":"2 Louse","floor":5,"turns":1},{"damage":0,"enemies":"3 Sentries","floor":6,"turns":2},{"damage":4,"enemies":"Cultist","floor":7,"turns":3},{"damage":6,"enemies":"Gremlin Nob","floor":11,"turns":3},{"damage":9,"enemies":"Gremlin Nob","floor":14,"turns":3},{"damage":21,"enemies":"Slime Boss","floor":16,"turns":11},{"damage":10,"enemies":"Chosen","floor":18,"turns":3},{"damage":12,"enemies":"Colosseum Slavers","floor":19,"turns":4},{"damage":19,"enemies":"Colosseum Nobs","floor":19,"turns":3},{"damage":23,"enemies":"Slavers","floor":24,"turns":3},{"damage":1,"enemies":"Shell Parasite","floor":28,"turns":6},{"damage":2,"enemies":"Cultist and Chosen","floor":29,"turns":7},{"damage":7,"enemies":"Gremlin Leader","floor":30,"turns":5},{"damage":0,"enemies":"Chosen and Byrds","floor":31,"turns":5},{"damage":103,"enemies":"Collector","floor":33,"turns":20},{"damage":15,"enemies":"3 Darklings","floor":35,"turns":7},{"damage":0,"enemies":"3 Shapes","floor":38,"turns":2},{"damage":0,"enemies":"Sphere and 2 Shapes","floor":39,"turns":3},{"damage":28,"enemies":"Nemesis","floor":41,"turns":5},{"damage":0,"enemies":"Transient","floor":44,"turns":5},{"damage":9,"enemies":"Spire Growth","floor":45,"turns":4},{"damage":0,"enemies":"Jaw Worm Horde","floor":46,"turns":3},{"damage":0,"enemies":"Sphere and 2 Shapes","floor":47,"turns":3},{"damage":12,"enemies":"2 Orb Walkers","floor":48,"turns":2},{"damage":69,"enemies":"Time Eater","floor":50,"turns":9},{"damage":35,"enemies":"Shield and Spear","floor":54,"turns":4},{"damage":98,"enemies":"The Heart","floor":55,"turns":5}],"seed_played":"1689722685342742112","potions_obtained":[{"floor":1,"key":"AttackPotion"},{"floor":11,"key":"Weak Potion"},{"floor":24,"key":"Strength Potion"},{"floor":29,"key":"PowerPotion"},{"floor":33,"key":"Regen Potion"},{"floor":35,"key":"Weak Potion"},{"floor":44,"key":"Strength Potion"},{"floor":46,"key":"Strength Potion"},{"floor":47,"key":"Swift Potion"}],"is_trial":false,"path_per_floor":["M","$","?","$","M","E","M","?","T","R","E","?","T","?","R","B",null,"M","?","?","$","?","R","E","R","T","R","M","M","E","M","R","B",null,"M","T","$","M","M","R","E","R","T","M","M","M","M","?","R","B",null,"R","$","E","B"],"character_chosen":"IRONCLAD","items_purchased":["Shrug It Off","Tiny Chest","Panache+1","Impervious"],"campfire_rested":0,"item_purchase_floors":[21,21,37,53],"current_hp_per_floor":[80,80,73,73,79,80,80,80,80,80,80,64,64,71,71,56,90,90,76,76,76,76,76,73,73,73,73,78,89,90,90,90,15,90,81,81,81,90,90,90,79,79,79,92,94,97,97,91,91,47,97,97,97,68,0],"gold":32,"neow_bonus":"THREE_ENEMY_KILL","is_prod":false,"is_daily":false,"chose_seed":false,"campfire_upgraded":6,"win_rate":0,"timestamp":1560034611,"path_taken":["M","$","?","$","M","E","M","?","T","R","E","?","?","?","R","BOSS","M","?","?","$","?","R","E","R","T","R","?","M","E","M","R","BOSS","M","?","$","M","M","R","E","R","T","?","M","M","M","?","R","BOSS","R","$","E","BOSS"],"build_version":"2019-01-23","purchased_purges":3,"victory":false,"max_hp_per_floor":[80,80,80,80,80,80,80,80,80,80,80,80,80,90,90,90,90,90,90,90,90,90,90,90,90,90,90,90,90,90,90,90,90,90,90,90,90,90,90,90,97,97,97,97,97,97,97,97,97,97,97,97,97,97,97],"card_choices":[{"not_picked":["Rupture","Dual Wield"],"picked":"Battle Trance","floor":1},{"not_picked":["Cleave","Clash","Dual Wield"],"picked":"SKIP","floor":5},{"not_picked":["Evolve","Carnage"],"picked":"Infernal Blade","floor":6},{"not_picked":["Sword Boomerang","Heavy Blade","Feel No Pain"],"picked":"SKIP","floor":7},{"not_picked":["Cleave","Barricade","Warcry"],"picked":"SKIP","floor":11},{"not_picked":["Thunderclap+1","Infernal Blade"],"picked":"Pommel Strike+1","floor":14},{"not_picked":["Barricade","Dark Embrace"],"picked":"Reaper+1","floor":16},{"not_picked":["Uppercut+1","Anger+1"],"picked":"Battle Trance+1","floor":18},{"not_picked":["Heavy Blade+1","Infernal Blade"],"picked":"Shrug It Off","floor":19},{"not_picked":["Perfected Strike+1","Combust","Dark Embrace"],"picked":"SKIP","floor":24},{"not_picked":["Warcry","Perfected Strike+1","Iron Wave+1"],"picked":"SKIP","floor":28},{"not_picked":["Flex","Sword Boomerang+1","Sever Soul+1"],"picked":"SKIP","floor":29},{"not_picked":["Combust","Warcry","Sentinel"],"picked":"SKIP","floor":30},{"not_picked":["Blood for Blood+1","Armaments","Shockwave"],"picked":"SKIP","floor":31},{"not_picked":["Dark Embrace+1","Exhume"],"picked":"Double Tap","floor":33},{"not_picked":["Body Slam+1","Twin Strike+1","Headbutt+1"],"picked":"SKIP","floor":35},{"not_picked":["Fire Breathing+1","Headbutt+1"],"picked":"Anger+1","floor":38},{"not_picked":["Intimidate","Clash+1","Uppercut+1"],"picked":"SKIP","floor":39},{"not_picked":["Power Through+1","Shrug It Off"],"picked":"Battle Trance","floor":41},{"not_picked":["Flex","Sever Soul+1"],"picked":"Flame Barrier","floor":44},{"not_picked":["Cleave+1","Perfected Strike+1"],"picked":"Headbutt+1","floor":45},{"not_picked":["Wild Strike+1","Shockwave"],"picked":"Whirlwind+1","floor":46},{"not_picked":["Pommel Strike+1","Heavy Blade+1"],"picked":"Berserk+1","floor":47},{"not_picked":["Flex+1","Metallicize+1"],"picked":"Infernal Blade+1","floor":48},{"not_picked":["Iron Wave+1","Perfected Strike+1","Rupture+1"],"picked":"SKIP","floor":54}],"player_experience":159051,"relics_obtained":[{"floor":6,"key":"Gremlin Horn"},{"floor":9,"key":"Red Skull"},{"floor":11,"key":"PreservedInsect"},{"floor":13,"key":"Molten Egg 2"},{"floor":14,"key":"Pear"},{"floor":19,"key":"Unceasing Top"},{"floor":19,"key":"Ornamental Fan"},{"floor":24,"key":"Pantograph"},{"floor":30,"key":"Frozen Egg 2"},{"floor":36,"key":"Oddly Smooth Stone"},{"floor":41,"key":"Strawberry"},{"floor":43,"key":"War Paint"},{"floor":48,"key":"Charon\u0027s Ashes"},{"floor":54,"key":"Happy Flower"}],"event_choices":[{"cards_removed":["Strike_R"],"damage_healed":0,"gold_gain":0,"player_choice":"Card Removal","damage_taken":7,"max_hp_gain":0,"max_hp_loss":0,"event_name":"Golden Wing","floor":3,"gold_loss":0},{"cards_removed":["Strike_R"],"damage_healed":0,"gold_gain":0,"player_choice":"Forget","damage_taken":0,"max_hp_gain":0,"max_hp_loss":0,"event_name":"Living Wall","floor":8,"gold_loss":0},{"damage_healed":0,"gold_gain":0,"player_choice":"Entered Light","damage_taken":16,"max_hp_gain":0,"max_hp_loss":0,"event_name":"Shining Light","floor":12,"gold_loss":0,"cards_upgraded":["Defend_R","Battle Trance"]},{"damage_healed":0,"gold_gain":0,"player_choice":"Searched \u00271\u0027 times","damage_taken":0,"max_hp_gain":0,"max_hp_loss":0,"event_name":"Dead Adventurer","floor":14,"gold_loss":0},{"damage_healed":0,"gold_gain":0,"player_choice":"Fight","damage_taken":0,"max_hp_gain":0,"max_hp_loss":0,"event_name":"Colosseum","floor":19,"gold_loss":0},{"damage_healed":0,"gold_gain":0,"player_choice":"Fought Nobs","damage_taken":0,"max_hp_gain":0,"max_hp_loss":0,"event_name":"Colosseum","floor":19,"gold_loss":0},{"damage_healed":0,"gold_gain":0,"player_choice":"Smashed Altar","damage_taken":0,"max_hp_gain":0,"max_hp_loss":0,"event_name":"Forgotten Altar","floor":20,"gold_loss":0,"cards_obtained":["Decay"]},{"cards_removed":["Strike_R"],"damage_healed":0,"gold_gain":0,"player_choice":"Upgrade and Remove","damage_taken":0,"max_hp_gain":0,"max_hp_loss":0,"event_name":"Designer","floor":22,"gold_loss":90,"cards_upgraded":["Defend_R"]},{"damage_healed":0,"gold_gain":0,"player_choice":"Fight","damage_taken":0,"max_hp_gain":0,"max_hp_loss":0,"event_name":"Mysterious Sphere","floor":48,"gold_loss":0}],"is_beta":false,"boss_relics":[{"not_picked":["Eternal Feather","Runic Cube"],"picked":"Coffee Dripper"},{"not_picked":["Runic Pyramid","Astrolabe"],"picked":"Fusion Hammer"}],"items_purged_floors":[2,21,37],"is_endless":false,"potions_floor_spawned":[1,11,19,24,29,33,35,44,46,47],"killed_by":"The Heart","ascension_level":0}