{"gold_per_floor":[112,44,61,136,151,151,183,108,108,108,123,123,136,146,146,249,249,260,160,160,171,182,182,197,197,268,287,287,318,318,335,335,335],"floor_reached":33,"playtime":5028,"items_purged":["Strike_R","Strike_R"],"score":319,"play_id":"5951b362-cae7-46a2-b8fd-16ec61972748","local_time":"20191009234129","is_ascension_mode":false,"campfire_choices":[{"data":"Rampage","floor":6.0,"key":"SMITH"},{"data":"Bash","floor":10.0,"key":"SMITH"},{"data":"Demon Form","floor":12.0,"key":"SMITH"},{"floor":15.0,"key":"REST"},{"data":"Battle Trance","floor":23.0,"key":"SMITH"},{"floor":25.0,"key":"REST"},{"floor":30.0,"key":"REST"},{"floor":32.0,"key":"REST"}],"neow_cost":"NONE","seed_source_timestamp":281717572552226,"circlet_count":0,"master_deck":["Strike_R","Strike_R","Strike_R","Defend_R","Defend_R","Defend_R","Defend_R","Bash+1","Pommel Strike","Rampage+1","Demon Form+1","Shrug It Off","Offering","Battle Trance+1","Twin Strike","Shockwave+1"],"special_seed":0,"relics":["Velvet Choker"],"potions_floor_usage":[33,33,33],"damage_taken":[{"damage":7.0,"enemies":"2 Louse","floor":1.0,"turns":2.0},{"damage":1.0,"enemies":"Cultist","floor":3.0,"turns":3.0},{"damage":6.0,"enemies":"Jaw Worm","floor":5.0,"turns":2.0},{"damage":12.0,"enemies":"3 Sentries","floor":7.0,"turns":8.0},{"damage":7.0,"enemies":"Large Slime","floor":11.0,"turns":4.0},{"damage":11.0,"enemies":"Exordium Thugs","floor":13.0,"turns":5.0},{"damage":0.0,"enemies":"2 Fungi Beasts","floor":14.0,"turns":3.0},{"damage":6.0,"enemies":"Slime Boss","floor":16.0,"turns":3.0},{"damage":13.0,"enemies":"3 Byrds","floor":18.0,"turns":6.0},{"damage":10.0,"enemies":"Shell Parasite","floor":21.0,"turns":4.0},{"damage":25.0,"enemies":"3 Cultists","floor":22.0,"turns":5.0},{"damage":14.0,"enemies":"Snecko","floor":24.0,"turns":5.0},{"damage":21.0,"enemies":"Snake Plant","floor":27.0,"turns":3.0},{"damage":24.0,"enemies":"Book of Stabbing","floor":29.0,"turns":4.0},{"damage":6.0,"enemies":"Centurion and Healer","floor":31.0,"turns":4.0},{"damage":51,"enemies":"Automaton","floor":33,"turns":6}],"seed_played":"1337445097679944012","potions_obtained":[{"floor":3.0,"key":"SkillPotion"},{"floor":7.0,"key":"BloodPotion"},{"floor":14.0,"key":"Dexterity Potion"},{"floor":22.0,"key":"Poison Potion"},{"floor":24.0,"key":"AttackPotion"},{"floor":29.0,"key":"Strength Potion"},{"floor":31.0,"key":"Strength Potion"}],"is_trial":false,"path_per_floor":["M","$","M","?","M","R","E","$","T","R","M","R","M","M","R","B",null,"M","$","?","M","M","R","M","R","T","M","?","E","R","M","R","B"],"character_chosen":"IRONCLAD","items_purchased":["Rampage"],"campfire_rested":4,"item_purchase_floors":[2],"current_hp_per_floor":[73,73,72,64,58,58,46,46,46,46,39,39,28,28,52,46,80,67,67,67,57,32,32,18,42,42,41,26,2,27,21,46,0],"gold":335,"neow_bonus":"BOSS_RELIC","is_prod":false,"is_daily":false,"chose_seed":false,"campfire_upgraded":4,"win_rate":0,"timestamp":1570689689,"path_taken":["M","$","M","?","M","R","E","$","T","R","?","R","M","M","R","BOSS","M","$","?","M","M","R","M","R","T","M","?","E","R","M","R","BOSS"],"build_version":"2019-07-17","purchased_purges":2,"victory":false,"max_hp_per_floor":[80,80,80,80,80,80,80,80,80,80,80,80,80,80,80,80,80,80,80,80,80,80,80,80,80,80,80,85,85,85,85,85,85],"card_choices":[{"not_picked":["Ghostly Armor","Perfected Strike"],"picked":"Pommel Strike","floor":1.0},{"not_picked":["Iron Wave","Power Through","Body Slam"],"picked":"SKIP","floor":3.0},{"not_picked":["Iron Wave","Power Through","Body Slam"],"picked":"SKIP","floor":3.0},{"not_picked":["Rage","Rupture","Pommel Strike"],"picked":"SKIP","floor":5.0},{"not_picked":["Anger","Warcry","Blood for Blood"],"picked":"SKIP","floor":7.0},{"not_picked":["Headbutt","Warcry"],"picked":"Demon Form","floor":11.0},{"not_picked":["Intimidate","Anger"],"picked":"Shrug It Off","floor":13.0},{"not_picked":["Headbutt","Body Slam"],"picked":"Offering","floor":14.0},{"not_picked":["Feel No Pain","Anger","Warcry+1"],"picked":"SKIP","floor":18.0},{"not_picked":["Feel No Pain","Anger","Warcry+1"],"picked":"SKIP","floor":18.0},{"not_picked":["Blood for Blood","Headbutt","Iron Wave"],"picked":"SKIP","floor":21.0},{"not_picked":["Clothesline","Armaments"],"picked":"Battle Trance","floor":22.0},{"not_picked":["Rampage","Searing Blow","Armaments"],"picked":"SKIP","floor":24.0},{"not_picked":["Metallicize","Clothesline"],"picked":"Twin Strike","floor":27.0},{"not_picked":["Havoc","Warcry+1","Iron Wave"],"picked":"SKIP","floor":29.0},{"not_picked":["Rage","Infernal Blade"],"picked":"Shockwave+1","floor":31.0}],"player_experience":379188,"relics_obtained":[],"event_choices":[{"damage_healed":0.0,"max_hp_gain":0.0,"max_hp_loss":0.0,"gold_gain":75.0,"event_name":"FaceTrader","player_choice":"Touch","floor":4.0,"gold_loss":0.0,"damage_taken":8.0},{"damage_healed":0.0,"max_hp_gain":0.0,"max_hp_loss":0.0,"gold_gain":0.0,"event_name":"The Mausoleum","player_choice":"Ignored","floor":20.0,"gold_loss":0.0,"damage_taken":0.0},{"damage_healed":0.0,"max_hp_gain":5.0,"max_hp_loss":0.0,"gold_gain":0.0,"event_name":"Forgotten Altar","player_choice":"Shed Blood","floor":28.0,"gold_loss":0.0,"damage_taken":20.0}],"is_beta":false,"boss_relics":[{"not_picked":["Runic Dome","Fusion Hammer","Busted Crown"]}],"items_purged_floors":[8,19],"is_endless":false,"potions_floor_spawned":[3,7,14,22,24,29,31],"killed_by":"Automaton","ascension_level":0}