{"gold_per_floor":[119,119,44,57,73,98,118,118,118,145,163,163,313,16,16,93,93,113,113,126,126],"floor_reached":21,"playtime":623,"items_purged":["Doubt"],"score":453,"play_id":"1dd3528d-94f4-472c-936e-bc2d947015b5","local_time":"20190405020843","is_ascension_mode":true,"campfire_choices":[{"data":"Beam Cell","floor":8.0,"key":"SMITH"},{"floor":12.0,"key":"REST"},{"floor":15.0,"key":"REST"}],"neow_cost":"NONE","seed_source_timestamp":117101935999027,"circlet_count":0,"master_deck":["AscendersBane","Strike_B","Strike_B","Strike_B","Defend_B","Defend_B","Defend_B","Defend_B","Zap","Beam Cell","Melter","Beam Cell+1","Compile Driver","Leap","Leap","Leap","Sweeping Beam","Hyperbeam","Leap","Biased Cognition","Leap"],"special_seed":0,"relics":["Cracked Core","NeowsBlessing","Pear","Peace Pipe","Ginger","Membership Card","Empty Cage"],"potions_floor_usage":[],"damage_taken":[{"damage":0.0,"enemies":"Jaw Worm","floor":1.0,"turns":1.0},{"damage":0.0,"enemies":"Cultist","floor":4.0,"turns":1.0},{"damage":0.0,"enemies":"2 Louse","floor":5.0,"turns":1.0},{"damage":0.0,"enemies":"Gremlin Nob","floor":6.0,"turns":2.0},{"damage":8.0,"enemies":"Large Slime","floor":7.0,"turns":6.0},{"damage":35.0,"enemies":"3 Sentries","floor":10.0,"turns":11.0},{"damage":26.0,"enemies":"Gremlin Gang","floor":11.0,"turns":3.0},{"damage":47.0,"enemies":"Slime Boss","floor":16.0,"turns":10.0},{"damage":41.0,"enemies":"3 Byrds","floor":18.0,"turns":6.0},{"damage":0,"enemies":"Spheric Guardian","floor":20,"turns":2},{"damage":23,"enemies":"Snecko","floor":21,"turns":4}],"seed_played":"-6604729309781621254","potions_obtained":[{"floor":2.0,"key":"Strength Potion"},{"floor":2.0,"key":"Fire Potion"},{"floor":6.0,"key":"Dexterity Potion"},{"floor":11.0,"key":"SkillPotion"},{"floor":20,"key":"Ancient Potion"}],"is_trial":false,"path_per_floor":["M","?","$","M","M","E","M","R","T","E","M","R","?","$","R","B",null,"M","?","M","M"],"character_chosen":"DEFECT","items_purchased":["Melter","Membership Card","Leap","Sweeping Beam"],"campfire_rested":2,"item_purchase_floors":[3,14,14,14],"current_hp_per_floor":[64,64,64,64,64,74,66,66,66,31,5,29,29,29,53,6,62,21,21,21,0],"gold":126,"neow_bonus":"THREE_ENEMY_KILL","is_prod":false,"is_daily":false,"chose_seed":false,"campfire_upgraded":1,"win_rate":0,"timestamp":1554422923,"path_taken":["M","?","$","?","M","E","M","R","T","E","?","R","?","$","R","BOSS","M","?","?","M"],"build_version":"2019-01-23","purchased_purges":1,"victory":false,"max_hp_per_floor":[71,71,71,71,71,81,81,81,81,81,81,81,81,81,81,81,81,81,81,81,81],"card_choices":[{"not_picked":["Go for the Eyes","Reprogram"],"picked":"Beam Cell","floor":1.0},{"not_picked":["Undo","Rebound"],"picked":"Beam Cell","floor":4.0},{"not_picked":["Storm","Turbo"],"picked":"Compile Driver","floor":5.0},{"not_picked":["Hologram","Skim"],"picked":"Leap","floor":6.0},{"not_picked":["Redo","Sweeping Beam","Consume"],"picked":"SKIP","floor":7.0},{"not_picked":["Rip and Tear","Turbo"],"picked":"Leap","floor":10.0},{"not_picked":["Lockon","Blizzard","Aggregate"],"picked":"SKIP","floor":11.0},{"not_picked":["Reboot","Machine Learning"],"picked":"Hyperbeam","floor":16.0},{"not_picked":["Coolheaded","Aggregate"],"picked":"Leap","floor":18},{"not_picked":["Genetic Algorithm","Compile Driver"],"picked":"Leap","floor":20}],"player_experience":758397,"relics_obtained":[{"floor":6.0,"key":"Pear"},{"floor":9.0,"key":"Peace Pipe"},{"floor":10.0,"key":"Ginger"}],"event_choices":[{"damage_healed":0.0,"max_hp_gain":0.0,"max_hp_loss":0.0,"gold_gain":0.0,"event_name":"Lab","player_choice":"Got Potions","floor":2.0,"gold_loss":0.0,"damage_taken":0.0},{"damage_healed":0.0,"max_hp_gain":0.0,"max_hp_loss":0.0,"gold_gain":150.0,"event_name":"Liars Game","player_choice":"AGREE","floor":13.0,"gold_loss":0.0,"damage_taken":0.0,"cards_obtained":["Doubt"]},{"damage_healed":0,"gold_gain":0,"player_choice":"1 cards matched","damage_taken":0,"max_hp_gain":0,"max_hp_loss":0,"event_name":"Match and Keep!","floor":19,"gold_loss":0,"cards_obtained":["Biased Cognition"]}],"is_beta":false,"boss_relics":[{"not_picked":["Coffee Dripper","Fusion Hammer"],"picked":"Empty Cage"}],"items_purged_floors":[14],"is_endless":false,"potions_floor_spawned":[4,6,11,20],"killed_by":"Snecko","ascension_level":20}