{"gold_per_floor":[114,129,143,143,161,161,192,192,192,222],"floor_reached":10,"playtime":425,"items_purged":[],"score":129,"play_id":"708203db-1d1d-4e9b-9b9d-5b14f7d1cc81","local_time":"20190725223012","is_ascension_mode":true,"campfire_choices":[{"data":"Neutralize","floor":6,"key":"SMITH"},{"data":"Venomology","floor":8,"key":"SMITH"}],"neow_cost":"NONE","seed_source_timestamp":86178818467700,"circlet_count":0,"master_deck":["AscendersBane","Strike_G","Strike_G","Strike_G","Strike_G","Defend_G","Defend_G","Defend_G","Defend_G","Defend_G","Survivor","Neutralize+1","Masterful Stab","Backflip","Quick Slash","Dodge and Roll","Venomology+1"],"relics":["Ring of the Snake","Darkstone Periapt","Art of War","Sundial"],"potions_floor_usage":[7,7,10],"damage_taken":[{"damage":0,"enemies":"Cultist","floor":1,"turns":4},{"damage":0,"enemies":"Jaw Worm","floor":2,"turns":5},{"damage":3,"enemies":"2 Louse","floor":3,"turns":4},{"damage":7,"enemies":"Large Slime","floor":5,"turns":8},{"damage":37,"enemies":"Lagavulin","floor":7,"turns":10},{"damage":27,"enemies":"3 Sentries","floor":10,"turns":10}],"seed_played":"-7074451038521548710","potions_obtained":[{"floor":1,"key":"Strength Potion"},{"floor":5,"key":"Regen Potion"}],"is_trial":false,"path_per_floor":["M","M","M","T","M","R","E","R","T","?"],"character_chosen":"THE_SILENT","items_purchased":[],"campfire_rested":0,"item_purchase_floors":[],"current_hp_per_floor":[59,59,56,56,49,49,27,27,27,0],"gold":222,"neow_bonus":"REMOVE_CARD","is_prod":false,"is_daily":false,"chose_seed":false,"campfire_upgraded":2,"win_rate":0,"timestamp":1564086612,"path_taken":["M","M","M","?","M","R","E","R","T","?"],"build_version":"2019-07-17","purchased_purges":0,"victory":false,"max_hp_per_floor":[66,66,66,66,66,66,66,66,66,66],"card_choices":[{"not_picked":["PiercingWail","Underhanded Strike"],"picked":"Masterful Stab","floor":1},{"not_picked":["Cloak And Dagger","PiercingWail"],"picked":"Backflip","floor":2},{"not_picked":["Blade Dance","All Out Attack"],"picked":"Quick Slash","floor":3},{"not_picked":["Backflip","Deflect"],"picked":"Dodge and Roll","floor":5},{"not_picked":["Escape Plan","Night Terror"],"picked":"Venomology","floor":7}],"player_experience":1758726,"relics_obtained":[{"floor":4,"key":"Darkstone Periapt"},{"floor":7,"key":"Art of War"},{"floor":9,"key":"Sundial"}],"event_choices":[{"damage_healed":0,"gold_gain":30,"player_choice":"Searched \u00272\u0027 times","damage_taken":0,"max_hp_gain":0,"max_hp_loss":0,"event_name":"Dead Adventurer","floor":10,"gold_loss":0}],"is_beta":false,"boss_relics":[],"items_purged_floors":[],"is_endless":false,"potions_floor_spawned":[1,5],"killed_by":"3 Sentries","ascension_level":18}