{"gold_per_floor":[115,115,41,52,66,66,98,98,98,113,129,229,229,240,240,340,340,353,353,365,376,291,291,310,310,310,310,310,310,320,345,345,345],"floor_reached":33,"playtime":1094,"items_purged":[],"score":358,"play_id":"b237cdd2-40a7-415a-aa01-f0cecacf545c","local_time":"20190419230816","is_ascension_mode":true,"campfire_choices":[{"data":"Turbo","floor":6.0,"key":"SMITH"},{"data":"Hologram","floor":8.0,"key":"SMITH"},{"floor":13.0,"key":"REST"},{"data":"Defragment","floor":15.0,"key":"SMITH"},{"data":"Reprogram","floor":23.0,"key":"SMITH"},{"data":"Coolheaded","floor":25.0,"key":"SMITH"},{"floor":27.0,"key":"REST"},{"floor":32.0,"key":"REST"}],"neow_cost":"NONE","seed_source_timestamp":0,"circlet_count":0,"master_deck":["Strike_B","Strike_B","Strike_B","Defend_B","Defend_B","Defend_B","Defend_B","Zap","Dualcast","Genetic Algorithm","Turbo+1","Streamline+1","Hologram+1","Reprogram+1","Steam Power","Defragment+1","Hyperbeam+1","Steam","Auto Shields","Coolheaded+1","Genetic Algorithm"],"special_seed":0,"relics":["Cracked Core","Molten Egg 2","Pear","DataDisk","Cursed Key","Turnip","Du-Vu Doll","Enchiridion","Potion Belt"],"potions_floor_usage":[],"damage_taken":[{"damage":1.0,"enemies":"Cultist","floor":1.0,"turns":3.0},{"damage":0.0,"enemies":"Small Slimes","floor":4.0,"turns":2.0},{"damage":2.0,"enemies":"2 Louse","floor":5.0,"turns":2.0},{"damage":39.0,"enemies":"Gremlin Nob","floor":7.0,"turns":5.0},{"damage":2.0,"enemies":"Large Slime","floor":10.0,"turns":5.0},{"damage":16.0,"enemies":"Gremlin Gang","floor":11.0,"turns":5.0},{"damage":3.0,"enemies":"Blue Slaver","floor":14.0,"turns":3.0},{"damage":7.0,"enemies":"Slime Boss","floor":16.0,"turns":7.0},{"damage":0.0,"enemies":"Chosen","floor":18.0,"turns":3.0},{"damage":10.0,"enemies":"2 Thieves","floor":20.0,"turns":3.0},{"damage":33.0,"enemies":"Centurion and Healer","floor":21.0,"turns":7.0},{"damage":17.0,"enemies":"Cultist and Chosen","floor":24.0,"turns":5.0},{"damage":2.0,"enemies":"Chosen and Byrds","floor":30.0,"turns":6.0},{"damage":0,"enemies":"Automaton","floor":33,"turns":1}],"seed_played":"-2178706733373184567","potions_obtained":[{"floor":1.0,"key":"Regen Potion"},{"floor":11.0,"key":"FearPotion"},{"floor":16.0,"key":"Weak Potion"},{"floor":30.0,"key":"Explosive Potion"}],"is_trial":false,"path_per_floor":["M","?","$","M","M","R","E","R","T","M","M","?","R","M","R","B",null,"M","?","M","M","?","R","M","R","T","R","?","?","M","T","R","B"],"character_chosen":"DEFECT","items_purchased":["Turbo","Streamline+1"],"campfire_rested":3,"item_purchase_floors":[3,3],"current_hp_per_floor":[67,67,67,67,65,65,36,36,36,34,18,18,43,40,40,33,72,72,72,62,29,29,29,12,12,12,37,21,21,19,19,44,44],"gold":345,"neow_bonus":"REMOVE_CARD","is_prod":false,"is_daily":false,"chose_seed":false,"campfire_upgraded":5,"win_rate":0,"timestamp":1555740496,"path_taken":["M","?","$","M","M","R","E","R","T","?","?","?","R","M","R","BOSS","M","?","?","M","?","R","M","R","T","R","?","?","?","?","R","BOSS"],"build_version":"2019-01-23","purchased_purges":0,"victory":false,"max_hp_per_floor":[75,75,75,75,75,75,85,85,85,85,85,85,85,85,85,85,85,85,85,85,85,85,85,85,85,85,85,85,85,85,85,85,85],"card_choices":[{"not_picked":["Glacier","Auto Shields"],"picked":"Genetic Algorithm","floor":1.0},{"not_picked":["Chaos","Barrage+1"],"picked":"Hologram","floor":4.0},{"not_picked":["Doom and Gloom+1","Sweeping Beam+1"],"picked":"Reprogram","floor":5.0},{"not_picked":["Gash+1","Melter+1","Sweeping Beam+1"],"picked":"SKIP","floor":7.0},{"not_picked":["Turbo","Barrage+1"],"picked":"Steam Power","floor":10.0},{"not_picked":["Chaos","Gash+1","Beam Cell+1"],"picked":"SKIP","floor":11.0},{"not_picked":["Core Surge+1","Consume"],"picked":"Defragment","floor":14.0},{"not_picked":["Electrodynamics","Seek"],"picked":"Hyperbeam+1","floor":16.0},{"not_picked":["Fusion","Rebound+1","Conserve Battery"],"picked":"SKIP","floor":18.0},{"not_picked":["Leap+1","Melter+1","Core Surge+1"],"picked":"SKIP","floor":20.0},{"not_picked":["Leap+1","Melter+1","Core Surge+1"],"picked":"SKIP","floor":20.0},{"not_picked":["Loop","Ball Lightning+1"],"picked":"Auto Shields","floor":21.0},{"not_picked":["Redo","Stack"],"picked":"Coolheaded","floor":24.0},{"not_picked":["Sunder+1","Cold Snap+1","Rebound+1"],"picked":"SKIP","floor":30.0}],"player_experience":101203,"relics_obtained":[{"floor":7.0,"key":"Pear"},{"floor":9.0,"key":"DataDisk"},{"floor":26.0,"key":"Du-Vu Doll"},{"floor":28.0,"key":"Enchiridion"},{"floor":31.0,"key":"Potion Belt"}],"event_choices":[{"damage_healed":0.0,"max_hp_gain":0.0,"max_hp_loss":0.0,"gold_gain":0.0,"event_name":"WeMeetAgain","player_choice":"Gave Potion","floor":2.0,"gold_loss":0.0,"damage_taken":0.0,"relics_obtained":["Molten Egg 2"]},{"damage_healed":0.0,"max_hp_gain":0.0,"max_hp_loss":0.0,"gold_gain":100.0,"event_name":"Golden Shrine","player_choice":"Pray","floor":12.0,"gold_loss":0.0,"damage_taken":0.0},{"damage_healed":0.0,"max_hp_gain":0.0,"max_hp_loss":0.0,"gold_gain":0.0,"event_name":"Match and Keep!","player_choice":"1 cards matched","floor":19.0,"gold_loss":0.0,"damage_taken":0.0,"cards_obtained":["Steam"]},{"damage_healed":0.0,"max_hp_gain":0.0,"max_hp_loss":0.0,"gold_gain":0.0,"event_name":"Addict","player_choice":"Obtained Relic","floor":22.0,"gold_loss":85.0,"damage_taken":0.0,"relics_obtained":["Turnip"]},{"damage_healed":0.0,"max_hp_gain":0.0,"max_hp_loss":0.0,"gold_gain":0.0,"event_name":"Cursed Tome","player_choice":"Obtained Book","floor":28.0,"gold_loss":0.0,"damage_taken":16.0},{"damage_healed":0.0,"max_hp_gain":0.0,"max_hp_loss":0.0,"gold_gain":0.0,"event_name":"Duplicator","player_choice":"Copied","floor":29.0,"gold_loss":0.0,"damage_taken":0.0,"cards_obtained":["Genetic Algorithm"]}],"is_beta":false,"boss_relics":[{"not_picked":["Eternal Feather","Sozu"],"picked":"Cursed Key"}],"items_purged_floors":[],"is_endless":false,"potions_floor_spawned":[1,11,16,30],"killed_by":"Automaton","ascension_level":9}