{"gold_per_floor":[216,49,65,14,14,47,47,73,144,178,178,253,268,46,46,119,119,132,146,146],"floor_reached":20,"playtime":981,"items_purged":["Strike_G"],"score":352,"play_id":"63d2e869-232b-4eeb-a3f7-57b25d6e8c11","local_time":"20191008193325","is_ascension_mode":true,"campfire_choices":[{"data":"Poisoned Stab","floor":7,"key":"SMITH"},{"floor":11,"key":"REST"},{"floor":15,"key":"REST"}],"neow_cost":"NONE","seed_source_timestamp":407861723186100,"circlet_count":0,"master_deck":["AscendersBane","Survivor","Neutralize","Leg Sweep","Poisoned Stab+1","Poisoned Stab","Malaise","Poisoned Stab","Footwork","Discovery","Die Die Die","Terror","Catalyst","PiercingWail","Footwork","Bouncing Flask","Grand Finale","Terror","Bouncing Flask"],"relics":["Ring of the Snake","PreservedInsect","Blood Vial","Bag of Marbles","Pantograph","Singing Bowl","Pandora\u0027s Box"],"potions_floor_usage":[],"damage_taken":[{"damage":0,"enemies":"2 Louse","floor":1,"turns":5},{"damage":0,"enemies":"Small Slimes","floor":3,"turns":5},{"damage":15,"enemies":"Gremlin Nob","floor":6,"turns":4},{"damage":15,"enemies":"Lagavulin","floor":8,"turns":8},{"damage":19,"enemies":"3 Sentries","floor":10,"turns":7},{"damage":0,"enemies":"Jaw Worm","floor":13,"turns":3},{"damage":24,"enemies":"The Guardian","floor":16,"turns":12},{"damage":31,"enemies":"2 Thieves","floor":18,"turns":5},{"damage":17,"enemies":"Shell Parasite","floor":19,"turns":5},{"damage":26,"enemies":"Shelled Parasite and Fungi","floor":20,"turns":3}],"seed_played":"874370615319557780","potions_obtained":[{"floor":3,"key":"Dexterity Potion"},{"floor":6,"key":"GamblersBrew"},{"floor":10,"key":"SkillPotion"},{"floor":13,"key":"Strength Potion"}],"is_trial":false,"path_per_floor":["M","$","M","$","?","E","R","E","T","E","R","?","M","$","R","B",null,"M","M","M"],"character_chosen":"THE_SILENT","items_purchased":["PreservedInsect","Poisoned Stab","Footwork","Discovery"],"campfire_rested":2,"item_purchase_floors":[2,4,14,14],"current_hp_per_floor":[59,59,59,59,52,37,37,24,24,7,26,15,19,19,39,42,62,35,22,0],"gold":146,"neow_bonus":"HUNDRED_GOLD","is_prod":false,"is_daily":false,"chose_seed":false,"campfire_upgraded":1,"win_rate":0,"timestamp":1570559605,"path_taken":["M","$","M","$","?","E","R","E","T","E","R","?","M","?","R","BOSS","M","M","M"],"build_version":"2019-07-17","purchased_purges":1,"victory":false,"max_hp_per_floor":[66,66,66,66,66,66,66,66,66,66,66,66,68,68,68,68,68,70,72,72],"card_choices":[{"not_picked":["Backflip","Blade Dance"],"picked":"Leg Sweep","floor":1},{"not_picked":["Terror","Underhanded Strike"],"picked":"Poisoned Stab","floor":3},{"not_picked":["Sucker Punch","Slice"],"picked":"Malaise","floor":6},{"not_picked":["Tactician","Outmaneuver","Wraith Form v2"],"picked":"SKIP","floor":8},{"not_picked":["Quick Slash","Riddle With Holes"],"picked":"Poisoned Stab","floor":10},{"not_picked":["All Out Attack","Poisoned Stab","Leg Sweep"],"picked":"Singing Bowl","floor":13},{"not_picked":["Envenom","A Thousand Cuts"],"picked":"Die Die Die","floor":16},{"not_picked":["Underhanded Strike","Prepared","Calculated Gamble"],"picked":"Singing Bowl","floor":18},{"not_picked":["Skewer","Acrobatics","Endless Agony"],"picked":"Singing Bowl","floor":19}],"player_experience":1220735,"relics_obtained":[{"floor":6,"key":"Blood Vial"},{"floor":8,"key":"Bag of Marbles"},{"floor":9,"key":"Pantograph"},{"floor":10,"key":"Singing Bowl"}],"event_choices":[{"cards_removed":["Strike_G"],"damage_healed":0,"gold_gain":0,"player_choice":"Card Removal","damage_taken":7,"max_hp_gain":0,"max_hp_loss":0,"event_name":"Golden Wing","floor":5,"gold_loss":0},{"damage_healed":0,"gold_gain":75,"player_choice":"Gather Gold","damage_taken":11,"max_hp_gain":0,"max_hp_loss":0,"event_name":"World of Goop","floor":12,"gold_loss":0}],"is_beta":false,"boss_relics":[{"not_picked":["Empty Cage","Runic Pyramid"],"picked":"Pandora\u0027s Box"}],"items_purged_floors":[14],"is_endless":false,"potions_floor_spawned":[3,6,10,13],"killed_by":"Shelled Parasite and Fungi","ascension_level":17}