{"gold_per_floor":[112,131,131,150,168,202,202,230,230,230,248,248,266,285,285,360,360,379,379,126,140,160,160,160],"floor_reached":24,"playtime":965,"items_purged":["Strike_R"],"score":378,"play_id":"d387e213-640d-46dd-b976-0ab1b74c1198","local_time":"20190518011300","is_ascension_mode":true,"campfire_choices":[{"floor":7,"key":"REST"},{"data":"Demon Form","floor":10,"key":"SMITH"},{"data":"Warcry","floor":12,"key":"SMITH"},{"floor":15,"key":"REST"},{"floor":23,"key":"REST"}],"neow_cost":"PERCENT_DAMAGE","seed_source_timestamp":352424294225800,"circlet_count":0,"master_deck":["AscendersBane","Strike_R","Strike_R","Strike_R","Defend_R","Defend_R","Defend_R","Defend_R","Bash","Dramatic Entrance","Dark Shackles","Shrug It Off","Clothesline","Headbutt","Clash","Demon Form+1","Heavy Blade","Warcry+1","Heavy Blade","Dual Wield","Reaper","Flame Barrier","True Grit","Clash"],"relics":["Burning Blood","Mango","Calipers","Sozu","Nloth\u0027s Gift","Membership Card"],"potions_floor_usage":[6,8,13,21,22],"damage_taken":[{"damage":0,"enemies":"2 Louse","floor":1,"turns":3},{"damage":1,"enemies":"Cultist","floor":2,"turns":3},{"damage":1,"enemies":"Jaw Worm","floor":4,"turns":3},{"damage":13,"enemies":"Large Slime","floor":5,"turns":6},{"damage":46,"enemies":"3 Sentries","floor":6,"turns":12},{"damage":40,"enemies":"Lagavulin","floor":8,"turns":8},{"damage":5,"enemies":"2 Fungi Beasts","floor":11,"turns":4},{"damage":5,"enemies":"Blue Slaver","floor":13,"turns":2},{"damage":13,"enemies":"Lots of Slimes","floor":14,"turns":3},{"damage":21,"enemies":"Slime Boss","floor":16,"turns":8},{"damage":16,"enemies":"Shell Parasite","floor":18,"turns":5},{"damage":29,"enemies":"3 Byrds","floor":21,"turns":5},{"damage":43,"enemies":"Snake Plant","floor":22,"turns":4},{"damage":44,"enemies":"Slavers","floor":24,"turns":3}],"seed_played":"634382042926320207","potions_obtained":[{"floor":1,"key":"LiquidBronze"},{"floor":6,"key":"SkillPotion"},{"floor":8,"key":"Energy Potion"},{"floor":11,"key":"Ancient Potion"},{"floor":16,"key":"FearPotion"}],"is_trial":false,"path_per_floor":["M","M","?","M","M","E","R","E","T","R","M","R","M","M","R","B",null,"M","?","$","M","M","R","E"],"character_chosen":"IRONCLAD","items_purchased":["Membership Card"],"campfire_rested":3,"item_purchase_floors":[20],"current_hp_per_floor":[56,61,61,66,59,19,41,21,21,21,22,22,23,16,42,27,74,64,64,64,52,15,41,0],"gold":160,"neow_bonus":"RANDOM_COLORLESS_2","is_prod":false,"is_daily":false,"chose_seed":false,"campfire_upgraded":2,"win_rate":0,"timestamp":1558134780,"path_taken":["M","M","?","M","M","E","R","E","T","R","M","R","M","?","R","BOSS","M","?","$","M","?","R","E"],"build_version":"2019-01-23","purchased_purges":1,"victory":false,"max_hp_per_floor":[75,75,75,75,75,75,75,89,89,89,89,89,89,89,89,89,89,89,89,89,89,89,89,89],"card_choices":[{"not_picked":["Perfected Strike","Hemokinesis"],"picked":"Shrug It Off","floor":1},{"not_picked":["Clash","Hemokinesis"],"picked":"Clothesline","floor":2},{"not_picked":["Fire Breathing","Combust"],"picked":"Headbutt","floor":4},{"not_picked":["Sentinel","Impervious"],"picked":"Clash","floor":5},{"not_picked":["Shrug It Off","True Grit"],"picked":"Demon Form","floor":6},{"not_picked":["Warcry","Wild Strike"],"picked":"Heavy Blade","floor":8},{"not_picked":["Flex","Seeing Red"],"picked":"Warcry","floor":11},{"not_picked":["Cleave","Carnage"],"picked":"Heavy Blade","floor":13},{"not_picked":["Shrug It Off","Havoc"],"picked":"Dual Wield","floor":14},{"not_picked":["Juggernaut","Impervious"],"picked":"Reaper","floor":16},{"not_picked":["Perfected Strike","Pommel Strike"],"picked":"Flame Barrier","floor":18},{"not_picked":["Inflame","Feel No Pain"],"picked":"True Grit","floor":21},{"not_picked":["Pommel Strike","Immolate"],"picked":"Clash","floor":22}],"player_experience":1139223,"relics_obtained":[{"floor":6,"key":"Blue Candle"},{"floor":8,"key":"Mango"},{"floor":9,"key":"Calipers"}],"event_choices":[{"cards_removed":["Strike_R"],"damage_healed":0,"gold_gain":0,"player_choice":"Offered Basic","damage_taken":0,"max_hp_gain":0,"max_hp_loss":0,"event_name":"Bonfire Elementals","floor":3,"gold_loss":0},{"damage_healed":0,"gold_gain":0,"player_choice":"Traded Relic","damage_taken":0,"relics_obtained":["Nloth\u0027s Gift"],"max_hp_gain":0,"max_hp_loss":0,"event_name":"N\u0027loth","floor":19,"relics_lost":["Blue Candle"],"gold_loss":0}],"is_beta":false,"boss_relics":[{"not_picked":["Philosopher\u0027s Stone","Runic Cube"],"picked":"Sozu"}],"items_purged_floors":[20],"is_endless":false,"potions_floor_spawned":[1,6,8,11,16,18,22],"killed_by":"Slavers","ascension_level":16}