{"gold_per_floor":[114,114,114,114,124,124,153,170,193,218,231,231],"floor_reached":12,"playtime":181,"items_purged":[],"score":209,"play_id":"cb79d8cb-5129-4c04-a200-fb5da5ad34ce","local_time":"20190812224242","is_ascension_mode":true,"campfire_choices":[{"data":"Zap","floor":6,"key":"SMITH"}],"neow_cost":"NONE","seed_source_timestamp":885146771049200,"circlet_count":0,"master_deck":["AscendersBane","Strike_B","Strike_B","Strike_B","Strike_B","Defend_B","Defend_B","Defend_B+1","Defend_B","Zap+1","Dualcast+1","Gash","Gash","Coolheaded","Cold Snap","Beam Cell","Fusion"],"relics":["Cracked Core","NeowsBlessing","Bag of Marbles","Ancient Tea Set","PreservedInsect"],"potions_floor_usage":[10],"damage_taken":[{"damage":0,"enemies":"2 Louse","floor":1,"turns":1},{"damage":0,"enemies":"Jaw Worm","floor":5,"turns":1},{"damage":0,"enemies":"Lagavulin","floor":7,"turns":1},{"damage":0,"enemies":"Cultist","floor":8,"turns":2},{"damage":26,"enemies":"Gremlin Nob","floor":10,"turns":4},{"damage":4,"enemies":"Looter","floor":11,"turns":3},{"damage":14,"enemies":"Red Slaver","floor":12,"turns":1}],"seed_played":"-988808848441666185","potions_obtained":[{"floor":4,"key":"Energy Potion"},{"floor":4,"key":"PowerPotion"},{"floor":11,"key":"Poison Potion"}],"is_trial":false,"path_per_floor":["M","$","?","?","M","R","E","M","T","E","M","M"],"character_chosen":"DEFECT","items_purchased":[],"campfire_rested":0,"item_purchase_floors":[],"current_hp_per_floor":[64,64,43,43,43,43,43,43,43,17,13,0],"gold":231,"neow_bonus":"THREE_ENEMY_KILL","is_prod":false,"is_daily":false,"chose_seed":false,"campfire_upgraded":1,"win_rate":0,"timestamp":1565642562,"path_taken":["M","$","?","?","M","R","E","M","T","E","M","?"],"build_version":"2019-07-17","purchased_purges":0,"victory":false,"max_hp_per_floor":[71,71,71,71,71,71,71,71,71,71,71,71],"card_choices":[{"not_picked":["Capacitor","Rip and Tear"],"picked":"Gash","floor":1},{"not_picked":["Steam Power","Barrage"],"picked":"Gash","floor":5},{"not_picked":["Barrage","Rebound"],"picked":"Coolheaded","floor":7},{"not_picked":["Rebound","Reinforced Body"],"picked":"Cold Snap","floor":8},{"not_picked":["Hello World","Cold Snap"],"picked":"Beam Cell","floor":10},{"not_picked":["Tempest","Glacier"],"picked":"Fusion","floor":11}],"player_experience":1851754,"relics_obtained":[{"floor":7,"key":"Bag of Marbles"},{"floor":9,"key":"Ancient Tea Set"},{"floor":10,"key":"PreservedInsect"}],"event_choices":[{"damage_healed":0,"gold_gain":0,"player_choice":"Entered Light","damage_taken":21,"max_hp_gain":0,"max_hp_loss":0,"event_name":"Shining Light","floor":3,"gold_loss":0,"cards_upgraded":["Dualcast","Defend_B"]},{"damage_healed":0,"gold_gain":0,"player_choice":"Got Potions","damage_taken":0,"max_hp_gain":0,"max_hp_loss":0,"event_name":"Lab","floor":4,"gold_loss":0}],"is_beta":false,"boss_relics":[],"items_purged_floors":[],"is_endless":false,"potions_floor_spawned":[8,11],"killed_by":"Red Slaver","ascension_level":17}