{"gold_per_floor":[118,193,193,212,212,212,242,255,334,362,376,411,429,441,441,518,518,536,157,174,189,203,203],"floor_reached":23,"playtime":1102,"items_purged":["Dualcast"],"score":480,"play_id":"42421144-637d-4ecf-878c-0b4134b0ca7c","local_time":"20190630225455","is_ascension_mode":true,"campfire_choices":[{"data":"Zap","floor":6.0,"key":"SMITH"},{"floor":15,"key":"REST"}],"neow_cost":"NONE","seed_source_timestamp":1483225805052440,"circlet_count":0,"master_deck":["AscendersBane","Defend_B","Defend_B","Defend_B","Defend_B","Zap+1","Rebound","Sweeping Beam","Cold Snap","Conserve Battery","Gash","Gash","Glacier","Core Surge","Static Discharge","Reboot","Scrape+1","Hello World+1","Echo Form+1","Cold Snap","Steam","Gash","Defragment","Defragment"],"special_seed":0,"relics":["Cracked Core","NeowsBlessing","Orichalcum","Gremlin Horn","Letter Opener","Regal Pillow","Astrolabe","Centennial Puzzle"],"potions_floor_usage":[13,13,14,16,22,23],"damage_taken":[{"damage":0.0,"enemies":"Jaw Worm","floor":1.0,"turns":1.0},{"damage":0.0,"enemies":"Small Slimes","floor":4.0,"turns":1.0},{"damage":0.0,"enemies":"Lagavulin","floor":7.0,"turns":1.0},{"damage":0.0,"enemies":"Cultist","floor":8.0,"turns":3.0},{"damage":16.0,"enemies":"Gremlin Nob","floor":10.0,"turns":4.0},{"damage":15.0,"enemies":"Exordium Thugs","floor":11.0,"turns":4.0},{"damage":12.0,"enemies":"Lagavulin","floor":12.0,"turns":5.0},{"damage":0,"enemies":"3 Louse","floor":13,"turns":2},{"damage":0,"enemies":"Gremlin Gang","floor":14,"turns":3},{"damage":25,"enemies":"The Guardian","floor":16,"turns":13},{"damage":3,"enemies":"Spheric Guardian","floor":18,"turns":4},{"damage":14,"enemies":"Shell Parasite","floor":20,"turns":5},{"damage":15,"enemies":"Shelled Parasite and Fungi","floor":21,"turns":5},{"damage":10,"enemies":"Centurion and Healer","floor":22,"turns":6},{"damage":28,"enemies":"Book of Stabbing","floor":23,"turns":3}],"seed_played":"-370411323984899467","potions_obtained":[{"floor":7.0,"key":"FocusPotion"},{"floor":10.0,"key":"GamblersBrew"},{"floor":12.0,"key":"Poison Potion"},{"floor":13,"key":"AttackPotion"},{"floor":14,"key":"Block Potion"},{"floor":21,"key":"SpeedPotion"},{"floor":22,"key":"SkillPotion"}],"is_trial":false,"path_per_floor":["M","?","?","M","?","R","E","M","T","E","M","E","M","M","R","B",null,"M","$","M","M","M","E"],"character_chosen":"DEFECT","items_purchased":["Centennial Puzzle","Fruit Juice","Steam"],"campfire_rested":1,"item_purchase_floors":[19,19,19],"current_hp_per_floor":[64,53,58,58,51,51,51,51,51,35,20,8,8,8,45,20,62,59,59,45,30,25,0],"gold":203,"neow_bonus":"THREE_ENEMY_KILL","is_prod":false,"is_daily":false,"chose_seed":false,"campfire_upgraded":1,"win_rate":0,"timestamp":1561928095,"path_taken":["M","?","?","M","?","R","E","?","T","E","M","E","M","M","R","BOSS","M","$","M","M","M","E"],"build_version":"2019-01-23","purchased_purges":1,"victory":false,"max_hp_per_floor":[71,71,76,76,76,76,76,76,76,76,76,76,76,76,76,76,76,76,76,76,76,81,81],"card_choices":[{"not_picked":["Double Energy","Beam Cell"],"picked":"Rebound","floor":1.0},{"not_picked":["Stack","Turbo"],"picked":"Sweeping Beam","floor":4.0},{"not_picked":["Machine Learning","Rebound"],"picked":"Cold Snap","floor":7.0},{"not_picked":["Steam Power","Gash"],"picked":"Conserve Battery","floor":8.0},{"not_picked":["Scrape","Darkness"],"picked":"Gash","floor":10.0},{"not_picked":["Stack","Steam"],"picked":"Gash","floor":11.0},{"not_picked":["Sweeping Beam","Gash"],"picked":"Glacier","floor":12.0},{"not_picked":["Beam Cell","Rebound"],"picked":"Core Surge","floor":13},{"not_picked":["Streamline","Steam Power"],"picked":"Static Discharge","floor":14},{"not_picked":["Thunder Strike","Multi-Cast"],"picked":"Reboot","floor":16},{"not_picked":["Blizzard","Turbo"],"picked":"Cold Snap","floor":18},{"not_picked":["Cold Snap","Steam"],"picked":"Gash","floor":20},{"not_picked":["Sweeping Beam","Compile Driver"],"picked":"Defragment","floor":21},{"not_picked":["Cold Snap","Barrage"],"picked":"Defragment","floor":22}],"player_experience":863293,"relics_obtained":[{"floor":7.0,"key":"Orichalcum"},{"floor":9.0,"key":"Gremlin Horn"},{"floor":10.0,"key":"Letter Opener"},{"floor":12.0,"key":"Regal Pillow"}],"event_choices":[{"damage_healed":0.0,"max_hp_gain":0.0,"max_hp_loss":0.0,"gold_gain":75.0,"event_name":"World of Goop","player_choice":"Gather Gold","floor":2.0,"gold_loss":0.0,"damage_taken":11.0},{"damage_healed":0.0,"max_hp_gain":5.0,"max_hp_loss":0.0,"gold_gain":0.0,"event_name":"Big Fish","player_choice":"Donut","floor":3.0,"gold_loss":0.0,"damage_taken":0.0},{"cards_removed":["Strike_B"],"damage_healed":0.0,"max_hp_gain":0.0,"max_hp_loss":0.0,"gold_gain":0.0,"event_name":"Golden Wing","player_choice":"Card Removal","floor":5.0,"gold_loss":0.0,"damage_taken":7.0}],"is_beta":false,"boss_relics":[{"not_picked":["Philosopher\u0027s Stone","Eternal Feather"],"picked":"Astrolabe"}],"items_purged_floors":[19],"is_endless":false,"potions_floor_spawned":[7,10,12,13,14,21,22],"killed_by":"Book of Stabbing","ascension_level":20}