{"gold_per_floor":[116,116,116,41,58,58,68,68,68,68,87,118,135,153,153,248,248,260,185,185,203,203,203,220,220,220,43,43,60,60,79,79,79],"floor_reached":33,"playtime":1365,"items_purged":["Strike_R","Strike_R"],"score":383,"play_id":"24223bba-23fb-4fde-bd7a-7c086353c3c2","local_time":"20190920113825","is_ascension_mode":true,"campfire_choices":[{"data":"Bash","floor":6.0,"key":"SMITH"},{"data":"Uppercut","floor":8.0,"key":"SMITH"},{"data":"Twin Strike","floor":10.0,"key":"SMITH"},{"data":"True Grit","floor":15.0,"key":"SMITH"},{"data":"Flame Barrier","floor":23,"key":"SMITH"},{"data":"Double Tap","floor":25,"key":"SMITH"},{"data":"Battle Trance","floor":28,"key":"SMITH"},{"data":"Inflame","floor":30,"key":"SMITH"},{"floor":32,"key":"REST"}],"neow_cost":"NONE","seed_source_timestamp":465204429586549,"circlet_count":0,"master_deck":["AscendersBane","Strike_R","Strike_R","Defend_R","Defend_R","Defend_R","Defend_R","Bash+1","Twin Strike+1","Shrug It Off","Uppercut+1","True Grit+1","Flame Barrier+1","Double Tap+1","Blood for Blood+1","True Grit+1","Battle Trance+1","Inflame+1"],"special_seed":0,"relics":["Burning Blood","Potion Belt","Gremlin Horn","Red Skull","Snecko Eye","Orichalcum"],"potions_floor_usage":[29,33,33,33],"damage_taken":[{"damage":6.0,"enemies":"Cultist","floor":1.0,"turns":3.0},{"damage":6.0,"enemies":"Small Slimes","floor":5.0,"turns":4.0},{"damage":4.0,"enemies":"2 Louse","floor":7.0,"turns":3.0},{"damage":4.0,"enemies":"Exordium Thugs","floor":11.0,"turns":4.0},{"damage":18.0,"enemies":"Lagavulin","floor":12.0,"turns":5.0},{"damage":6.0,"enemies":"3 Louse","floor":13.0,"turns":4.0},{"damage":5.0,"enemies":"Gremlin Gang","floor":14.0,"turns":5.0},{"damage":48.0,"enemies":"Hexaghost","floor":16.0,"turns":11.0},{"damage":0.0,"enemies":"2 Thieves","floor":18.0,"turns":3.0},{"damage":3.0,"enemies":"3 Byrds","floor":21.0,"turns":4.0},{"damage":24,"enemies":"Snake Plant","floor":24,"turns":3},{"damage":24,"enemies":"Cultist and Chosen","floor":29,"turns":5},{"damage":0,"enemies":"Chosen and Byrds","floor":31,"turns":5},{"damage":70,"enemies":"Collector","floor":33,"turns":7}],"seed_played":"3842177537955793762","potions_obtained":[{"floor":1.0,"key":"Block Potion"},{"floor":5.0,"key":"Swift Potion"},{"floor":7.0,"key":"Strength Potion"},{"floor":11.0,"key":"SkillPotion"},{"floor":14.0,"key":"Explosive Potion"},{"floor":18.0,"key":"EssenceOfSteel"},{"floor":21.0,"key":"GamblersBrew"},{"floor":31,"key":"GamblersBrew"}],"is_trial":false,"path_per_floor":["M","?","$","$","M","R","M","R","T","R","M","E","M","M","R","B",null,"M","?","$","M","?","R","M","R","T","$","R","M","R","M","R","B"],"character_chosen":"IRONCLAD","items_purchased":["Battle Trance"],"campfire_rested":1,"item_purchase_floors":[27],"current_hp_per_floor":[72,80,80,80,80,80,80,80,80,80,80,68,68,69,69,27,67,73,73,73,76,76,76,58,58,58,58,58,40,40,46,70,0],"gold":79,"neow_bonus":"RANDOM_COMMON_RELIC","is_prod":false,"is_daily":false,"chose_seed":false,"campfire_upgraded":8,"win_rate":0,"timestamp":1569004705,"path_taken":["M","?","?","$","M","R","M","R","T","R","M","E","M","M","R","BOSS","M","?","$","M","?","R","M","R","T","$","R","M","R","M","R","BOSS"],"build_version":"2019-07-17","purchased_purges":2,"victory":false,"max_hp_per_floor":[80,80,80,80,80,80,80,80,80,80,80,80,80,80,80,80,80,80,80,80,80,80,80,80,80,80,80,80,80,80,80,80,80],"card_choices":[{"not_picked":["Combust","Anger"],"picked":"Twin Strike","floor":1.0},{"not_picked":["Warcry","Heavy Blade"],"picked":"Shrug It Off","floor":5.0},{"not_picked":["Havoc","Clothesline","Uppercut"],"picked":"SKIP","floor":7.0},{"not_picked":["Havoc","Clothesline"],"picked":"Uppercut","floor":7.0},{"not_picked":["Thunderclap","Rupture","Heavy Blade"],"picked":"SKIP","floor":11.0},{"not_picked":["Warcry","Clash"],"picked":"True Grit","floor":12.0},{"not_picked":["Sword Boomerang","Wild Strike","Ghostly Armor"],"picked":"SKIP","floor":13.0},{"not_picked":["Wild Strike","Rampage"],"picked":"Flame Barrier","floor":14.0},{"not_picked":["Bludgeon","Impervious"],"picked":"Double Tap","floor":16.0},{"not_picked":["Anger","Heavy Blade","Second Wind"],"picked":"SKIP","floor":18.0},{"not_picked":["Second Wind","Iron Wave"],"picked":"Blood for Blood+1","floor":21.0},{"not_picked":["Wild Strike+1","Inflame"],"picked":"True Grit+1","floor":24},{"not_picked":["Twin Strike+1","Iron Wave"],"picked":"Inflame","floor":29},{"not_picked":["Infernal Blade","Searing Blow+1","Pommel Strike"],"picked":"SKIP","floor":31}],"player_experience":218278,"relics_obtained":[{"floor":9.0,"key":"Gremlin Horn"},{"floor":12.0,"key":"Red Skull"},{"floor":26,"key":"Orichalcum"}],"event_choices":[{"damage_healed":8.0,"max_hp_gain":0.0,"max_hp_loss":0.0,"gold_gain":0.0,"event_name":"Wheel of Change","player_choice":"Full Heal","floor":2.0,"gold_loss":0.0,"damage_taken":0.0},{"cards_removed":["Strike_R"],"damage_healed":0.0,"max_hp_gain":0.0,"max_hp_loss":0.0,"gold_gain":0.0,"event_name":"Beggar","player_choice":"Gave Gold","floor":19.0,"gold_loss":75.0,"damage_taken":0.0},{"damage_healed":0,"gold_gain":0,"player_choice":"Ignored","damage_taken":0,"max_hp_gain":0,"max_hp_loss":0,"event_name":"The Mausoleum","floor":22,"gold_loss":0}],"is_beta":false,"boss_relics":[{"not_picked":["Runic Pyramid","Runic Cube"],"picked":"Snecko Eye"}],"items_purged_floors":[4,27],"is_endless":false,"potions_floor_spawned":[1,5,7,11,14,18,21,31],"killed_by":"Collector","ascension_level":11}