{"path_per_floor":["M","M","M","?","$","R","E","M","T","M","R","$","T","?","R","B",null,"M","$","?","?","?","R","E","R","T","M","?","$","R","E","R"],"character_chosen":"IRONCLAD","items_purchased":["Bandage Up"],"gold_per_floor":[110,130,146,146,71,71,102,117,140,151,151,51,51,1,1,105,105,121,16,16,16,16,16,43,43,43,63,63,63,63,88,88],"floor_reached":33,"campfire_rested":1,"playtime":1547,"current_hp_per_floor":[80,80,79,79,79,79,55,47,47,44,44,44,44,44,44,50,73,56,56,56,80,80,80,43,43,43,46,46,46,46,15,39],"items_purged":["Defend_R","Defend_R"],"gold":88,"play_id":"a684f5fc-adf7-4960-ac16-dbd0b8e3b99c","is_prod":false,"is_daily":false,"is_ascension_mode":true,"campfire_upgraded":6,"path_taken":["M","M","M","?","$","R","E","M","T","M","R","$","?","?","R","BOSS","M","$","?","?","?","R","E","R","T","?","?","$","R","E","R","BOSS"],"build_version":"2018-02-01-PROD3","purchased_purges":2,"victory":false,"master_deck":["Strike_R","Strike_R","Defend_R+1","Defend_R+1","Double Tap+1","Shockwave","Rampage+1","Thunderclap+1","Offering","Perfected Strike+1","Perfected Strike+1","Bandage Up","Shrug It Off+1","Perfected Strike","Shrug It Off+1"],"max_hp_per_floor":[80,80,80,80,80,80,80,80,80,80,80,80,80,80,80,80,80,80,80,80,80,80,80,80,80,80,80,80,80,80,80,80],"relics":["Burning Blood","Frozen Eye","War Paint","Calipers","Orrery","Anchor","Peace Pipe","Pantograph"],"card_choices":[{"not_picked":["Havoc","Seeing Red"],"picked":"Shockwave"},{"not_picked":["Inflame","Battle Trance"],"picked":"Rampage"},{"not_picked":["Havoc","Wild Strike"],"picked":"Thunderclap"},{"not_picked":["Brutality","Fiend Fire"],"picked":"Offering"},{"not_picked":["Havoc","Brutality"],"picked":"Perfected Strike"},{"not_picked":["Anger","Heavy Blade"],"picked":"Perfected Strike"},{"not_picked":["Seeing Red","Disarm"],"picked":"Shrug It Off"},{"not_picked":["Burning Pact","Power Through"],"picked":"Perfected Strike"},{"not_picked":["Twin Strike","Clothesline"],"picked":"Shrug It Off"}],"player_experience":159317,"potions_floor_usage":[31,33],"damage_taken":[{"damage":6.0,"enemies":"Cultist","floor":1.0,"turns":3.0},{"damage":0.0,"enemies":"Small Slimes","floor":2.0,"turns":3.0},{"damage":7.0,"enemies":"2 Louse","floor":3.0,"turns":3.0},{"damage":30.0,"enemies":"Lagavulin","floor":7.0,"turns":5.0},{"damage":14.0,"enemies":"Exordium Thugs","floor":8.0,"turns":4.0},{"damage":9.0,"enemies":"2 Fungi Beasts","floor":10.0,"turns":3.0},{"damage":12.0,"enemies":"Slime Boss","floor":16.0,"turns":6.0},{"damage":23.0,"enemies":"Shell Parasite","floor":18.0,"turns":3.0},{"damage":47.0,"enemies":"Book of Stabbing","floor":24.0,"turns":4.0},{"damage":7.0,"enemies":"3 Byrds","floor":27.0,"turns":6.0},{"damage":41,"enemies":"Gremlin Leader","floor":31,"turns":6},{"damage":73,"enemies":"Automaton","floor":33,"turns":6}],"event_choices":[{"event_name":"Living Wall","player_choice":"Forget","floor":4.0,"damage_taken":0.0},{"event_name":"The Cleric","player_choice":"Card Removal","floor":14.0,"damage_taken":0.0},{"event_name":"Bonfire Elementals","player_choice":"BASIC","floor":20.0,"damage_taken":0.0},{"event_name":"The Library","player_choice":"Heal","floor":21.0,"damage_taken":0.0},{"event_name":"Addict","player_choice":"Ignored","floor":22.0,"damage_taken":0.0},{"event_name":"Back to Basics","player_choice":"Elegance","floor":28,"damage_taken":0}],"boss_relics":[],"potions_floor_spawned":[1,8,27,31],"seed_played":"-8215237244768652949","killed_by":"Automaton","ascension_level":5,"is_trial":false}