{"path_per_floor":["M","?","?","M","?","R","M","$","T","M","R","M","M","M","R","B",null,"M","?","$","M","$","R","$","?","T","R","$","M","R","M","R","B",null,"M","M","M","?","?","R","M","R","T","?","$","E","R","M","R","B"],"character_chosen":"IRONCLAD","items_purchased":["Shrug It Off","Blood Vial","Vajra","Bag of Marbles"],"gold_per_floor":[113,113,113,126,126,126,141,14,67,85,85,108,131,156,156,287,287,310,310,15,36,36,36,36,36,36,36,36,57,57,78,78,203,203,228,246,265,265,265,265,284,284,284,284,29,67,67,86,86,86],"floor_reached":51,"campfire_rested":1,"playtime":2090,"item_purchase_floors":[],"current_hp_per_floor":[71,51,48,42,47,47,49,49,56,57,57,24,28,24,24,25,72,64,87,87,81,81,81,81,81,81,81,81,74,74,82,82,23,71,79,87,53,53,53,79,87,87,87,87,87,87,87,87,87,66],"items_purged":["Strike_R","Defend_R"],"gold":86,"score":981,"play_id":"38139b13-7c24-4b5e-a229-2b1d96080576","local_time":"20180622204205","is_prod":false,"is_daily":false,"chose_seed":false,"is_ascension_mode":true,"campfire_upgraded":10,"win_rate":0,"timestamp":1529696525,"campfire_choices":[{"data":"Uppercut","floor":6.0,"key":"SMITH"},{"data":"Disarm","floor":11.0,"key":"SMITH"},{"data":"Bludgeon","floor":15.0,"key":"SMITH"},{"data":"Bash","floor":23.0,"key":"SMITH"},{"data":"Battle Trance","floor":27.0,"key":"SMITH"},{"data":"Shrug It Off","floor":30.0,"key":"SMITH"},{"data":"Dark Embrace","floor":32.0,"key":"SMITH"},{"floor":40,"key":"REST"},{"data":"Impervious","floor":42,"key":"SMITH"},{"data":"Defend_R","floor":47,"key":"SMITH"},{"data":"Strike_R","floor":49,"key":"SMITH"}],"path_taken":["M","?","?","?","?","R","M","$","T","?","R","M","M","M","R","BOSS","M","?","?","M","$","R","$","?","T","R","?","M","R","M","R","BOSS","M","M","M","?","?","R","M","R","T","?","$","E","R","M","R","BOSS"],"build_version":"2018-06-21","seed_source_timestamp":0,"purchased_purges":2,"circlet_count":0,"victory":true,"master_deck":["Strike_R","Strike_R","Strike_R+1","Defend_R+1","Defend_R","Defend_R","Bash+1","Uppercut+1","Disarm+1","Battle Trance+1","Shrug It Off+1","Bludgeon+1","Impervious+1","Bludgeon+1","Pommel Strike+1","Barricade"],"max_hp_per_floor":[80,80,80,80,80,80,80,80,87,87,87,87,87,87,87,87,87,87,87,87,87,87,87,87,87,87,87,87,87,87,87,87,87,87,87,87,87,87,87,87,87,87,87,87,87,87,87,87,87,87],"special_seed":0,"relics":["Burning Blood","Golden Idol","Pantograph","Strawberry","Busted Crown","Blood Vial","Vajra","Dead Branch","Snecko Eye","Magic Flower","Bag of Marbles","Molten Egg 2"],"card_choices":[{"not_picked":["Heavy Blade","Blood for Blood"],"picked":"Clothesline","floor":0.0},{"not_picked":["Thunderclap","Wild Strike"],"picked":"Uppercut","floor":1.0},{"not_picked":["Anger","Perfected Strike"],"picked":"Disarm","floor":4.0},{"not_picked":["Body Slam","Perfected Strike"],"picked":"Battle Trance","floor":7.0},{"not_picked":["Clothesline","Havoc","Disarm"],"picked":"SKIP","floor":10.0},{"not_picked":["Clothesline","Anger","Dual Wield"],"picked":"SKIP","floor":12.0},{"not_picked":["Power Through","Flex","Sentinel"],"picked":"SKIP","floor":13.0},{"not_picked":["Pommel Strike","Thunderclap"],"picked":"Bludgeon","floor":14.0},{"not_picked":["Limit Break","Reaper"],"picked":"Dark Embrace","floor":16.0},{"not_picked":["Havoc"],"picked":"SKIP","floor":18.0},{"not_picked":["Flex"],"picked":"SKIP","floor":21.0},{"not_picked":["Sword Boomerang"],"picked":"SKIP","floor":29.0},{"not_picked":["Flex"],"picked":"SKIP","floor":31.0},{"not_picked":[],"picked":"Impervious","floor":33.0},{"not_picked":["Twin Strike+1"],"picked":"SKIP","floor":35},{"not_picked":["Clash+1"],"picked":"SKIP","floor":36},{"not_picked":["Disarm"],"picked":"SKIP","floor":37},{"not_picked":[],"picked":"Pommel Strike+1","floor":41},{"not_picked":[],"picked":"Barricade","floor":46},{"not_picked":["Headbutt+1"],"picked":"SKIP","floor":48}],"player_experience":472643,"potions_floor_usage":[50,50],"damage_taken":[{"damage":7.0,"enemies":"2 Louse","floor":1.0,"turns":3.0},{"damage":12.0,"enemies":"Small Slimes","floor":4.0,"turns":4.0},{"damage":4.0,"enemies":"Jaw Worm","floor":7.0,"turns":4.0},{"damage":5.0,"enemies":"3 Louse","floor":10.0,"turns":6.0},{"damage":39.0,"enemies":"Lots of Slimes","floor":12.0,"turns":9.0},{"damage":2.0,"enemies":"Blue Slaver","floor":13.0,"turns":6.0},{"damage":10.0,"enemies":"Gremlin Gang","floor":14.0,"turns":9.0},{"damage":30.0,"enemies":"Hexaghost","floor":16.0,"turns":9.0},{"damage":14.0,"enemies":"2 Thieves","floor":18.0,"turns":4.0},{"damage":12.0,"enemies":"Shell Parasite","floor":21.0,"turns":4.0},{"damage":15.0,"enemies":"Centurion and Healer","floor":29.0,"turns":8.0},{"damage":0.0,"enemies":"Chosen and Byrds","floor":31.0,"turns":6.0},{"damage":70.0,"enemies":"Collector","floor":33.0,"turns":11.0},{"damage":0,"enemies":"Orb Walker","floor":35,"turns":2},{"damage":0,"enemies":"3 Shapes","floor":36,"turns":4},{"damage":40,"enemies":"Maw","floor":37,"turns":7},{"damage":0,"enemies":"3 Darklings","floor":41,"turns":3},{"damage":0,"enemies":"2 Orb Walkers","floor":46,"turns":2},{"damage":0,"enemies":"4 Shapes","floor":48,"turns":4},{"damage":30,"enemies":"Donu and Deca","floor":50,"turns":7}],"relics_obtained":[{"floor":9.0,"key":"Strawberry"},{"floor":26.0,"key":"Dead Branch"},{"floor":43,"key":"Magic Flower"},{"floor":46,"key":"Molten Egg 2"}],"event_choices":[{"event_name":"Golden Idol","player_choice":"Take Damage","floor":2.0,"damage_taken":0.0},{"event_name":"Scrap Ooze","player_choice":"success","floor":3.0,"damage_taken":3.0},{"event_name":"Bonfire Elementals","player_choice":"COMMON","floor":5.0,"damage_taken":0.0},{"event_name":"The Library","player_choice":"Heal","floor":19.0,"damage_taken":0.0},{"event_name":"Purifier","player_choice":"One Purge","floor":25.0,"damage_taken":0.0},{"event_name":"Duplicator","player_choice":"One dupe","floor":38,"damage_taken":0},{"event_name":"Tomb of Lord Red Mask","player_choice":"Ignored","floor":39,"damage_taken":0},{"event_name":"Falling","player_choice":"Removed Power","floor":44,"damage_taken":0}],"boss_relics":[{"not_picked":["Runic Cube","White Beast Statue"],"picked":"Busted Crown"},{"not_picked":["Pandora\u0027s Box","Black Star"],"picked":"Snecko Eye"}],"items_purged_floors":[],"is_endless":false,"potions_floor_spawned":[4,12,16,18,21,29,33,36,37,41],"seed_played":"-5600411844152091070","ascension_level":9,"potions_obtained":[{"floor":4.0,"key":"Strength Potion"},{"floor":12.0,"key":"Fire Potion"},{"floor":16.0,"key":"Swift Potion"},{"floor":18.0,"key":"BloodPotion"},{"floor":21.0,"key":"FearPotion"},{"floor":33.0,"key":"FearPotion"},{"floor":36,"key":"PowerPotion"}],"is_trial":false}