{"gold_per_floor":[117,136,163,176,15,15,15,15,15,32,32,58,116,156,168,257,269,297,327,22,22,33,64,64,38,65,65,65,98,116,116],"floor_reached":31,"playtime":1321,"items_purged":["Strike_R","Strike_R"],"score":452,"play_id":"48177d2e-beee-4d62-819b-064666cdde89","local_time":"20190610125855","is_ascension_mode":true,"campfire_choices":[{"data":"Shockwave","floor":6,"key":"SMITH"},{"data":"Bash","floor":8,"key":"SMITH"},{"data":"Metallicize","floor":11,"key":"SMITH"},{"data":"Limit Break","floor":15,"key":"SMITH"},{"data":"Armaments","floor":24,"key":"SMITH"},{"floor":28,"key":"REST"}],"neow_cost":"NONE","seed_source_timestamp":288499004359800,"circlet_count":0,"master_deck":["AscendersBane","Strike_R+1","Strike_R+1","Strike_R+1","Defend_R+1","Defend_R+1","Defend_R+1","Defend_R+1","Bash+1","Metallicize+1","Anger","Shockwave+1","Second Wind+1","Heavy Blade","Limit Break+1","Burning Pact","Flex","Double Tap","Heavy Blade","Panache","Second Wind","Armaments+1","Flex","Entrench","Corruption"],"relics":["Burning Blood","Lantern","Dream Catcher","Bag of Preparation","Letter Opener","MawBank","Odd Mushroom","Busted Crown","Bottled Tornado","Omamori","Champion Belt","Red Mask"],"potions_floor_usage":[12,13,16,23,29],"damage_taken":[{"damage":5,"enemies":"Cultist","floor":1,"turns":5},{"damage":9,"enemies":"Small Slimes","floor":2,"turns":4},{"damage":10,"enemies":"Jaw Worm","floor":4,"turns":4},{"damage":0,"enemies":"3 Louse","floor":10,"turns":4},{"damage":8,"enemies":"Gremlin Nob","floor":12,"turns":4},{"damage":2,"enemies":"Gremlin Nob","floor":13,"turns":4},{"damage":9,"enemies":"The Mushroom Lair","floor":14,"turns":5},{"damage":30,"enemies":"The Guardian","floor":16,"turns":10},{"damage":10,"enemies":"Shell Parasite","floor":18,"turns":5},{"damage":1,"enemies":"Chosen","floor":19,"turns":5},{"damage":16,"enemies":"3 Cultists","floor":22,"turns":6},{"damage":26,"enemies":"Slavers","floor":23,"turns":7},{"damage":42,"enemies":"Masked Bandits","floor":29,"turns":5},{"damage":10,"enemies":"Shelled Parasite and Fungi","floor":30,"turns":5},{"damage":16,"enemies":"Snake Plant","floor":31,"turns":4}],"seed_played":"7310589484976108504","potions_obtained":[{"floor":4,"key":"Block Potion"},{"floor":12,"key":"Block Potion"},{"floor":13,"key":"Weak Potion"},{"floor":22,"key":"AttackPotion"},{"floor":23,"key":"AttackPotion"}],"is_trial":false,"path_per_floor":["M","M","T","M","$","R","?","R","T","M","R","E","?","?","R","B",null,"M","M","$","?","M","E","R","$","T","?","R","?","M","M"],"character_chosen":"IRONCLAD","items_purchased":["Second Wind","Panache","Flex"],"campfire_rested":1,"item_purchase_floors":[5,20,25],"current_hp_per_floor":[69,66,66,62,62,62,39,39,39,45,45,43,47,44,44,20,61,57,62,62,62,52,32,32,32,32,32,54,18,14,0],"gold":116,"neow_bonus":"RANDOM_COMMON_RELIC","is_prod":false,"is_daily":false,"chose_seed":false,"campfire_upgraded":5,"win_rate":0,"timestamp":1560164335,"path_taken":["M","M","?","M","?","R","?","R","T","?","R","E","?","?","R","BOSS","M","M","$","?","M","E","R","$","T","?","R","?","M","M"],"build_version":"2019-01-23","purchased_purges":2,"victory":false,"max_hp_per_floor":[75,75,75,75,75,75,75,75,75,75,75,75,75,75,75,75,75,75,75,75,75,75,75,75,75,75,75,75,75,75,75],"card_choices":[{"not_picked":["True Grit","Thunderclap"],"picked":"Metallicize","floor":1},{"not_picked":["Feel No Pain","Perfected Strike"],"picked":"Anger","floor":2},{"not_picked":["Warcry","Ghostly Armor"],"picked":"Shockwave","floor":4},{"not_picked":["Bloodletting","Rupture"],"picked":"Heavy Blade","floor":10},{"not_picked":["Pommel Strike","Perfected Strike"],"picked":"Limit Break","floor":12},{"not_picked":["Fire Breathing","Pummel"],"picked":"Burning Pact","floor":13},{"not_picked":["Rage","Reckless Charge"],"picked":"Flex","floor":14},{"not_picked":["Berserk","Reaper"],"picked":"Double Tap","floor":16},{"not_picked":[],"picked":"Heavy Blade","floor":18},{"not_picked":["Shockwave"],"picked":"SKIP","floor":19},{"not_picked":[],"picked":"Second Wind","floor":22},{"not_picked":[],"picked":"Armaments","floor":23},{"not_picked":[],"picked":"Entrench","floor":29},{"not_picked":[],"picked":"Corruption","floor":30}],"player_experience":1280406,"relics_obtained":[{"floor":3,"key":"Dream Catcher"},{"floor":9,"key":"Bag of Preparation"},{"floor":12,"key":"Letter Opener"},{"floor":13,"key":"MawBank"},{"floor":14,"key":"Odd Mushroom"},{"floor":23,"key":"Bottled Tornado"},{"floor":26,"key":"Omamori"},{"floor":29,"key":"Red Mask"}],"event_choices":[{"damage_healed":0,"gold_gain":0,"player_choice":"Entered Light","damage_taken":23,"max_hp_gain":0,"max_hp_loss":0,"event_name":"Shining Light","floor":7,"gold_loss":0,"cards_upgraded":["Defend_R","Second Wind"]},{"damage_healed":0,"gold_gain":0,"player_choice":"Searched \u00271\u0027 times","damage_taken":0,"max_hp_gain":0,"max_hp_loss":0,"event_name":"Dead Adventurer","floor":13,"gold_loss":0},{"damage_healed":0,"gold_gain":0,"player_choice":"Fought Mushrooms","damage_taken":0,"max_hp_gain":0,"max_hp_loss":0,"event_name":"Mushrooms","floor":14,"gold_loss":0},{"damage_healed":0,"gold_gain":0,"player_choice":"Simplicity","damage_taken":0,"max_hp_gain":0,"max_hp_loss":0,"event_name":"Back to Basics","floor":21,"gold_loss":0,"cards_upgraded":["Strike_R","Strike_R","Strike_R","Defend_R","Defend_R","Defend_R"]},{"damage_healed":0,"gold_gain":0,"player_choice":"Stole Relic","damage_taken":0,"relics_obtained":["Champion Belt"],"max_hp_gain":0,"max_hp_loss":0,"event_name":"Addict","floor":27,"gold_loss":0,"cards_obtained":["Shame"]},{"damage_healed":0,"gold_gain":0,"player_choice":"Fought Bandits","damage_taken":0,"max_hp_gain":0,"max_hp_loss":0,"event_name":"Masked Bandits","floor":29,"gold_loss":0}],"is_beta":false,"boss_relics":[{"not_picked":["Snecko Eye","Eternal Feather"],"picked":"Busted Crown"}],"items_purged_floors":[5,20],"is_endless":false,"potions_floor_spawned":[4,12,13,22,23],"killed_by":"Snake Plant","ascension_level":16}