{"path_per_floor":["M","M","?","?","M","E","R","M","T","R","$","?","?","M","R","B",null,"M","?","M","$","M","R","M"],"character_chosen":"IRONCLAD","items_purchased":["Rampage"],"gold_per_floor":[117,137,87,87,97,130,130,146,146,146,71,71,146,163,163,263,263,281,281,299,128,139,139,151],"floor_reached":25,"campfire_rested":1,"playtime":2085,"current_hp_per_floor":[72,72,72,77,77,41,41,33,33,33,33,33,22,21,44,40,68,66,66,48,48,39,39,19],"items_purged":["Defend_R","Bash"],"gold":151,"play_id":"52c9b180-2817-4e7b-87c3-d37a5d0d2f44","is_prod":false,"is_daily":false,"is_ascension_mode":true,"campfire_upgraded":3,"path_taken":["M","M","?","?","M","E","R","M","T","R","?","?","?","M","R","BOSS","M","?","M","$","M","R","M","E"],"build_version":"2018-02-01-PROD3","purchased_purges":3,"victory":false,"master_deck":["Strike_R","Strike_R","Strike_R","Strike_R","Strike_R","Defend_R","Defend_R","Double Tap+1","Shrug It Off+1","Shrug It Off","Thunderclap","Limit Break","Feed","Inflame+1","Dropkick+1","Rampage+1"],"max_hp_per_floor":[72,72,72,77,77,77,77,77,77,77,77,77,77,77,77,77,77,77,77,80,80,83,83,86],"relics":["Burning Blood","Centennial Puzzle","Frozen Egg 2","Velvet Choker"],"card_choices":[{"not_picked":["Bludgeon","Reaper"],"picked":"Double Tap"},{"not_picked":["Warcry","Second Wind"],"picked":"Shrug It Off"},{"not_picked":["Warcry","Sentinel"],"picked":"Shrug It Off"},{"not_picked":["Second Wind","Ghostly Armor"],"picked":"Thunderclap"},{"not_picked":["Whirlwind","Heavy Blade"],"picked":"Limit Break"},{"not_picked":["Exhume","Immolate"],"picked":"Feed"},{"not_picked":["Blood for Blood","Burning Pact"],"picked":"Dropkick"}],"player_experience":174069,"potions_floor_usage":[16,16,16,24,25],"damage_taken":[{"damage":2,"enemies":"Jaw Worm","floor":1,"turns":3},{"damage":2,"enemies":"2 Louse","floor":2,"turns":3},{"damage":6,"enemies":"Cultist","floor":5,"turns":4},{"damage":42,"enemies":"3 Sentries","floor":6,"turns":11},{"damage":14,"enemies":"Looter","floor":8,"turns":3},{"damage":7,"enemies":"Large Slime","floor":14,"turns":8},{"damage":10,"enemies":"Slime Boss","floor":16,"turns":5},{"damage":8,"enemies":"Spheric Guardian","floor":18,"turns":4},{"damage":27,"enemies":"3 Byrds","floor":20,"turns":5},{"damage":18,"enemies":"Centurion and Healer","floor":22,"turns":4},{"damage":29,"enemies":"3 Cultists","floor":24,"turns":5},{"damage":20,"enemies":"Gremlin Leader","floor":25,"turns":2}],"event_choices":[{"event_name":"The Cleric","player_choice":"Card Removal","floor":3,"damage_taken":0},{"event_name":"Big Fish","player_choice":"Donut","floor":4,"damage_taken":0},{"event_name":"The Lab","player_choice":"Got Potions","floor":12,"damage_taken":0},{"event_name":"World of Goop","player_choice":"Gather Gold","floor":13,"damage_taken":0},{"event_name":"The Library","player_choice":"Read","floor":19,"damage_taken":0}],"boss_relics":[{"not_picked":["Astrolabe","Runic Cube"],"picked":"Velvet Choker"}],"potions_floor_spawned":[6,8,16,22],"seed_played":"6382312372695652046","killed_by":"Gremlin Leader","ascension_level":5,"is_trial":false}