{"gold_per_floor":[14,28,28,28,40,52,64,76,88,113,144,171,183,195,207,219],"floor_reached":16,"playtime":344,"items_purged":[],"score":171,"play_id":"582b3408-6acd-4955-9041-b47d0c36bf44","local_time":"20190829034343","is_ascension_mode":true,"campfire_choices":[{"data":"Zap","floor":6,"key":"SMITH"},{"data":"Fusion","floor":13,"key":"SMITH"},{"data":"Dualcast","floor":15,"key":"SMITH"}],"neow_cost":"NO_GOLD","seed_source_timestamp":1291509305905800,"circlet_count":0,"master_deck":["AscendersBane","Strike_B","Strike_B+1","Strike_B","Strike_B","Defend_B","Defend_B","Defend_B","Defend_B","Zap+1","Dualcast+1","White Noise+1","Auto Shields+1","Injury","Cold Snap","Fusion+1","Hologram"],"relics":["Cracked Core","Golden Idol","MawBank","Du-Vu Doll"],"potions_floor_usage":[2,16],"damage_taken":[{"damage":4,"enemies":"Jaw Worm","floor":1,"turns":3},{"damage":16,"enemies":"Small Slimes","floor":2,"turns":3},{"damage":0,"enemies":"2 Louse","floor":10,"turns":3},{"damage":0,"enemies":"Looter","floor":11,"turns":2},{"damage":0,"enemies":"2 Fungi Beasts","floor":12,"turns":3},{"damage":45,"enemies":"Slime Boss","floor":16,"turns":9}],"seed_played":"6417905815227432990","potions_obtained":[{"floor":1,"key":"GamblersBrew"},{"floor":10,"key":"Dexterity Potion"}],"is_trial":false,"path_per_floor":["M","M","?","?","?","R","?","?","T","M","M","M","R","$","R","B"],"character_chosen":"DEFECT","items_purchased":[],"campfire_rested":0,"item_purchase_floors":[],"current_hp_per_floor":[74,58,58,40,40,40,68,42,42,42,42,42,42,42,42,0],"gold":219,"neow_bonus":"TWENTY_PERCENT_HP_BONUS","is_prod":false,"is_daily":false,"chose_seed":false,"campfire_upgraded":3,"win_rate":0,"timestamp":1567043023,"path_taken":["M","M","?","?","?","R","?","?","T","M","M","M","R","$","R","BOSS"],"build_version":"2019-07-17","purchased_purges":0,"victory":false,"max_hp_per_floor":[85,85,85,85,85,85,85,85,85,85,85,85,85,85,85,85],"card_choices":[{"not_picked":["Blizzard","Sweeping Beam"],"picked":"White Noise","floor":1},{"not_picked":["White Noise","Chaos"],"picked":"Auto Shields","floor":2},{"not_picked":["Stack","BootSequence"],"picked":"Cold Snap","floor":10},{"not_picked":["Streamline","Redo"],"picked":"Fusion","floor":11},{"not_picked":["Heatsinks","Beam Cell"],"picked":"Hologram","floor":12}],"player_experience":1974954,"relics_obtained":[{"floor":9,"key":"Du-Vu Doll"}],"event_choices":[{"damage_healed":0,"gold_gain":0,"player_choice":"Take Wound","damage_taken":0,"relics_obtained":["Golden Idol"],"max_hp_gain":0,"max_hp_loss":0,"event_name":"Golden Idol","floor":3,"gold_loss":0,"cards_obtained":["Injury"]},{"damage_healed":0,"gold_gain":0,"player_choice":"Success","damage_taken":18,"relics_obtained":["MawBank"],"max_hp_gain":0,"max_hp_loss":0,"event_name":"Scrap Ooze","floor":4,"gold_loss":0},{"damage_healed":0,"gold_gain":0,"player_choice":"Grow","damage_taken":0,"max_hp_gain":0,"max_hp_loss":0,"event_name":"Living Wall","floor":5,"gold_loss":0,"cards_upgraded":["White Noise"]},{"damage_healed":28,"gold_gain":0,"player_choice":"Banana","damage_taken":0,"max_hp_gain":0,"max_hp_loss":0,"event_name":"Big Fish","floor":7,"gold_loss":0},{"damage_healed":0,"gold_gain":0,"player_choice":"Entered Light","damage_taken":26,"max_hp_gain":0,"max_hp_loss":0,"event_name":"Shining Light","floor":8,"gold_loss":0,"cards_upgraded":["Strike_B","Auto Shields"]}],"is_beta":false,"boss_relics":[],"items_purged_floors":[],"is_endless":false,"potions_floor_spawned":[1,10],"killed_by":"Slime Boss","ascension_level":18}