{"gold_per_floor":[109,125,200,31,31,60,60,75,75,93,105,124,124,134,134,205,205,217,40,40,50,61,61,61],"floor_reached":24,"playtime":1168,"items_purged":["Normality","Survivor"],"score":425,"play_id":"0ba3c964-0bd9-476a-b8a2-da0659788f62","local_time":"20190331011559","is_ascension_mode":true,"campfire_choices":[{"floor":7,"key":"REST"},{"floor":13,"key":"REST"},{"floor":15,"key":"REST"},{"data":"Adrenaline","floor":23,"key":"SMITH"}],"neow_cost":"CURSE","seed_source_timestamp":413015531093600,"circlet_count":0,"master_deck":["AscendersBane","Neutralize","All Out Attack","Dagger Throw","Dagger Spray","Flying Knee","Concentrate","Predator","Choke","Heel Hook","Poisoned Stab","Backflip","Footwork","Doppelganger","Adrenaline+1","Glass Knife","Night Terror","Malaise","All Out Attack","Blur","Envenom","Setup","Envenom","Backflip","Infinite Blades","Sucker Punch","Finisher"],"relics":["Ring of the Snake","Pocketwatch","Darkstone Periapt","Pandora\u0027s Box"],"potions_floor_usage":[6,10,11,16,18,24],"damage_taken":[{"damage":5,"enemies":"Cultist","floor":1,"turns":5},{"damage":8,"enemies":"Jaw Worm","floor":2,"turns":7},{"damage":35,"enemies":"Gremlin Nob","floor":6,"turns":6},{"damage":0,"enemies":"2 Louse","floor":8,"turns":2},{"damage":15,"enemies":"Red Slaver","floor":10,"turns":4},{"damage":4,"enemies":"Looter","floor":11,"turns":3},{"damage":11,"enemies":"Exordium Thugs","floor":12,"turns":4},{"damage":4,"enemies":"2 Fungi Beasts","floor":14,"turns":2},{"damage":0,"enemies":"Slime Boss","floor":16,"turns":6},{"damage":3,"enemies":"Chosen","floor":18,"turns":4},{"damage":27,"enemies":"Shell Parasite","floor":21,"turns":4},{"damage":14,"enemies":"Snake Plant","floor":22,"turns":5},{"damage":29,"enemies":"Gremlin Leader","floor":24,"turns":5}],"seed_played":"-2241685568842260242","potions_obtained":[{"floor":1,"key":"SpeedPotion"},{"floor":2,"key":"GhostInAJar"},{"floor":6,"key":"Poison Potion"},{"floor":12,"key":"GamblersBrew"},{"floor":14,"key":"Weak Potion"},{"floor":22,"key":"Explosive Potion"}],"is_trial":false,"path_per_floor":["M","M","?","$","?","E","R","M","T","M","M","M","R","M","R","B",null,"M","$","$","M","M","R","E"],"character_chosen":"THE_SILENT","items_purchased":["Dagger Spray","Flying Knee","Infinite Blades"],"campfire_rested":3,"item_purchase_floors":[4,4,19],"current_hp_per_floor":[66,58,47,47,47,12,35,35,35,20,16,5,28,24,47,47,70,67,67,67,40,26,26,0],"gold":61,"neow_bonus":"TWENTY_PERCENT_HP_BONUS","is_prod":false,"is_daily":false,"chose_seed":false,"campfire_upgraded":1,"win_rate":0,"timestamp":1553991359,"path_taken":["M","M","?","$","?","E","R","M","T","M","?","M","R","M","R","BOSS","M","?","$","M","M","R","E"],"build_version":"2019-01-23","purchased_purges":2,"victory":false,"max_hp_per_floor":[78,78,78,78,78,78,78,78,78,78,78,78,78,78,78,78,78,78,78,78,78,78,78,78],"card_choices":[{"not_picked":["Expertise","Outmaneuver"],"picked":"All Out Attack","floor":1},{"not_picked":["Catalyst","Underhanded Strike"],"picked":"Dagger Throw","floor":2},{"not_picked":["Deadly Poison","Acrobatics"],"picked":"Predator","floor":6},{"not_picked":["Endless Agony","Bouncing Flask"],"picked":"Choke","floor":8},{"not_picked":["Poisoned Stab","Acrobatics"],"picked":"Heel Hook","floor":10},{"not_picked":["Prepared","Eviscerate"],"picked":"Poisoned Stab","floor":11},{"not_picked":["Acrobatics","PiercingWail"],"picked":"Backflip","floor":12},{"not_picked":["Noxious Fumes","Quick Slash"],"picked":"Footwork","floor":14},{"not_picked":["Phantasmal Killer","Night Terror"],"picked":"Doppelganger","floor":16},{"not_picked":["Bane","Outmaneuver"],"picked":"Backflip","floor":18},{"not_picked":["Prepared","Poisoned Stab"],"picked":"Sucker Punch","floor":21},{"not_picked":["Bane","Quick Slash"],"picked":"Finisher","floor":22}],"player_experience":1027958,"relics_obtained":[{"floor":6,"key":"Pocketwatch"},{"floor":9,"key":"Darkstone Periapt"}],"event_choices":[{"damage_healed":0,"gold_gain":75,"player_choice":"Gather Gold","damage_taken":11,"max_hp_gain":0,"max_hp_loss":0,"event_name":"World of Goop","floor":3,"gold_loss":0},{"damage_healed":0,"gold_gain":0,"cards_transformed":["Strike_G"],"player_choice":"Change","damage_taken":0,"max_hp_gain":0,"max_hp_loss":0,"event_name":"Living Wall","floor":5,"gold_loss":0,"cards_obtained":["Concentrate"]}],"is_beta":false,"boss_relics":[{"not_picked":["White Beast Statue","Empty Cage"],"picked":"Pandora\u0027s Box"}],"items_purged_floors":[4,19],"is_endless":false,"potions_floor_spawned":[1,2,6,12,14,22],"killed_by":"Gremlin Leader","ascension_level":14}