{"gold_per_floor":[18,32,32,42,62,62,87,87,87,106,106,123,123,48,48,150,150,162,62,73,88,88,88,102,102,128,139,139],"floor_reached":28,"playtime":1811,"items_purged":["Strike_G","Strike_G"],"score":369,"play_id":"8558b848-7723-4de3-9fb0-27e65cd1570d","local_time":"20190930115835","is_ascension_mode":true,"campfire_choices":[{"data":"Burst","floor":6.0,"key":"SMITH"},{"data":"Expertise","floor":8.0,"key":"SMITH"},{"data":"Phantasmal Killer","floor":13,"key":"SMITH"},{"data":"Well Laid Plans","floor":15,"key":"SMITH"},{"data":"Neutralize","floor":23,"key":"SMITH"}],"neow_cost":"NO_GOLD","seed_source_timestamp":876783994404175,"circlet_count":0,"master_deck":["AscendersBane","Strike_G","Strike_G","Strike_G","Defend_G","Defend_G","Defend_G","Defend_G","Defend_G","Survivor","Neutralize+1","Flying Knee","Well Laid Plans+1","Burst+1","Expertise+1","Neutralize","Leg Sweep","Flying Knee","Phantasmal Killer+1","After Image"],"special_seed":0,"relics":["Ring of the Snake","Shovel","Pear","Torii","Busted Crown","Singing Bowl","Art of War"],"potions_floor_usage":[24],"damage_taken":[{"damage":0.0,"enemies":"2 Louse","floor":1.0,"turns":3.0},{"damage":0.0,"enemies":"Cultist","floor":2.0,"turns":4.0},{"damage":5.0,"enemies":"Small Slimes","floor":4.0,"turns":6.0},{"damage":13.0,"enemies":"Exordium Wildlife","floor":5.0,"turns":8.0},{"damage":16.0,"enemies":"Lagavulin","floor":7.0,"turns":12.0},{"damage":9,"enemies":"Large Slime","floor":10,"turns":9},{"damage":8,"enemies":"3 Louse","floor":12,"turns":5},{"damage":23,"enemies":"The Guardian","floor":16,"turns":18},{"damage":3,"enemies":"Spheric Guardian","floor":18,"turns":9},{"damage":3,"enemies":"Chosen","floor":20,"turns":8},{"damage":11,"enemies":"Sentry and Sphere","floor":21,"turns":9},{"damage":27,"enemies":"Chosen and Byrds","floor":24,"turns":14},{"damage":1,"enemies":"3 Cultists","floor":27,"turns":8},{"damage":8,"enemies":"Snake Plant","floor":28,"turns":5}],"seed_played":"1082090869518034528","potions_obtained":[{"floor":7.0,"key":"Ancient Potion"},{"floor":10,"key":"Poison Potion"},{"floor":12,"key":"GhostInAJar"},{"floor":24,"key":"Strength Potion"}],"is_trial":false,"path_per_floor":["M","M","?","M","M","R","E","R","T","M","?","M","R","$","R","B",null,"M","$","M","M","?","R","M","T","T","M","M"],"character_chosen":"THE_SILENT","items_purchased":[],"campfire_rested":0,"item_purchase_floors":[],"current_hp_per_floor":[63,63,63,58,45,45,39,39,39,30,56,48,48,48,48,25,66,63,63,60,49,34,34,7,7,7,8,0],"gold":139,"neow_bonus":"ONE_RARE_RELIC","is_prod":false,"is_daily":false,"chose_seed":false,"campfire_upgraded":5,"win_rate":0,"timestamp":1569869915,"path_taken":["M","M","?","M","?","R","E","R","T","M","?","M","R","$","R","BOSS","M","$","M","M","?","R","M","?","T","M","M"],"build_version":"2019-07-17","purchased_purges":2,"victory":false,"max_hp_per_floor":[70,70,70,70,70,70,80,80,80,80,80,80,80,80,80,80,80,80,80,80,80,85,85,85,85,85,87,87],"card_choices":[{"not_picked":["Underhanded Strike","Quick Slash"],"picked":"Flying Knee","floor":1.0},{"not_picked":["Blade Dance","Bane"],"picked":"Well Laid Plans","floor":2.0},{"not_picked":["Outmaneuver","Deadly Poison"],"picked":"Leg Sweep","floor":4.0},{"not_picked":["Outmaneuver","Deadly Poison"],"picked":"Flying Knee","floor":5.0},{"not_picked":["PiercingWail","Blur"],"picked":"Phantasmal Killer","floor":7.0},{"not_picked":["Distraction","Flying Knee","Poisoned Stab"],"picked":"SKIP","floor":10},{"not_picked":["Deadly Poison","Cloak And Dagger","Reflex"],"picked":"SKIP","floor":12},{"not_picked":["Storm of Steel","Doppelganger"],"picked":"After Image","floor":16},{"not_picked":["Slice"],"picked":"SKIP","floor":18},{"not_picked":["Cloak And Dagger+1"],"picked":"SKIP","floor":20},{"not_picked":["Endless Agony+1"],"picked":"SKIP","floor":21},{"not_picked":["Quick Slash"],"picked":"SKIP","floor":24},{"not_picked":["Flechettes"],"picked":"Singing Bowl","floor":27}],"player_experience":274472,"relics_obtained":[{"floor":7.0,"key":"Pear"},{"floor":9.0,"key":"Torii"},{"floor":25,"key":"Singing Bowl"},{"floor":26,"key":"Art of War"}],"event_choices":[{"damage_healed":0.0,"max_hp_gain":0.0,"max_hp_loss":0.0,"gold_gain":0.0,"event_name":"Match and Keep!","player_choice":"3 cards matched","floor":3.0,"gold_loss":0.0,"damage_taken":0.0,"cards_obtained":["Burst","Expertise","Neutralize"]},{"damage_healed":26,"gold_gain":0,"player_choice":"Banana","damage_taken":0,"max_hp_gain":0,"max_hp_loss":0,"event_name":"Big Fish","floor":11,"gold_loss":0},{"damage_healed":0,"gold_gain":0,"player_choice":"Shed Blood","damage_taken":20,"max_hp_gain":5,"max_hp_loss":0,"event_name":"Forgotten Altar","floor":22,"gold_loss":0}],"is_beta":false,"boss_relics":[{"not_picked":["Runic Pyramid","Empty Cage"],"picked":"Busted Crown"}],"items_purged_floors":[14,19],"is_endless":false,"potions_floor_spawned":[7,10,12,16,24],"killed_by":"Snake Plant","ascension_level":11}