{"gold_per_floor":[110,124,137,156,174,199,199,210,210,210],"floor_reached":10,"playtime":479,"items_purged":[],"score":130,"play_id":"2de3b7de-e4a3-4d00-b816-fab9b7fb7b7e","local_time":"20190620182557","is_ascension_mode":true,"campfire_choices":[{"data":"Neutralize","floor":7.0,"key":"SMITH"}],"neow_cost":"NONE","seed_source_timestamp":238550705807600,"circlet_count":0,"master_deck":["AscendersBane","Defend_G","Defend_G","Defend_G","Defend_G","Defend_G","Strike_G","Strike_G","Strike_G","Strike_G","Strike_G","Survivor","Neutralize+1","Acrobatics","Dagger Spray","Flying Knee","Dash","PiercingWail","Noxious Fumes","Dodge and Roll+1"],"special_seed":0,"relics":["Ring of the Snake","Toxic Egg 2","Pear"],"potions_floor_usage":[],"damage_taken":[{"damage":0.0,"enemies":"Cultist","floor":1.0,"turns":4.0},{"damage":1.0,"enemies":"Small Slimes","floor":2.0,"turns":5.0},{"damage":8.0,"enemies":"2 Louse","floor":3.0,"turns":3.0},{"damage":4.0,"enemies":"Looter","floor":4.0,"turns":4.0},{"damage":0.0,"enemies":"3 Louse","floor":5.0,"turns":3.0},{"damage":22.0,"enemies":"Gremlin Nob","floor":6.0,"turns":4.0},{"damage":0.0,"enemies":"Exordium Wildlife","floor":8.0,"turns":3.0}],"seed_played":"4682341726737018721","potions_obtained":[{"floor":3.0,"key":"SteroidPotion"},{"floor":5.0,"key":"Ancient Potion"},{"floor":6.0,"key":"Regen Potion"}],"is_trial":false,"path_per_floor":["M","M","M","M","M","E","R","M","T","?"],"character_chosen":"THE_SILENT","items_purchased":[],"campfire_rested":0,"item_purchase_floors":[],"current_hp_per_floor":[65,64,56,52,52,30,30,35,45,0],"gold":210,"neow_bonus":"TEN_PERCENT_HP_BONUS","is_prod":false,"is_daily":false,"chose_seed":false,"campfire_upgraded":1,"win_rate":0,"timestamp":1561047957,"path_taken":["M","M","M","M","M","E","R","?","T","?"],"build_version":"2019-01-23","purchased_purges":0,"victory":false,"max_hp_per_floor":[72,72,72,72,72,72,72,72,82,82],"card_choices":[{"not_picked":["Bane","Reflex"],"picked":"Acrobatics","floor":1.0},{"not_picked":["Bane","Outmaneuver"],"picked":"Dagger Spray","floor":2.0},{"not_picked":["Terror","Calculated Gamble"],"picked":"Flying Knee","floor":3.0},{"not_picked":["Heel Hook","Choke"],"picked":"Dash","floor":4.0},{"not_picked":["Catalyst","Accuracy"],"picked":"PiercingWail","floor":5.0},{"not_picked":["Outmaneuver","Underhanded Strike"],"picked":"Noxious Fumes","floor":6.0},{"not_picked":["Underhanded Strike","Setup+1"],"picked":"Dodge and Roll+1","floor":8.0}],"player_experience":1418861,"relics_obtained":[{"floor":6.0,"key":"Toxic Egg 2"},{"floor":9.0,"key":"Pear"}],"event_choices":[],"is_beta":false,"boss_relics":[],"items_purged_floors":[],"is_endless":false,"potions_floor_spawned":[3,5,6],"ascension_level":16}