{"gold_per_floor":[115,53,73,93,168,168,193,193,193,250,250,20,81,81,81,160,160,180,254,254,254,354,354,366,394,418,16,16,29,29,47,47,121,121,137,147,147,200,200,200,232,232,232,246,259,259,278,34,34,34],"floor_reached":50,"playtime":2607,"items_purged":["Strike_B"],"score":890,"play_id":"d9bed8dd-158e-448d-aafe-f30a046cebab","local_time":"20190524212540","is_ascension_mode":true,"campfire_choices":[{"data":"Zap","floor":6,"key":"SMITH"},{"data":"Ball Lightning","floor":8,"key":"SMITH"},{"floor":11,"key":"REST"},{"floor":15,"key":"REST"},{"floor":23,"key":"REST"},{"data":"Echo Form","floor":28,"key":"SMITH"},{"floor":30,"key":"REST"},{"data":"Sunder","floor":32,"key":"SMITH"},{"data":"Genetic Algorithm","floor":40,"key":"SMITH"},{"data":"Madness","floor":42,"key":"SMITH"},{"data":"Rainbow","floor":49,"key":"SMITH"}],"neow_cost":"NONE","seed_source_timestamp":941958152187100,"circlet_count":0,"master_deck":["AscendersBane","Defend_B","Zap+1","Dualcast","Cold Snap","Ball Lightning+1","Gash","Steam","Stack","Defragment","Glacier","Hyperbeam","Echo Form+1","Reinforced Body","Machine Learning","Rebound","RitualDagger","Genetic Algorithm+1","Biased Cognition","Stack","Self Repair","Conserve Battery","Compile Driver","Chaos","Madness+1","Sunder+1","White Noise","Rainbow+1","Electrodynamics+1","Fission+1","Melter+1","Hologram","Self Repair+1","Secret Technique","Impatience","Undo+1","Thunder Strike","Chill+1","Fusion+1","Redo+1"],"relics":["Cracked Core","Oddly Smooth Stone","Gambling Chip","Centennial Puzzle","Ginger","Tiny Chest","Boot","Thread and Needle","Inserter","Pantograph","FossilizedHelix","Bottled Flame","Ancient Tea Set","PreservedInsect","Astrolabe","Emotion Chip","Frozen Egg 2","Lantern","Turnip","Cables"],"potions_floor_usage":[13,16,22,24,24,25,25,33,41,41,44,50,50],"damage_taken":[{"damage":2,"enemies":"Small Slimes","floor":1,"turns":5},{"damage":0,"enemies":"Cultist","floor":3,"turns":3},{"damage":4,"enemies":"Jaw Worm","floor":4,"turns":3},{"damage":24,"enemies":"Lagavulin","floor":7,"turns":5},{"damage":16,"enemies":"Gremlin Nob","floor":10,"turns":3},{"damage":6,"enemies":"3 Sentries","floor":13,"turns":6},{"damage":12,"enemies":"The Guardian","floor":16,"turns":10},{"damage":1,"enemies":"Spheric Guardian","floor":18,"turns":4},{"damage":19,"enemies":"Colosseum Slavers","floor":22,"turns":4},{"damage":25,"enemies":"Colosseum Nobs","floor":22,"turns":5},{"damage":0,"enemies":"2 Thieves","floor":24,"turns":5},{"damage":9,"enemies":"Slavers","floor":25,"turns":7},{"damage":3,"enemies":"Centurion and Healer","floor":29,"turns":6},{"damage":0,"enemies":"Cultist and Chosen","floor":31,"turns":7},{"damage":54,"enemies":"Collector","floor":33,"turns":9},{"damage":0,"enemies":"Orb Walker","floor":35,"turns":5},{"damage":0,"enemies":"3 Shapes","floor":36,"turns":4},{"damage":28,"enemies":"2 Orb Walkers","floor":38,"turns":4},{"damage":25,"enemies":"Nemesis","floor":41,"turns":7},{"damage":37,"enemies":"Transient","floor":44,"turns":5},{"damage":0,"enemies":"Maw","floor":45,"turns":8},{"damage":9,"enemies":"3 Darklings","floor":47,"turns":4},{"damage":70,"enemies":"Time Eater","floor":50,"turns":9}],"seed_played":"-2933763714639325660","potions_obtained":[{"floor":7,"key":"PowerPotion"},{"floor":10,"key":"LiquidBronze"},{"floor":16,"key":"Weak Potion"},{"floor":22,"key":"EntropicBrew"},{"floor":24,"key":"Explosive Potion"},{"floor":29,"key":"Explosive Potion"},{"floor":31,"key":"PowerPotion"},{"floor":35,"key":"Explosive Potion"},{"floor":38,"key":"EntropicBrew"},{"floor":45,"key":"GamblersBrew"}],"is_trial":false,"path_per_floor":["M","?","M","M","?","R","E","R","T","E","R","$","?","?","R","B",null,"M","T","?","?","?","R","M","E","T","$","R","M","R","M","R","B",null,"M","M","?","?","T","R","E","R","T","M","M","?","M","$","R","B"],"character_chosen":"DEFECT","items_purchased":["Boot","Defragment","Self Repair","Conserve Battery","Compile Driver","Chaos","Madness","Cables"],"campfire_rested":4,"item_purchase_floors":[12,12,27,27,27,27,27,48],"current_hp_per_floor":[62,62,62,58,47,47,23,23,23,7,28,28,22,22,43,31,61,60,60,60,54,10,31,31,22,22,22,22,26,47,47,47,31,61,71,71,66,55,55,55,40,40,40,23,30,58,58,58,58,0],"gold":34,"neow_bonus":"RANDOM_COMMON_RELIC","is_prod":false,"is_daily":false,"chose_seed":false,"campfire_upgraded":7,"win_rate":0,"timestamp":1558725940,"path_taken":["M","?","?","M","?","R","E","R","T","E","R","$","?","?","R","BOSS","M","?","?","?","?","R","M","E","T","$","R","M","R","M","R","BOSS","M","M","?","?","?","R","E","R","T","M","?","?","M","$","R","BOSS"],"build_version":"2019-01-23","purchased_purges":1,"victory":false,"max_hp_per_floor":[71,71,71,71,71,71,71,71,71,71,71,71,71,71,71,71,71,71,71,71,71,71,71,71,71,71,71,71,71,71,71,71,71,71,71,71,71,71,71,71,71,71,71,71,71,58,58,58,58,58],"card_choices":[{"not_picked":["Coolheaded","Beam Cell"],"picked":"Cold Snap","floor":1},{"not_picked":["Force Field","FTL"],"picked":"Ball Lightning","floor":3},{"not_picked":["Rebound","Coolheaded"],"picked":"Gash","floor":4},{"not_picked":["Recycle","Amplify"],"picked":"Steam","floor":7},{"not_picked":["Streamline","Ball Lightning"],"picked":"Stack","floor":10},{"not_picked":["Doom and Gloom","Streamline"],"picked":"Glacier","floor":13},{"not_picked":["Machine Learning","Reboot"],"picked":"Echo Form","floor":16},{"not_picked":["Redo","Sweeping Beam"],"picked":"Reinforced Body","floor":18},{"not_picked":["Barrage","Sunder"],"picked":"Genetic Algorithm","floor":22},{"not_picked":["Hologram","Auto Shields"],"picked":"Biased Cognition","floor":24},{"not_picked":["Ball Lightning","Cold Snap"],"picked":"Stack","floor":25},{"not_picked":["Lockon","Darkness"],"picked":"Sunder","floor":29},{"not_picked":["Stack","Lockon"],"picked":"White Noise","floor":31},{"not_picked":["Machine Learning","Reboot"],"picked":"Rainbow","floor":33},{"not_picked":["Barrage","White Noise"],"picked":"Hologram","floor":35},{"not_picked":["Hologram","Rip and Tear"],"picked":"Self Repair+1","floor":36},{"not_picked":["Swift Strike","Purity"],"picked":"Secret Technique","floor":37},{"not_picked":["Dramatic Entrance","Jack Of All Trades"],"picked":"Impatience","floor":37},{"not_picked":["Auto Shields","Rebound"],"picked":"Undo+1","floor":38},{"not_picked":["Streamline","Turbo"],"picked":"Thunder Strike","floor":41},{"not_picked":["Turbo","Ball Lightning+1"],"picked":"Chill+1","floor":44},{"not_picked":["Leap","Sweeping Beam+1"],"picked":"Fusion+1","floor":45},{"not_picked":["Ball Lightning+1","Leap"],"picked":"Redo+1","floor":47}],"player_experience":1199040,"relics_obtained":[{"floor":7,"key":"Centennial Puzzle"},{"floor":9,"key":"Ginger"},{"floor":10,"key":"Tiny Chest"},{"floor":13,"key":"Thread and Needle"},{"floor":19,"key":"Pantograph"},{"floor":22,"key":"FossilizedHelix"},{"floor":22,"key":"Bottled Flame"},{"floor":25,"key":"Ancient Tea Set"},{"floor":26,"key":"PreservedInsect"},{"floor":38,"key":"Emotion Chip"},{"floor":39,"key":"Frozen Egg 2"},{"floor":41,"key":"Lantern"},{"floor":43,"key":"Turnip"}],"event_choices":[{"damage_healed":0,"gold_gain":0,"player_choice":"Paid Gold","damage_taken":0,"relics_obtained":["Gambling Chip"],"max_hp_gain":0,"max_hp_loss":0,"event_name":"WeMeetAgain","floor":2,"gold_loss":62},{"damage_healed":0,"gold_gain":75,"player_choice":"Gather Gold","damage_taken":11,"max_hp_gain":0,"max_hp_loss":0,"event_name":"World of Goop","floor":5,"gold_loss":0},{"damage_healed":0,"gold_gain":0,"player_choice":"Searched \u00272\u0027 times","damage_taken":0,"max_hp_gain":0,"max_hp_loss":0,"event_name":"Dead Adventurer","floor":13,"gold_loss":0},{"damage_healed":0,"gold_gain":0,"cards_transformed":["Strike_B"],"player_choice":"Transformed","damage_taken":0,"max_hp_gain":0,"max_hp_loss":0,"event_name":"Transmorgrifier","floor":14,"gold_loss":0,"cards_obtained":["Hyperbeam"]},{"damage_healed":0,"gold_gain":0,"cards_transformed":["Strike_B","Strike_B"],"player_choice":"Became Test Subject","damage_taken":0,"max_hp_gain":0,"max_hp_loss":0,"event_name":"Drug Dealer","floor":20,"gold_loss":0,"cards_obtained":["Machine Learning","Rebound"]},{"damage_healed":0,"gold_gain":0,"player_choice":"Joined the Cult","damage_taken":6,"max_hp_gain":0,"max_hp_loss":0,"event_name":"Nest","floor":21,"gold_loss":0,"cards_obtained":["RitualDagger"]},{"damage_healed":0,"gold_gain":0,"player_choice":"Fight","damage_taken":0,"max_hp_gain":0,"max_hp_loss":0,"event_name":"Colosseum","floor":22,"gold_loss":0},{"damage_healed":0,"gold_gain":0,"player_choice":"Fought Nobs","damage_taken":0,"max_hp_gain":0,"max_hp_loss":0,"event_name":"Colosseum","floor":22,"gold_loss":0},{"damage_healed":0,"gold_gain":0,"player_choice":"Memory 2","damage_taken":5,"max_hp_gain":0,"max_hp_loss":0,"event_name":"SensoryStone","floor":37,"gold_loss":0},{"damage_healed":0,"gold_gain":0,"player_choice":"Fight","damage_taken":0,"max_hp_gain":0,"max_hp_loss":0,"event_name":"Mysterious Sphere","floor":38,"gold_loss":0},{"damage_healed":58,"gold_gain":0,"player_choice":"Heal","damage_taken":0,"max_hp_gain":0,"max_hp_loss":13,"event_name":"The Moai Head","floor":46,"gold_loss":0}],"is_beta":false,"boss_relics":[{"not_picked":["FrozenCore","Tiny House"],"picked":"Inserter"},{"not_picked":["White Beast Statue","Busted Crown"],"picked":"Astrolabe"}],"items_purged_floors":[27],"is_endless":false,"potions_floor_spawned":[7,10,16,22,22,24,29,31,35,38,45],"killed_by":"Time Eater","ascension_level":15}