{"gold_per_floor":[116,127,1,151,151,184,194,194,240,240,269,284,284,319,319,396,396,427,439,471,64,79,79,1,1,1,1,1,31,44,58,58,58],"floor_reached":33,"playtime":1375,"items_purged":["Strike_G","Regret"],"score":601,"play_id":"5e0952bf-1c02-43b5-97ff-dc82ef02e07e","local_time":"20181207000712","is_ascension_mode":true,"campfire_choices":[{"data":"Neutralize","floor":8.0,"key":"SMITH"},{"floor":13.0,"key":"REST"},{"floor":15.0,"key":"REST"},{"data":"Malaise","floor":23.0,"key":"SMITH"},{"floor":25.0,"key":"REST"},{"data":"Noxious Fumes","floor":28.0,"key":"SMITH"},{"floor":32.0,"key":"REST"}],"neow_cost":"NONE","seed_source_timestamp":404086138926627,"circlet_count":0,"master_deck":["AscendersBane","Defend_G","Defend_G","Defend_G+1","Defend_G","Defend_G","Strike_G","Strike_G","Strike_G","Survivor","Neutralize+1","Backstab","Caltrops","Poisoned Stab","Acrobatics","Cloak And Dagger","Dagger Spray","Malaise+1","Dash","Adrenaline","Poisoned Stab","Malaise+1","Sucker Punch","Backflip","Caltrops","Noxious Fumes","Noxious Fumes+1","Acrobatics+1","Deadly Poison","Burst"],"special_seed":0,"relics":["Ring of the Snake","NeowsBlessing","Boot","Omamori","Gambling Chip","FossilizedHelix","Calling Bell","MawBank","Ninja Scroll","Du-Vu Doll","Paper Crane","War Paint","Bronze Scales","Gremlin Horn"],"potions_floor_usage":[33,33],"damage_taken":[{"damage":0.0,"enemies":"Cultist","floor":1.0,"turns":1.0},{"damage":0.0,"enemies":"2 Louse","floor":2.0,"turns":1.0},{"damage":0.0,"enemies":"Lagavulin","floor":6.0,"turns":1.0},{"damage":0.0,"enemies":"Jaw Worm","floor":7.0,"turns":3.0},{"damage":38.0,"enemies":"Gremlin Nob","floor":11.0,"turns":5.0},{"damage":1.0,"enemies":"Gremlin Gang","floor":12.0,"turns":3.0},{"damage":27.0,"enemies":"Lagavulin","floor":14.0,"turns":7.0},{"damage":26.0,"enemies":"The Guardian","floor":16.0,"turns":15.0},{"damage":6.0,"enemies":"Spheric Guardian","floor":18.0,"turns":4.0},{"damage":8.0,"enemies":"Shell Parasite","floor":20.0,"turns":3.0},{"damage":6.0,"enemies":"Snake Plant","floor":22.0,"turns":5.0},{"damage":17.0,"enemies":"Book of Stabbing","floor":29.0,"turns":4.0},{"damage":0.0,"enemies":"Cultist and Chosen","floor":30.0,"turns":7.0},{"damage":33.0,"enemies":"Shelled Parasite and Fungi","floor":31.0,"turns":4.0},{"damage":12,"enemies":"Champ","floor":33,"turns":10}],"seed_played":"3717710019793887242","potions_obtained":[{"floor":1.0,"key":"Fruit Juice"},{"floor":2.0,"key":"Weak Potion"},{"floor":7.0,"key":"SpeedPotion"},{"floor":14.0,"key":"Weak Potion"},{"floor":29.0,"key":"PowerPotion"},{"floor":30.0,"key":"Weak Potion"}],"is_trial":false,"path_per_floor":["M","M","$","?","?","E","M","R","T","?","E","M","R","E","R","B",null,"M","?","M","$","M","R","$","R","T","$","R","E","M","M","R","B"],"character_chosen":"THE_SILENT","items_purchased":["Poisoned Stab","War Paint","Sucker Punch","Backflip","Caltrops","Noxious Fumes"],"campfire_rested":4,"item_purchase_floors":[3,21,21,21,21,24],"current_hp_per_floor":[59,59,59,59,52,52,57,57,57,57,19,18,39,12,33,7,55,49,49,41,41,35,35,35,56,56,56,56,39,39,6,27,15],"gold":58,"neow_bonus":"THREE_ENEMY_KILL","is_prod":false,"is_daily":false,"chose_seed":false,"campfire_upgraded":3,"win_rate":0,"timestamp":1544137632,"path_taken":["M","M","$","?","?","E","M","R","T","?","E","?","R","E","R","BOSS","M","?","M","$","?","R","$","R","T","?","R","E","M","M","R","BOSS"],"build_version":"2018-11-15","purchased_purges":2,"victory":false,"max_hp_per_floor":[66,66,66,66,66,66,71,71,71,71,71,71,71,71,71,71,71,71,71,71,71,71,71,71,71,71,71,71,71,71,71,71,71],"card_choices":[{"not_picked":["Cloak And Dagger","Poisoned Stab"],"picked":"Backstab","floor":1.0},{"not_picked":["Slice","Deflect"],"picked":"Caltrops","floor":2.0},{"not_picked":["Flying Knee","Concentrate"],"picked":"Acrobatics","floor":6.0},{"not_picked":["Sucker Punch","Dagger Throw"],"picked":"Cloak And Dagger","floor":7.0},{"not_picked":["Accuracy","Bane"],"picked":"Dagger Spray","floor":11.0},{"not_picked":["Quick Slash","All Out Attack"],"picked":"Malaise","floor":12.0},{"not_picked":["Blade Dance","Slice"],"picked":"Dash","floor":14.0},{"not_picked":["Die Die Die","A Thousand Cuts"],"picked":"Adrenaline","floor":16.0},{"not_picked":["Well Laid Plans","Dodge and Roll"],"picked":"Poisoned Stab","floor":18.0},{"not_picked":["Poisoned Stab","Dagger Spray"],"picked":"Malaise","floor":20.0},{"not_picked":["Flying Knee","Predator+1"],"picked":"Noxious Fumes","floor":22.0},{"not_picked":["Bane","Deflect"],"picked":"Acrobatics+1","floor":29.0},{"not_picked":["Acrobatics","Prepared"],"picked":"Deadly Poison","floor":30.0},{"not_picked":["Concentrate","Accuracy+1"],"picked":"Burst","floor":31.0}],"player_experience":518410,"relics_obtained":[{"floor":6.0,"key":"Boot"},{"floor":9.0,"key":"Omamori"},{"floor":11.0,"key":"Gambling Chip"},{"floor":14.0,"key":"FossilizedHelix"},{"floor":17.0,"key":"MawBank"},{"floor":17.0,"key":"Ninja Scroll"},{"floor":17.0,"key":"Du-Vu Doll"},{"floor":26.0,"key":"Bronze Scales"},{"floor":29.0,"key":"Gremlin Horn"}],"event_choices":[{"damage_healed":0.0,"max_hp_gain":0.0,"max_hp_loss":0.0,"gold_gain":150.0,"event_name":"Liars Game","player_choice":"AGREE","floor":4.0,"gold_loss":0.0,"damage_taken":0.0,"cards_obtained":["Doubt"]},{"cards_removed":["Doubt"],"damage_healed":0.0,"max_hp_gain":0.0,"max_hp_loss":0.0,"gold_gain":0.0,"event_name":"Golden Wing","player_choice":"Card Removal","floor":5.0,"gold_loss":0.0,"damage_taken":7.0},{"cards_removed":["Strike_G"],"damage_healed":0.0,"max_hp_gain":0.0,"max_hp_loss":0.0,"gold_gain":0.0,"event_name":"Bonfire Elementals","player_choice":"Offered Basic","floor":10.0,"gold_loss":0.0,"damage_taken":0.0},{"damage_healed":0.0,"max_hp_gain":0.0,"max_hp_loss":0.0,"gold_gain":0.0,"event_name":"WeMeetAgain","player_choice":"Gave Potion","floor":19.0,"gold_loss":0.0,"damage_taken":0.0,"relics_obtained":["Paper Crane"]}],"is_beta":false,"boss_relics":[{"not_picked":["Ectoplasm","Eternal Feather"],"picked":"Calling Bell"}],"items_purged_floors":[3,21],"is_endless":false,"potions_floor_spawned":[1,2,7,14,29,30],"killed_by":"Champ","ascension_level":19}