{"gold_per_floor":[118,68,88,88,88,122,122,133,157,170,170,499,499,525,525,597,597,613,629,629,234,247,247,82,82,107,138,9,9,23,37,37,108,108,118,118,133,48,48,48,60,60,60,93,93,139,139,152,152,152],"floor_reached":50,"playtime":1935,"items_purged":["Injury","Strike_B","Defend_B","Defend_B"],"score":1042,"play_id":"ae095e7e-de7a-4bd8-b41a-e7a0d8a4c53a","local_time":"20190517015413","is_ascension_mode":true,"campfire_choices":[{"data":"Zap","floor":7.0,"key":"SMITH"},{"data":"Buffer","floor":11.0,"key":"SMITH"},{"data":"White Noise","floor":13.0,"key":"SMITH"},{"floor":15.0,"key":"REST"},{"data":"Consume","floor":23.0,"key":"SMITH"},{"floor":25.0,"key":"REST"},{"data":"Sunder","floor":29.0,"key":"SMITH"},{"data":"Chaos","floor":32.0,"key":"SMITH"},{"data":"Loop","floor":40,"key":"SMITH"},{"data":"Capacitor","floor":42,"key":"SMITH"},{"data":"Double Energy","floor":45,"key":"SMITH"},{"data":"Consume","floor":49,"key":"SMITH"}],"neow_cost":"CURSE","seed_source_timestamp":0,"circlet_count":0,"master_deck":["AscendersBane","Defend_B","Zap+1","Dualcast","White Noise+1","Consume+1","Ball Lightning","Loop+1","Buffer+1","Cold Snap","BootSequence","Leap","Go for the Eyes","Biased Cognition","Redo+1","Leap","Skim","Conserve Battery","Biased Cognition","Coolheaded","Consume+1","Force Field","Conserve Battery","Sunder+1","Doom and Gloom+1","Chaos+1","BootSequence","Double Energy+1","Electrodynamics","Self Repair+1","Defragment+1","Capacitor+1","Scrape","Cold Snap","Blizzard+1","Regret","Beam Cell+1","Metamorphosis","The Bomb","Swift Strike+1","Compile Driver+1"],"special_seed":0,"relics":["Cracked Core","DataDisk","Cables","Smiling Mask","Old Coin","Mercury Hourglass","Cursed Key","Bag of Preparation","Juzu Bracelet","Symbiotic Virus","Empty Cage","Molten Egg 2","Shuriken","Calipers"],"potions_floor_usage":[44,44,50,50],"damage_taken":[{"damage":4.0,"enemies":"Jaw Worm","floor":1.0,"turns":4.0},{"damage":1.0,"enemies":"Cultist","floor":3.0,"turns":3.0},{"damage":32.0,"enemies":"Gremlin Nob","floor":6.0,"turns":4.0},{"damage":0.0,"enemies":"2 Louse","floor":8.0,"turns":2.0},{"damage":15.0,"enemies":"Lots of Slimes","floor":10.0,"turns":3.0},{"damage":0.0,"enemies":"3 Sentries","floor":12.0,"turns":5.0},{"damage":5.0,"enemies":"Lagavulin","floor":14.0,"turns":7.0},{"damage":6.0,"enemies":"The Guardian","floor":16.0,"turns":9.0},{"damage":22.0,"enemies":"3 Byrds","floor":18.0,"turns":3.0},{"damage":0.0,"enemies":"Spheric Guardian","floor":19.0,"turns":4.0},{"damage":6.0,"enemies":"Shelled Parasite and Fungi","floor":22.0,"turns":5.0},{"damage":10.0,"enemies":"Book of Stabbing","floor":27.0,"turns":5.0},{"damage":0.0,"enemies":"Chosen and Byrds","floor":30.0,"turns":3.0},{"damage":0.0,"enemies":"Snake Plant","floor":31.0,"turns":4.0},{"damage":21.0,"enemies":"Automaton","floor":33.0,"turns":9.0},{"damage":9,"enemies":"3 Darklings","floor":35,"turns":3},{"damage":0,"enemies":"Orb Walker","floor":37,"turns":2},{"damage":0,"enemies":"Spire Growth","floor":41,"turns":5},{"damage":0,"enemies":"Reptomancer","floor":44,"turns":5},{"damage":0,"enemies":"2 Orb Walkers","floor":46,"turns":4},{"damage":1,"enemies":"Writhing Mass","floor":48,"turns":3},{"damage":92,"enemies":"Awakened One","floor":50,"turns":7}],"seed_played":"4879455749108580327","potions_obtained":[{"floor":6.0,"key":"SteroidPotion"},{"floor":14.0,"key":"Dexterity Potion"},{"floor":16.0,"key":"FearPotion"},{"floor":18.0,"key":"Energy Potion"},{"floor":27.0,"key":"EntropicBrew"},{"floor":46,"key":"Fire Potion"}],"is_trial":false,"path_per_floor":["M","?","M","?","?","E","R","M","T","M","R","E","R","E","R","B",null,"M","M","?","$","M","R","$","R","T","E","$","R","M","M","R","B",null,"M","?","M","$","?","R","M","R","T","E","R","?","?","M","R","B"],"character_chosen":"DEFECT","items_purchased":["Bag of Preparation","Biased Cognition","Coolheaded","Consume","Conserve Battery","Sunder","Chaos","Capacitor"],"campfire_rested":2,"item_purchase_floors":[21,21,21,21,24,24,28,38],"current_hp_per_floor":[74,74,73,73,73,41,41,41,41,26,26,26,26,21,46,40,74,52,52,52,52,46,46,46,71,71,61,61,61,61,61,61,40,74,65,60,70,70,70,70,80,80,80,85,85,85,75,84,84,0],"gold":152,"neow_bonus":"TWENTY_PERCENT_HP_BONUS","is_prod":false,"is_daily":false,"chose_seed":false,"campfire_upgraded":10,"win_rate":0,"timestamp":1558050853,"path_taken":["M","?","?","?","?","E","R","M","T","M","R","E","R","E","R","BOSS","M","?","?","?","M","R","$","R","T","E","$","R","M","M","R","BOSS","M","?","M","$","?","R","M","R","T","E","R","?","?","M","R","BOSS"],"build_version":"2019-01-23","purchased_purges":4,"victory":false,"max_hp_per_floor":[85,85,85,85,85,85,85,85,85,85,85,85,85,85,85,85,85,85,85,85,85,85,85,85,85,85,85,85,85,85,85,85,85,85,85,85,85,85,85,85,85,85,85,85,85,85,85,85,85,85],"card_choices":[{"not_picked":["Gash","Stack"],"picked":"White Noise","floor":1.0},{"not_picked":["Gash","Tempest"],"picked":"Consume","floor":3.0},{"not_picked":["Recycle","Streamline"],"picked":"Cold Snap","floor":6.0},{"not_picked":["Steam","Go for the Eyes"],"picked":"BootSequence","floor":8.0},{"not_picked":["Hyperbeam","Cold Snap","Darkness"],"picked":"SKIP","floor":10.0},{"not_picked":["Genetic Algorithm","Hologram"],"picked":"Leap","floor":12.0},{"not_picked":["Hyperbeam","Barrage"],"picked":"Go for the Eyes","floor":14.0},{"not_picked":["Amplify","Reboot"],"picked":"Biased Cognition","floor":16.0},{"not_picked":["Streamline","Sweeping Beam"],"picked":"Redo+1","floor":18.0},{"not_picked":["Go for the Eyes","Recycle"],"picked":"Leap","floor":19.0},{"not_picked":["Leap","Turbo+1"],"picked":"Force Field","floor":22.0},{"not_picked":["Redo","Steam"],"picked":"Doom and Gloom+1","floor":27.0},{"not_picked":["Creative AI","Steam Power"],"picked":"BootSequence","floor":30.0},{"not_picked":["Cold Snap+1","Gash"],"picked":"Double Energy","floor":31.0},{"not_picked":["All For One","Amplify"],"picked":"Electrodynamics","floor":33.0},{"not_picked":["Fusion","Reinforced Body"],"picked":"Self Repair+1","floor":35},{"not_picked":["FTL+1","Undo"],"picked":"Defragment+1","floor":37},{"not_picked":["Hello World+1","Glacier"],"picked":"Blizzard+1","floor":41},{"not_picked":["Lockon+1","Cold Snap+1","Genetic Algorithm+1"],"picked":"SKIP","floor":44},{"not_picked":["Gash+1","Sweeping Beam+1"],"picked":"Beam Cell+1","floor":46},{"not_picked":["Dramatic Entrance+1","Swift Strike+1"],"picked":"Metamorphosis","floor":47},{"not_picked":["Finesse","Sadistic Nature"],"picked":"The Bomb","floor":47},{"not_picked":["Impatience","Bandage Up"],"picked":"Swift Strike+1","floor":47},{"not_picked":["Go for the Eyes+1","Sweeping Beam+1"],"picked":"Compile Driver+1","floor":48}],"player_experience":1119558,"relics_obtained":[{"floor":6.0,"key":"Cables"},{"floor":9.0,"key":"Smiling Mask"},{"floor":12.0,"key":"Old Coin"},{"floor":14.0,"key":"Mercury Hourglass"},{"floor":26.0,"key":"Juzu Bracelet"},{"floor":27.0,"key":"Symbiotic Virus"},{"floor":43,"key":"Molten Egg 2"},{"floor":44,"key":"Shuriken"},{"floor":46,"key":"Calipers"}],"event_choices":[{"damage_healed":0.0,"max_hp_gain":0.0,"max_hp_loss":0.0,"gold_gain":0.0,"event_name":"WeMeetAgain","player_choice":"Paid Gold","floor":2.0,"gold_loss":50.0,"damage_taken":0.0,"relics_obtained":["DataDisk"]},{"damage_healed":0.0,"max_hp_gain":0.0,"max_hp_loss":0.0,"gold_gain":0.0,"cards_transformed":["Strike_B"],"event_name":"Living Wall","player_choice":"Change","floor":4.0,"gold_loss":0.0,"damage_taken":0.0,"cards_obtained":["Ball Lightning"]},{"damage_healed":0.0,"max_hp_gain":0.0,"max_hp_loss":0.0,"gold_gain":0.0,"event_name":"Match and Keep!","player_choice":"2 cards matched","floor":5.0,"gold_loss":0.0,"damage_taken":0.0,"cards_obtained":["Loop","Buffer"]},{"damage_healed":0.0,"max_hp_gain":0.0,"max_hp_loss":0.0,"gold_gain":0.0,"cards_transformed":["Strike_B","Strike_B"],"event_name":"Drug Dealer","player_choice":"Became Test Subject","floor":20.0,"gold_loss":0.0,"damage_taken":0.0,"cards_obtained":["Skim","Conserve Battery"]},{"damage_healed":0,"gold_gain":0,"player_choice":"Punched","damage_taken":5,"max_hp_gain":0,"max_hp_loss":0,"event_name":"Designer","floor":36,"gold_loss":0},{"damage_healed":0,"gold_gain":0,"player_choice":"2 cards matched","damage_taken":0,"max_hp_gain":0,"max_hp_loss":0,"event_name":"Match and Keep!","floor":39,"gold_loss":0,"cards_obtained":["Scrape","Cold Snap"]},{"damage_healed":0,"gold_gain":0,"player_choice":"Fight","damage_taken":0,"max_hp_gain":0,"max_hp_loss":0,"event_name":"Mysterious Sphere","floor":46,"gold_loss":0},{"damage_healed":0,"gold_gain":0,"player_choice":"Memory 3","damage_taken":10,"max_hp_gain":0,"max_hp_loss":0,"event_name":"SensoryStone","floor":47,"gold_loss":0}],"is_beta":false,"boss_relics":[{"not_picked":["Calling Bell","Lizard Tail"],"picked":"Cursed Key"},{"not_picked":["Fusion Hammer","Coffee Dripper"],"picked":"Empty Cage"}],"items_purged_floors":[21,24,28,38],"is_endless":false,"potions_floor_spawned":[6,14,16,18,22,27,44,46,48],"killed_by":"Awakened One","ascension_level":15}