{"gold_per_floor":[115,132,152,77,77,77,91,111,111,141,141,156,156,170,170,245,245,258,258,278,278],"floor_reached":21,"playtime":894,"items_purged":[],"score":339,"play_id":"2bbc9c93-8cfb-4158-939b-3e2a64ddd9e0","local_time":"20190630182210","is_ascension_mode":true,"campfire_choices":[{"data":"Whirlwind","floor":6,"key":"SMITH"},{"data":"Double Tap","floor":11,"key":"SMITH"},{"data":"True Grit","floor":13,"key":"SMITH"},{"floor":15,"key":"REST"}],"neow_cost":"NONE","seed_source_timestamp":1101951140251100,"circlet_count":0,"master_deck":["AscendersBane","Strike_R","Strike_R","Strike_R","Strike_R","Defend_R","Defend_R","Defend_R","Defend_R","Bash","Double Tap+1","Iron Wave","Whirlwind+1","Clothesline","Disarm","True Grit+1","Spot Weakness","Disarm","Armaments","Demon Form","Fiend Fire","Second Wind+1","Headbutt+1"],"relics":["Burning Blood","Pantograph","Dream Catcher","Cursed Key"],"potions_floor_usage":[2,8,12,16,19],"damage_taken":[{"damage":11,"enemies":"2 Louse","floor":1,"turns":3},{"damage":7,"enemies":"Jaw Worm","floor":2,"turns":2},{"damage":13,"enemies":"Small Slimes","floor":3,"turns":3},{"damage":14,"enemies":"3 Louse","floor":7,"turns":3},{"damage":30,"enemies":"Gremlin Gang","floor":8,"turns":3},{"damage":15,"enemies":"3 Sentries","floor":10,"turns":4},{"damage":11,"enemies":"Looter","floor":12,"turns":4},{"damage":0,"enemies":"3 Louse","floor":14,"turns":1},{"damage":32,"enemies":"The Guardian","floor":16,"turns":11},{"damage":30,"enemies":"Chosen","floor":18,"turns":5},{"damage":20,"enemies":"Colosseum Slavers","floor":19,"turns":4},{"damage":23,"enemies":"Spheric Guardian","floor":20,"turns":4},{"damage":27,"enemies":"Centurion and Healer","floor":21,"turns":3}],"seed_played":"9010581764254355511","potions_obtained":[{"floor":1,"key":"SteroidPotion"},{"floor":7,"key":"BloodPotion"},{"floor":10,"key":"Energy Potion"},{"floor":16,"key":"Fruit Juice"},{"floor":18,"key":"Dexterity Potion"}],"is_trial":false,"path_per_floor":["M","M","M","?","$","R","M","M","T","E","R","M","R","M","R","B",null,"M","?","M","M"],"character_chosen":"IRONCLAD","items_purchased":[],"campfire_rested":1,"item_purchase_floors":[],"current_hp_per_floor":[63,62,55,55,55,55,47,30,30,21,21,16,16,22,44,48,72,48,34,17,0],"gold":278,"neow_bonus":"ONE_RANDOM_RARE_CARD","is_prod":false,"is_daily":false,"chose_seed":false,"campfire_upgraded":3,"win_rate":0,"timestamp":1561911730,"path_taken":["M","M","M","?","$","R","M","M","T","E","R","M","R","M","R","BOSS","M","?","M","M"],"build_version":"2019-01-23","purchased_purges":0,"victory":false,"max_hp_per_floor":[75,75,75,75,75,75,75,75,75,75,75,75,75,75,75,80,80,80,80,80,80],"card_choices":[{"not_picked":["Intimidate","Burning Pact"],"picked":"Iron Wave","floor":1},{"not_picked":["Wild Strike","Ghostly Armor"],"picked":"Whirlwind","floor":2},{"not_picked":["Sever Soul","Carnage"],"picked":"Clothesline","floor":3},{"not_picked":["Combust","Whirlwind"],"picked":"Disarm","floor":7},{"not_picked":["Cleave","Sword Boomerang"],"picked":"True Grit","floor":8},{"not_picked":["Rage","Wild Strike"],"picked":"Spot Weakness","floor":10},{"not_picked":["Entrench","Clothesline"],"picked":"Disarm","floor":12},{"not_picked":["Clash","Sword Boomerang"],"picked":"Armaments","floor":14},{"not_picked":["Havoc","Armaments"],"picked":"Demon Form","floor":15},{"not_picked":["Barricade","Brutality"],"picked":"Fiend Fire","floor":16},{"not_picked":["Heavy Blade","Dropkick"],"picked":"Second Wind+1","floor":18},{"not_picked":["Intimidate","Second Wind"],"picked":"Headbutt+1","floor":20}],"player_experience":1520994,"relics_obtained":[{"floor":9,"key":"Pantograph"},{"floor":10,"key":"Dream Catcher"}],"event_choices":[{"cards_removed":["Strike_R"],"damage_healed":0,"gold_gain":0,"player_choice":"Card Removal","damage_taken":0,"max_hp_gain":0,"max_hp_loss":0,"event_name":"The Cleric","floor":4,"gold_loss":75},{"damage_healed":0,"gold_gain":0,"player_choice":"Fight","damage_taken":0,"max_hp_gain":0,"max_hp_loss":0,"event_name":"Colosseum","floor":19,"gold_loss":0},{"damage_healed":0,"gold_gain":0,"player_choice":"Fled From Nobs","damage_taken":0,"max_hp_gain":0,"max_hp_loss":0,"event_name":"Colosseum","floor":19,"gold_loss":0}],"is_beta":false,"boss_relics":[{"not_picked":["Velvet Choker","Runic Pyramid"],"picked":"Cursed Key"}],"items_purged_floors":[],"is_endless":false,"potions_floor_spawned":[1,7,10,16,18],"killed_by":"Centurion and Healer","ascension_level":17}