{"gold_per_floor":[116,116,135,135,60,78,78,98,98,113,113],"floor_reached":11,"playtime":198,"items_purged":["Pain"],"score":130,"play_id":"3ca377a8-ed87-493a-aedf-1009b62481fc","local_time":"20190629185112","is_ascension_mode":true,"campfire_choices":[{"data":"Sweeping Beam","floor":7,"key":"SMITH"}],"neow_cost":"NONE","seed_source_timestamp":173141943900251,"circlet_count":0,"master_deck":["AscendersBane","Strike_B","Strike_B","Strike_B","Strike_B","Defend_B","Defend_B","Defend_B","Defend_B","Zap","Dualcast","Heatsinks","Undo","Sweeping Beam+1","Streamline","Beam Cell"],"relics":["Cracked Core","NeowsBlessing","Golden Idol","WarpedTongs","Bottled Lightning"],"potions_floor_usage":[],"damage_taken":[{"damage":0,"enemies":"Small Slimes","floor":1,"turns":1},{"damage":0,"enemies":"Jaw Worm","floor":3,"turns":1},{"damage":0,"enemies":"Cultist","floor":6,"turns":1},{"damage":15,"enemies":"3 Louse","floor":8,"turns":3},{"damage":12,"enemies":"Looter","floor":10,"turns":3},{"damage":13,"enemies":"Blue Slaver","floor":11,"turns":3}],"seed_played":"1811111201786949884","potions_obtained":[{"floor":6,"key":"Dexterity Potion"},{"floor":8,"key":"Weak Potion"}],"is_trial":false,"path_per_floor":["M","?","M","?","$","M","R","M","T","M","M"],"character_chosen":"DEFECT","items_purchased":[],"campfire_rested":0,"item_purchase_floors":[],"current_hp_per_floor":[64,40,40,40,40,40,40,25,25,13,0],"gold":113,"neow_bonus":"THREE_ENEMY_KILL","is_prod":false,"is_daily":false,"chose_seed":false,"campfire_upgraded":1,"win_rate":0,"timestamp":1561830672,"path_taken":["M","?","M","?","$","?","R","M","T","M","M"],"build_version":"2019-01-23","purchased_purges":1,"victory":false,"max_hp_per_floor":[71,71,71,71,71,71,71,71,71,71,71],"card_choices":[{"not_picked":["Go for the Eyes","Recycle"],"picked":"Heatsinks","floor":1},{"not_picked":["Capacitor","Sweeping Beam"],"picked":"Undo","floor":3},{"not_picked":["Cold Snap","Hologram"],"picked":"Sweeping Beam","floor":6},{"not_picked":["Ball Lightning","Cold Snap"],"picked":"Streamline","floor":8},{"not_picked":["Rebound","Steam"],"picked":"Beam Cell","floor":10}],"player_experience":1120910,"relics_obtained":[{"floor":9,"key":"Bottled Lightning"}],"event_choices":[{"damage_healed":0,"gold_gain":0,"player_choice":"Take Damage","damage_taken":24,"relics_obtained":["Golden Idol"],"max_hp_gain":0,"max_hp_loss":0,"event_name":"Golden Idol","floor":2,"gold_loss":0},{"damage_healed":0,"gold_gain":0,"player_choice":"Rummage","damage_taken":0,"relics_obtained":["WarpedTongs"],"max_hp_gain":0,"max_hp_loss":0,"event_name":"Accursed Blacksmith","floor":4,"gold_loss":0,"cards_obtained":["Pain"]}],"is_beta":false,"boss_relics":[],"items_purged_floors":[5],"is_endless":false,"potions_floor_spawned":[6,8],"killed_by":"Blue Slaver","ascension_level":20}