{"gold_per_floor":[116,116,116,135,4,38,52,84,84,94,105,105,0,0,0,71,71,84,9,9,24,24,24,56,3,3,3,13,13,28,48,48,48],"floor_reached":33,"playtime":1772,"items_purged":["Strike_R"],"score":590,"play_id":"5c92999c-eef7-461d-8250-f0154652e412","local_time":"20190610155542","is_ascension_mode":true,"campfire_choices":[{"data":"Whirlwind","floor":12.0,"key":"SMITH"},{"data":"Armaments","floor":15.0,"key":"SMITH"},{"floor":27,"key":"REST"},{"floor":29,"key":"REST"},{"floor":32,"key":"REST"}],"neow_cost":"NONE","seed_source_timestamp":0,"circlet_count":0,"master_deck":["AscendersBane","Defend_R","Defend_R","Defend_R+1","Defend_R","Bash","Metallicize","Armaments+1","True Grit","Shrug It Off","Flex","Whirlwind+1","Battle Trance","Rupture","Anger","Headbutt","Flex","Offering","Evolve","Flame Barrier","Seeing Red","Metallicize","Bite","Bite","Bite","Bite","Bite","Shockwave","Parasite","Reaper","Dual Wield","Body Slam","Headbutt+1","Headbutt","Armaments"],"special_seed":0,"relics":["Burning Blood","NeowsBlessing","Lantern","Prayer Wheel","Bottled Flame","Cursed Key","Shuriken","Self Forming Clay"],"potions_floor_usage":[24,28,28],"damage_taken":[{"damage":0.0,"enemies":"Jaw Worm","floor":1.0,"turns":1.0},{"damage":0.0,"enemies":"2 Louse","floor":4.0,"turns":2.0},{"damage":0.0,"enemies":"3 Sentries","floor":6.0,"turns":1.0},{"damage":3.0,"enemies":"Cultist","floor":7.0,"turns":4.0},{"damage":34.0,"enemies":"Lagavulin","floor":8.0,"turns":11.0},{"damage":18.0,"enemies":"Exordium Wildlife","floor":10.0,"turns":9.0},{"damage":8.0,"enemies":"Looter","floor":11.0,"turns":4.0},{"damage":14.0,"enemies":"The Guardian","floor":16.0,"turns":13.0},{"damage":17.0,"enemies":"Spheric Guardian","floor":18.0,"turns":5.0},{"damage":0.0,"enemies":"3 Byrds","floor":21.0,"turns":6.0},{"damage":45,"enemies":"Book of Stabbing","floor":24,"turns":8},{"damage":14,"enemies":"Centurion and Healer","floor":28,"turns":2},{"damage":28,"enemies":"Shelled Parasite and Fungi","floor":30,"turns":10},{"damage":28,"enemies":"Snake Plant","floor":31,"turns":5},{"damage":77,"enemies":"Champ","floor":33,"turns":12}],"seed_played":"922354385831523898","potions_obtained":[{"floor":1.0,"key":"Explosive Potion"},{"floor":8.0,"key":"Fruit Juice"},{"floor":10.0,"key":"SteroidPotion"},{"floor":21.0,"key":"SkillPotion"},{"floor":24,"key":"Explosive Potion"}],"is_trial":false,"path_per_floor":["M","?","?","M","$","E","M","E","T","M","M","R","$","?","R","B",null,"M","?","?","M","?","?","E","$","T","R","M","R","M","M","R","B"],"character_chosen":"IRONCLAD","items_purchased":["True Grit","Flex","PowerPotion","SkillPotion"],"campfire_rested":3,"item_purchase_floors":[5,13,13,25],"current_hp_per_floor":[74,79,55,61,61,67,70,47,47,35,33,33,33,33,33,25,70,59,59,34,40,40,40,11,11,11,29,21,39,38,18,36,0],"gold":48,"neow_bonus":"THREE_ENEMY_KILL","is_prod":false,"is_daily":false,"chose_seed":false,"campfire_upgraded":2,"win_rate":0,"timestamp":1560174942,"path_taken":["M","?","?","M","$","E","M","E","T","M","M","R","$","?","R","BOSS","M","?","?","M","?","?","E","$","T","R","?","R","M","M","R","BOSS"],"build_version":"2019-01-23","purchased_purges":1,"victory":false,"max_hp_per_floor":[75,80,80,80,80,80,80,85,85,85,85,85,85,85,85,85,85,85,85,90,90,90,63,63,63,63,63,63,63,63,63,63,63],"card_choices":[{"not_picked":["Disarm","Iron Wave"],"picked":"Metallicize","floor":1.0},{"not_picked":["Shrug It Off","Cleave"],"picked":"Armaments","floor":4.0},{"not_picked":["Flex","Twin Strike"],"picked":"Shrug It Off","floor":6.0},{"not_picked":["Wild Strike","True Grit"],"picked":"Flex","floor":7.0},{"not_picked":["Shrug It Off","Impervious"],"picked":"Whirlwind","floor":8.0},{"not_picked":["Clothesline","Havoc"],"picked":"Battle Trance","floor":10.0},{"not_picked":["Warcry","Blood for Blood","Rupture"],"picked":"SKIP","floor":10.0},{"not_picked":["Warcry","Blood for Blood"],"picked":"Rupture","floor":10.0},{"not_picked":["Shrug It Off","Second Wind"],"picked":"Anger","floor":11.0},{"not_picked":["Cleave","Pommel Strike","Headbutt"],"picked":"SKIP","floor":11.0},{"not_picked":["Cleave","Pommel Strike"],"picked":"Headbutt","floor":11.0},{"not_picked":["Double Tap","Bludgeon"],"picked":"Offering","floor":16.0},{"not_picked":["Reckless Charge","Pommel Strike"],"picked":"Evolve","floor":18.0},{"not_picked":["Sword Boomerang","Body Slam"],"picked":"Flame Barrier","floor":18.0},{"not_picked":["Perfected Strike","Carnage"],"picked":"Seeing Red","floor":21.0},{"not_picked":["Whirlwind","Clothesline"],"picked":"Metallicize","floor":21.0},{"not_picked":["Blood for Blood","Wild Strike"],"picked":"Shockwave","floor":24},{"not_picked":["Headbutt","Clothesline"],"picked":"Reaper","floor":28},{"not_picked":["Twin Strike","Flame Barrier"],"picked":"Dual Wield","floor":28},{"not_picked":["Disarm","Clothesline"],"picked":"Body Slam","floor":30},{"not_picked":["Intimidate","True Grit"],"picked":"Headbutt+1","floor":30},{"not_picked":["Shrug It Off","Flex"],"picked":"Headbutt","floor":31},{"not_picked":["Headbutt","Havoc","Armaments"],"picked":"SKIP","floor":31},{"not_picked":["Headbutt","Havoc"],"picked":"Armaments","floor":31}],"player_experience":1287254,"relics_obtained":[{"floor":6.0,"key":"Lantern"},{"floor":8.0,"key":"Prayer Wheel"},{"floor":9.0,"key":"Bottled Flame"},{"floor":24,"key":"Shuriken"},{"floor":26,"key":"Self Forming Clay"}],"event_choices":[{"damage_healed":0.0,"max_hp_gain":5.0,"max_hp_loss":0.0,"gold_gain":0.0,"event_name":"Big Fish","player_choice":"Donut","floor":2.0,"gold_loss":0.0,"damage_taken":0.0},{"damage_healed":0.0,"max_hp_gain":0.0,"max_hp_loss":0.0,"gold_gain":0.0,"event_name":"Shining Light","player_choice":"Entered Light","floor":3.0,"gold_loss":0.0,"damage_taken":24.0,"cards_upgraded":["Defend_R","Strike_R"]},{"cards_removed":["Strike_R"],"damage_healed":0.0,"max_hp_gain":0.0,"max_hp_loss":0.0,"gold_gain":0.0,"event_name":"Bonfire Elementals","player_choice":"Offered Basic","floor":14.0,"gold_loss":0.0,"damage_taken":0.0},{"cards_removed":["Strike_R"],"damage_healed":0.0,"max_hp_gain":0.0,"max_hp_loss":0.0,"gold_gain":0.0,"event_name":"Beggar","player_choice":"Gave Gold","floor":19.0,"gold_loss":75.0,"damage_taken":0.0},{"damage_healed":0.0,"max_hp_gain":5.0,"max_hp_loss":0.0,"gold_gain":0.0,"event_name":"Forgotten Altar","player_choice":"Shed Blood","floor":20.0,"gold_loss":0.0,"damage_taken":30.0},{"damage_healed":0,"gold_gain":0,"player_choice":"Became a vampire","damage_taken":0,"max_hp_gain":0,"max_hp_loss":27,"event_name":"Vampires","floor":23,"gold_loss":0,"cards_obtained":["Bite","Bite","Bite","Bite","Bite"]}],"is_beta":false,"boss_relics":[{"not_picked":["Snecko Eye","White Beast Statue"],"picked":"Cursed Key"}],"items_purged_floors":[5],"is_endless":false,"potions_floor_spawned":[1,8,10,21,24],"killed_by":"Champ","ascension_level":16}