{"gold_per_floor":[112,262,14,14,14,41,41,76,101,101,113,146,146,159,159,159],"floor_reached":16,"playtime":337,"items_purged":["Doubt"],"score":299,"play_id":"ad30d44a-e0ef-41bf-a763-d0f68edcd39d","local_time":"20190608174706","is_ascension_mode":true,"campfire_choices":[{"data":"Bash","floor":7,"key":"SMITH"},{"data":"Fiend Fire","floor":13,"key":"SMITH"},{"data":"Body Slam","floor":15,"key":"SMITH"}],"neow_cost":"NONE","seed_source_timestamp":133972760067200,"circlet_count":0,"master_deck":["AscendersBane","Strike_R","Strike_R","Strike_R","Strike_R","Strike_R","Defend_R","Defend_R","Defend_R","Defend_R","Bash+1","Flame Barrier","Feel No Pain","Flash of Steel+1","Headbutt+1","Metallicize","Heavy Blade","Fiend Fire+1","Body Slam+1"],"relics":["Burning Blood","NeowsBlessing","Girya","Smiling Mask","Whetstone","Torii"],"potions_floor_usage":[12],"damage_taken":[{"damage":0,"enemies":"Jaw Worm","floor":1,"turns":1},{"damage":0,"enemies":"Lagavulin","floor":6,"turns":2},{"damage":0,"enemies":"Gremlin Nob","floor":8,"turns":1},{"damage":7,"enemies":"Small Slimes","floor":11,"turns":3},{"damage":51,"enemies":"Lagavulin","floor":12,"turns":8},{"damage":0,"enemies":"2 Louse","floor":14,"turns":1},{"damage":43,"enemies":"Slime Boss","floor":16,"turns":8}],"seed_played":"-3072875850089682941","potions_obtained":[{"floor":6,"key":"Ancient Potion"},{"floor":11,"key":"GamblersBrew"}],"is_trial":false,"path_per_floor":["M","?","$","?","?","E","R","E","T","$","M","E","R","M","R","B"],"character_chosen":"IRONCLAD","items_purchased":["Feel No Pain","Flash of Steel"],"campfire_rested":0,"item_purchase_floors":[3,3],"current_hp_per_floor":[74,74,74,74,79,80,80,80,80,80,79,34,34,40,40,0],"gold":159,"neow_bonus":"THREE_ENEMY_KILL","is_prod":false,"is_daily":false,"chose_seed":false,"campfire_upgraded":3,"win_rate":0,"timestamp":1560008826,"path_taken":["M","?","$","?","?","E","R","E","T","?","?","E","R","M","R","BOSS"],"build_version":"2019-01-23","purchased_purges":1,"victory":false,"max_hp_per_floor":[75,75,75,75,80,80,80,80,80,80,80,80,80,80,80,80],"card_choices":[{"not_picked":["Flex","Reckless Charge"],"picked":"Flame Barrier","floor":1},{"not_picked":["Rupture","Heavy Blade"],"picked":"Headbutt","floor":6},{"not_picked":["Twin Strike","Burning Pact"],"picked":"Metallicize","floor":8},{"not_picked":["Rage","Warcry"],"picked":"Heavy Blade","floor":11},{"not_picked":["Sword Boomerang","Hemokinesis"],"picked":"Fiend Fire","floor":12},{"not_picked":["Flex","Intimidate"],"picked":"Body Slam","floor":14}],"player_experience":1226947,"relics_obtained":[{"floor":6,"key":"Girya"},{"floor":8,"key":"Smiling Mask"},{"floor":9,"key":"Whetstone"},{"floor":12,"key":"Torii"}],"event_choices":[{"damage_healed":0,"gold_gain":150,"player_choice":"AGREE","damage_taken":0,"max_hp_gain":0,"max_hp_loss":0,"event_name":"Liars Game","floor":2,"gold_loss":0,"cards_obtained":["Doubt"]},{"damage_healed":0,"gold_gain":0,"player_choice":"Leave","damage_taken":0,"max_hp_gain":0,"max_hp_loss":0,"event_name":"The Cleric","floor":4,"gold_loss":0},{"damage_healed":0,"gold_gain":0,"player_choice":"Donut","damage_taken":0,"max_hp_gain":5,"max_hp_loss":0,"event_name":"Big Fish","floor":5,"gold_loss":0}],"is_beta":false,"boss_relics":[],"items_purged_floors":[3],"is_endless":false,"potions_floor_spawned":[6,11],"killed_by":"Slime Boss","ascension_level":16}