{"gold_per_floor":[119,44,55,75,90,90,101,101,101,101,128,143,47,73,73,178,178,193,52,52,71,71,71,103,103,184,184,184,197,16,45,45,150,150,170,181,200,200,212,212,228,228,251,251,4,15,35,60,60,60],"floor_reached":51,"playtime":5667,"items_purged":["Strike_R","Strike_R","Strike_R"],"score":1002,"play_id":"9257bf67-bf94-4fad-bb2b-ed70fc7be3ce","local_time":"20191014035136","is_ascension_mode":true,"campfire_choices":[{"data":"Uppercut","floor":6.0,"key":"SMITH"},{"data":"Rampage","floor":8.0,"key":"SMITH"},{"floor":10.0,"key":"REST"},{"data":"Ghostly Armor","floor":15.0,"key":"SMITH"},{"data":"Disarm","floor":23.0,"key":"SMITH"},{"data":"True Grit","floor":25.0,"key":"SMITH"},{"data":"Flex","floor":27.0,"key":"SMITH"},{"data":"True Grit","floor":32.0,"key":"SMITH"},{"data":"Corruption","floor":40.0,"key":"SMITH"},{"data":"Disarm","floor":42.0,"key":"SMITH"},{"data":"Dropkick","floor":44.0,"key":"SMITH"},{"data":"Dropkick","floor":49,"key":"SMITH"}],"neow_cost":"NONE","seed_source_timestamp":0,"circlet_count":0,"master_deck":["Strike_R","Defend_R","Defend_R","Defend_R","Bash","Flex+1","Uppercut+1","Rampage+1","Disarm+1","Headbutt","Ghostly Armor+1","Dropkick+1","Reaper","Finesse","True Grit+1","Dropkick+1","True Grit+1","Corruption+1","Disarm+1","Seeing Red+1","Inflame","Shockwave","True Grit+1","Battle Trance+1"],"special_seed":0,"relics":["Runic Pyramid","Pantograph","Ancient Tea Set","Red Skull","Coffee Dripper","Kunai","Bag of Marbles","Pear","Bag of Preparation","Eternal Feather","Dream Catcher","StoneCalendar"],"potions_floor_usage":[50],"damage_taken":[{"damage":1.0,"enemies":"Cultist","floor":1.0,"turns":4.0},{"damage":6.0,"enemies":"Jaw Worm","floor":3.0,"turns":4.0},{"damage":1.0,"enemies":"2 Louse","floor":4.0,"turns":4.0},{"damage":5.0,"enemies":"2 Fungi Beasts","floor":5.0,"turns":4.0},{"damage":18.0,"enemies":"Gremlin Gang","floor":7.0,"turns":7.0},{"damage":14.0,"enemies":"Exordium Thugs","floor":12.0,"turns":4.0},{"damage":16.0,"enemies":"Lagavulin","floor":14.0,"turns":6.0},{"damage":0.0,"enemies":"Slime Boss","floor":16.0,"turns":4.0},{"damage":22.0,"enemies":"3 Byrds","floor":18.0,"turns":6.0},{"damage":1.0,"enemies":"Chosen","floor":21.0,"turns":3.0},{"damage":38.0,"enemies":"Slavers","floor":24.0,"turns":7.0},{"damage":4.0,"enemies":"Shelled Parasite and Fungi","floor":29.0,"turns":6.0},{"damage":13.0,"enemies":"Book of Stabbing","floor":31.0,"turns":5.0},{"damage":1.0,"enemies":"Champ","floor":33.0,"turns":4.0},{"damage":12.0,"enemies":"Orb Walker","floor":35.0,"turns":5.0},{"damage":12.0,"enemies":"3 Darklings","floor":36.0,"turns":6.0},{"damage":29.0,"enemies":"Transient","floor":37.0,"turns":5.0},{"damage":13.0,"enemies":"Spire Growth","floor":39.0,"turns":4.0},{"damage":27.0,"enemies":"3 Darklings","floor":41.0,"turns":7.0},{"damage":0.0,"enemies":"Sphere and 2 Shapes","floor":46.0,"turns":5.0},{"damage":1.0,"enemies":"Spire Growth","floor":47.0,"turns":4.0},{"damage":42,"enemies":"Reptomancer","floor":48,"turns":7},{"damage":11,"enemies":"Time Eater","floor":50,"turns":6}],"seed_played":"8668302483060661173","potions_obtained":[{"floor":1.0,"key":"Strength Potion"},{"floor":4.0,"key":"Strength Potion"},{"floor":18.0,"key":"PowerPotion"},{"floor":33.0,"key":"Energy Potion"},{"floor":35.0,"key":"Energy Potion"},{"floor":37.0,"key":"Weak Potion"},{"floor":48,"key":"AttackPotion"}],"is_trial":false,"path_per_floor":["M","$","M","M","M","R","M","R","T","R","T","M","$","E","R","B",null,"M","$","?","M","?","R","E","R","T","R","?","M","$","E","R","B",null,"M","M","M","?","M","R","M","R","T","R","$","M","M","E","R","B",null],"character_chosen":"IRONCLAD","items_purchased":["Headbutt","Ghostly Armor","Finesse","True Grit","Corruption","Inflame","PowerPotion"],"campfire_rested":1,"item_purchase_floors":[13,13,19,19,30,45,45],"current_hp_per_floor":[71,71,65,64,59,59,41,41,41,65,65,51,51,35,35,60,75,59,59,59,67,67,67,40,40,50,50,50,62,62,61,61,89,90,85,90,67,67,62,74,67,79,79,90,90,90,90,70,82,79],"gold":60,"neow_bonus":"BOSS_RELIC","is_prod":false,"is_daily":false,"chose_seed":false,"campfire_upgraded":11,"win_rate":0,"timestamp":1571039496,"path_taken":["M","?","M","M","M","R","M","R","T","R","?","M","?","E","R","BOSS","M","$","?","M","?","R","E","R","T","R","?","?","?","E","R","BOSS","M","M","M","?","M","R","M","R","T","R","$","M","M","E","R","BOSS"],"build_version":"2019-07-17","purchased_purges":3,"victory":true,"max_hp_per_floor":[80,80,80,80,80,80,80,80,80,80,80,80,80,80,80,80,80,80,80,80,80,80,80,80,80,90,90,90,90,90,90,90,90,90,90,90,90,90,90,90,90,90,90,90,90,90,90,90,90,90],"card_choices":[{"not_picked":["Intimidate","Twin Strike"],"picked":"Flex","floor":1.0},{"not_picked":["Clash","Body Slam","Evolve"],"picked":"SKIP","floor":3.0},{"not_picked":["Warcry","Combust","Dark Embrace"],"picked":"SKIP","floor":4.0},{"not_picked":["Body Slam","Metallicize"],"picked":"Uppercut","floor":5.0},{"not_picked":["Sword Boomerang","Headbutt"],"picked":"Rampage","floor":7.0},{"not_picked":["Combust","Carnage"],"picked":"Disarm","floor":12.0},{"not_picked":["Clash","Rage"],"picked":"Dropkick","floor":14.0},{"not_picked":["Limit Break","Barricade"],"picked":"Reaper","floor":16.0},{"not_picked":["Warcry","Clothesline","Cleave"],"picked":"SKIP","floor":18.0},{"not_picked":["Havoc","Headbutt","Cleave+1"],"picked":"SKIP","floor":21.0},{"not_picked":["Fire Breathing","Carnage","Entrench"],"picked":"SKIP","floor":24.0},{"not_picked":["Thunderclap","Dual Wield"],"picked":"True Grit","floor":29.0},{"not_picked":["Entrench","Flex"],"picked":"Disarm","floor":31.0},{"not_picked":["Dual Wield+1","Body Slam","Clothesline+1"],"picked":"SKIP","floor":35.0},{"not_picked":["Clothesline","Bloodletting"],"picked":"Seeing Red+1","floor":36.0},{"not_picked":["Whirlwind+1","Wild Strike+1","Cleave+1"],"picked":"SKIP","floor":37.0},{"not_picked":["Body Slam","Pommel Strike","Wild Strike"],"picked":"SKIP","floor":39.0},{"not_picked":["Headbutt","Cleave+1","Ghostly Armor"],"picked":"SKIP","floor":41.0},{"not_picked":["Dual Wield","Iron Wave+1"],"picked":"Shockwave","floor":46.0},{"not_picked":["Ghostly Armor","Sword Boomerang"],"picked":"True Grit+1","floor":47.0},{"not_picked":["Bludgeon","Whirlwind"],"picked":"Battle Trance+1","floor":48}],"player_experience":785767,"relics_obtained":[{"floor":9.0,"key":"Pantograph"},{"floor":11.0,"key":"Ancient Tea Set"},{"floor":14.0,"key":"Red Skull"},{"floor":24.0,"key":"Bag of Marbles"},{"floor":26.0,"key":"Pear"},{"floor":31.0,"key":"Bag of Preparation"},{"floor":43.0,"key":"Dream Catcher"},{"floor":48,"key":"StoneCalendar"}],"event_choices":[{"damage_healed":0.0,"max_hp_gain":0.0,"max_hp_loss":0.0,"gold_gain":0.0,"event_name":"The Mausoleum","player_choice":"Opened","floor":20.0,"gold_loss":0.0,"damage_taken":0.0,"relics_obtained":["Kunai"]},{"cards_removed":["Strike_R"],"damage_healed":0.0,"max_hp_gain":0.0,"max_hp_loss":0.0,"gold_gain":0.0,"event_name":"Back to Basics","player_choice":"Elegance","floor":22.0,"gold_loss":0.0,"damage_taken":0.0},{"damage_healed":0.0,"max_hp_gain":0.0,"max_hp_loss":0.0,"gold_gain":0.0,"event_name":"Duplicator","player_choice":"Copied","floor":28.0,"gold_loss":0.0,"damage_taken":0.0,"cards_obtained":["Dropkick"]},{"cards_removed":["Defend_R"],"damage_healed":0.0,"max_hp_gain":0.0,"max_hp_loss":0.0,"gold_gain":0.0,"event_name":"Falling","player_choice":"Removed Skill","floor":38.0,"gold_loss":0.0,"damage_taken":0.0}],"is_beta":false,"boss_relics":[{"not_picked":["Cursed Key","Velvet Choker"],"picked":"Coffee Dripper"},{"not_picked":["Pandora\u0027s Box","Runic Dome"],"picked":"Eternal Feather"}],"items_purged_floors":[2,30,45],"is_endless":false,"potions_floor_spawned":[1,4,18,33,35,37,48],"ascension_level":7}