{"gold_per_floor":[20,20,20,20,43,67,85,85,134,153,174,174,224,268,280,381,393,430,416,428],"floor_reached":20,"playtime":925,"items_purged":[],"score":334,"play_id":"64eeca6c-042d-49a8-bdf1-3b9b8ea86ad7","local_time":"20190815033054","is_ascension_mode":true,"campfire_choices":[{"data":"Juggernaut","floor":8,"key":"SMITH"},{"data":"Rampage","floor":12,"key":"SMITH"},{"data":"Double Tap","floor":15,"key":"SMITH"}],"neow_cost":"NO_GOLD","seed_source_timestamp":80527370313500,"circlet_count":0,"master_deck":["AscendersBane","Strike_R","Defend_R","Defend_R+1","Defend_R","Defend_R","Bash","Juggernaut+1","Power Through","Flex","Headbutt","Second Wind+1","Heavy Blade","Rampage+1","Shrug It Off","Double Tap+1","Bludgeon","Shockwave+1","Reckless Charge+1","Dropkick+1","Flex","Spot Weakness+1"],"relics":["Burning Blood","Golden Idol","War Paint","MawBank","Astrolabe"],"potions_floor_usage":[10,16,16],"damage_taken":[{"damage":3,"enemies":"Small Slimes","floor":1,"turns":3},{"damage":2,"enemies":"2 Louse","floor":5,"turns":5},{"damage":6,"enemies":"Cultist","floor":6,"turns":3},{"damage":6,"enemies":"Looter","floor":7,"turns":3},{"damage":19,"enemies":"Lots of Slimes","floor":10,"turns":5},{"damage":0,"enemies":"Blue Slaver","floor":11,"turns":2},{"damage":21,"enemies":"Lagavulin","floor":14,"turns":7},{"damage":66,"enemies":"Hexaghost","floor":16,"turns":13},{"damage":7,"enemies":"Shell Parasite","floor":18,"turns":3},{"damage":31,"enemies":"2 Thieves","floor":19,"turns":4},{"damage":33,"enemies":"Shelled Parasite and Fungi","floor":20,"turns":2}],"seed_played":"948585521170805237","potions_obtained":[{"floor":1,"key":"SpeedPotion"},{"floor":7,"key":"Poison Potion"},{"floor":10,"key":"Regen Potion"}],"is_trial":false,"path_per_floor":["M","?","?","?","M","M","M","R","T","M","M","R","?","E","R","B",null,"M","M","M"],"character_chosen":"IRONCLAD","items_purchased":[],"campfire_rested":0,"item_purchase_floors":[],"current_hp_per_floor":[71,71,71,71,75,75,75,75,75,62,68,68,68,53,53,8,58,57,32,0],"gold":428,"neow_bonus":"THREE_RARE_CARDS","is_prod":false,"is_daily":false,"chose_seed":false,"campfire_upgraded":3,"win_rate":0,"timestamp":1565832654,"path_taken":["M","?","?","?","M","M","?","R","T","M","M","R","?","E","R","BOSS","M","M","?"],"build_version":"2019-07-17","purchased_purges":0,"victory":false,"max_hp_per_floor":[75,75,75,75,75,75,75,75,75,75,75,75,75,75,75,75,75,75,75,75],"card_choices":[{"not_picked":["Demon Form","Limit Break"],"picked":"Juggernaut","floor":0},{"not_picked":["Blood for Blood","Wild Strike"],"picked":"Power Through","floor":1},{"not_picked":["Sword Boomerang","True Grit"],"picked":"Headbutt","floor":5},{"not_picked":["Armaments","Hemokinesis"],"picked":"Second Wind","floor":6},{"not_picked":["Headbutt","Perfected Strike"],"picked":"Heavy Blade","floor":7},{"not_picked":["Twin Strike","Anger"],"picked":"Rampage","floor":10},{"not_picked":["Combust","Perfected Strike"],"picked":"Shrug It Off","floor":11},{"not_picked":["Wild Strike","Perfected Strike"],"picked":"Double Tap","floor":14},{"not_picked":["Impervious","Berserk"],"picked":"Bludgeon","floor":16},{"not_picked":["Combust","Corruption"],"picked":"Flex","floor":18},{"not_picked":["Havoc","Sentinel"],"picked":"Spot Weakness+1","floor":19}],"player_experience":1908899,"relics_obtained":[{"floor":9,"key":"War Paint"},{"floor":14,"key":"MawBank"}],"event_choices":[{"damage_healed":0,"gold_gain":0,"cards_transformed":["Strike_R"],"player_choice":"Change","damage_taken":0,"max_hp_gain":0,"max_hp_loss":0,"event_name":"Living Wall","floor":2,"gold_loss":0,"cards_obtained":["Flex"]},{"damage_healed":0,"gold_gain":0,"player_choice":"Take Wound","damage_taken":0,"relics_obtained":["Golden Idol"],"max_hp_gain":0,"max_hp_loss":0,"event_name":"Golden Idol","floor":3,"gold_loss":0,"cards_obtained":["Injury"]},{"cards_removed":["Injury"],"damage_healed":0,"gold_gain":0,"player_choice":"Purged","damage_taken":0,"max_hp_gain":0,"max_hp_loss":0,"event_name":"Purifier","floor":4,"gold_loss":0},{"damage_healed":0,"gold_gain":50,"player_choice":"Pray","damage_taken":0,"max_hp_gain":0,"max_hp_loss":0,"event_name":"Golden Shrine","floor":13,"gold_loss":0}],"is_beta":false,"boss_relics":[{"not_picked":["Empty Cage","Sozu"],"picked":"Astrolabe"}],"items_purged_floors":[],"is_endless":false,"potions_floor_spawned":[1,7,10],"killed_by":"Shelled Parasite and Fungi","ascension_level":18}