{"path_per_floor":["M","$","M","?","M","E","R","M","T","M","M","E","$","M","R","B",null,"M","M","M","?","$","M","M","$","T","M","E","?","E","M","R"],"character_chosen":"IRONCLAD","items_purchased":["Flex","Bottled Flame"],"gold_per_floor":[116,70,85,85,96,129,129,140,140,156,176,204,129,139,139,236,236,249,262,277,277,18,35,46,46,46,63,98,98,125,135,135,135],"floor_reached":33,"campfire_rested":0,"playtime":1311,"current_hp_per_floor":[80,80,80,73,79,63,63,62,62,68,74,51,51,57,57,54,80,76,80,34,34,34,37,45,45,45,50,55,55,41,51,51,0],"items_purged":["Strike_R"],"gold":135,"score":328,"play_id":"285cb54d-1c24-413c-9837-a14b860d7a72","local_time":"20180512210031","is_prod":false,"is_daily":false,"chose_seed":false,"is_ascension_mode":false,"campfire_upgraded":3,"timestamp":1526155231,"path_taken":["M","$","M","?","M","E","R","M","T","M","M","E","$","M","R","BOSS","M","?","M","?","?","M","M","$","T","?","E","?","E","M","R","BOSS"],"build_version":"2018-05-10","seed_source_timestamp":258574097169557,"purchased_purges":2,"victory":false,"master_deck":["Defend_R","Defend_R","Defend_R","Bash","Flex+1","Whirlwind+1","Shockwave","Reaper","Shrug It Off","Flex+1","Bite","Bite","Bite","Bite","Bite","Feed+1"],"max_hp_per_floor":[80,80,80,80,80,80,80,80,80,80,80,80,80,80,80,80,80,80,80,80,56,56,56,59,59,59,62,62,62,62,65,65,65],"relics":["Burning Blood","NeowsBlessing","Du-Vu Doll","Ginger","Meat on the Bone","Mark of Pain","Bottled Flame","Red Skull","Charon\u0027s Ashes","Centennial Puzzle"],"card_choices":[{"not_picked":["Burning Pact","Pommel Strike"],"picked":"Whirlwind","floor":3},{"not_picked":["Havoc","Metallicize"],"picked":"Shockwave","floor":12},{"not_picked":["Immolate","Limit Break"],"picked":"Reaper","floor":16},{"not_picked":["Thunderclap","Havoc"],"picked":"Shrug It Off","floor":18},{"not_picked":["Dropkick","Armaments"],"picked":"Flex","floor":20},{"not_picked":["Clash","Cleave"],"picked":"Feed","floor":23}],"player_experience":293938,"potions_floor_usage":[6,16,23,30,33],"damage_taken":[{"damage":0,"enemies":"Jaw Worm","floor":1,"turns":1},{"damage":0,"enemies":"2 Louse","floor":3,"turns":1},{"damage":0,"enemies":"Cultist","floor":5,"turns":1},{"damage":22,"enemies":"3 Sentries","floor":6,"turns":6},{"damage":7,"enemies":"Blue Slaver","floor":8,"turns":3},{"damage":0,"enemies":"Lots of Slimes","floor":10,"turns":1},{"damage":0,"enemies":"Large Slime","floor":11,"turns":3},{"damage":29,"enemies":"Gremlin Nob","floor":12,"turns":5},{"damage":0,"enemies":"3 Louse","floor":14,"turns":1},{"damage":9,"enemies":"Slime Boss","floor":16,"turns":9},{"damage":30,"enemies":"2 Thieves","floor":18,"turns":4},{"damage":2,"enemies":"Chosen","floor":19,"turns":5},{"damage":64,"enemies":"Sentry and Sphere","floor":20,"turns":9},{"damage":21,"enemies":"Snake Plant","floor":23,"turns":3},{"damage":25,"enemies":"Snecko","floor":24,"turns":7},{"damage":18,"enemies":"3 Cultists","floor":27,"turns":5},{"damage":33,"enemies":"Gremlin Leader","floor":28,"turns":5},{"damage":38,"enemies":"Book of Stabbing","floor":30,"turns":5},{"damage":17,"enemies":"Cultist and Chosen","floor":31,"turns":4},{"damage":69,"enemies":"Automaton","floor":33,"turns":6}],"event_choices":[{"event_name":"Golden Wing","player_choice":"Card Removal","floor":4,"damage_taken":0},{"event_name":"Vampires","player_choice":"Became a vampire","floor":21,"damage_taken":0},{"event_name":"Back to Basics","player_choice":"Elegance","floor":29,"damage_taken":0}],"boss_relics":[{"not_picked":["Orrery","Runic Dome"],"picked":"Mark of Pain"}],"potions_floor_spawned":[3,5,11,16,23,24,27,31],"seed_played":"-7309575405232068895","killed_by":"Automaton","ascension_level":0,"is_trial":false}