{"gold_per_floor":[10,30,30,30,41,41,41,41,41,41,6,22,32,50,50,155,155,165,90,90,107,107,107,122,133,160,160,189,189,208,108,108,206,206,219,94,94,112,126,126,151,1,76,76],"floor_reached":44,"playtime":1849,"items_purged":["Decay","Shame","Strike_R","Defend_R"],"score":473,"play_id":"8c742170-f185-4ab7-b098-5d2e0acb4d07","local_time":"20181225191950","is_ascension_mode":false,"campfire_choices":[{"data":"Bash","floor":6.0,"key":"SMITH"},{"data":"Flame Barrier","floor":8.0,"key":"SMITH"},{"data":"Strike_R","floor":10.0,"key":"SMITH"},{"data":"Double Tap","floor":15.0,"key":"SMITH"},{"data":"Dropkick","floor":23.0,"key":"SMITH"},{"floor":27.0,"key":"REST"},{"data":"Dropkick","floor":29.0,"key":"SMITH"},{"data":"Rampage","floor":32.0,"key":"SMITH"},{"floor":40,"key":"RECALL"}],"neow_cost":"NO_GOLD","seed_source_timestamp":294403023870911,"circlet_count":0,"master_deck":["Strike_R+1","Defend_R","Defend_R","Bash+1","Flame Barrier+1","Dropkick+1","Double Tap+1","Dropkick+1","Rampage+1","Regret"],"special_seed":0,"relics":["Burning Blood","Mercury Hourglass","Cursed Key","Potion Belt","Toxic Egg 2","Lizard Tail","Dead Branch"],"potions_floor_usage":[33],"damage_taken":[{"damage":11.0,"enemies":"Jaw Worm","floor":1.0,"turns":2.0},{"damage":1.0,"enemies":"Cultist","floor":2.0,"turns":3.0},{"damage":9.0,"enemies":"2 Louse","floor":5.0,"turns":3.0},{"damage":19.0,"enemies":"Gremlin Gang","floor":12.0,"turns":3.0},{"damage":14.0,"enemies":"Large Slime","floor":13.0,"turns":5.0},{"damage":12.0,"enemies":"Looter","floor":14.0,"turns":2.0},{"damage":37.0,"enemies":"Hexaghost","floor":16.0,"turns":9.0},{"damage":16.0,"enemies":"Shell Parasite","floor":18.0,"turns":4.0},{"damage":20.0,"enemies":"2 Thieves","floor":21.0,"turns":3.0},{"damage":3.0,"enemies":"Shelled Parasite and Fungi","floor":24.0,"turns":3.0},{"damage":21.0,"enemies":"Snake Plant","floor":25.0,"turns":3.0},{"damage":0.0,"enemies":"Gremlin Leader","floor":28.0,"turns":3.0},{"damage":18.0,"enemies":"Centurion and Healer","floor":30.0,"turns":4.0},{"damage":24,"enemies":"Collector","floor":33,"turns":4},{"damage":0,"enemies":"3 Shapes","floor":35,"turns":6},{"damage":10,"enemies":"Orb Walker","floor":38,"turns":3},{"damage":7,"enemies":"3 Darklings","floor":39,"turns":5},{"damage":121,"enemies":"Nemesis","floor":41,"turns":9},{"damage":37,"enemies":"Reptomancer","floor":44,"turns":2}],"seed_played":"4726150155203976274","potions_obtained":[{"floor":2.0,"key":"Fire Potion"},{"floor":13.0,"key":"Swift Potion"},{"floor":18.0,"key":"AttackPotion"},{"floor":24.0,"key":"SkillPotion"},{"floor":33,"key":"EssenceOfSteel"},{"floor":38,"key":"EssenceOfSteel"}],"is_trial":false,"path_per_floor":["M","M","$","?","M","R","?","R","T","R","$","M","M","M","R","B",null,"M","$","$","M","?","R","M","M","T","R","E","R","M","$","R","B",null,"M","$","?","M","M","R","E","$","T","E"],"character_chosen":"IRONCLAD","items_purchased":["Dropkick"],"campfire_rested":1,"item_purchase_floors":[11],"current_hp_per_floor":[75,80,80,80,77,77,77,77,77,77,77,64,56,50,50,19,80,70,70,70,56,56,56,59,44,44,68,74,74,62,62,62,44,80,80,80,76,72,71,71,24,24,24,0],"gold":76,"neow_bonus":"REMOVE_TWO","is_prod":false,"is_daily":false,"chose_seed":false,"campfire_upgraded":7,"win_rate":0,"timestamp":1545761990,"path_taken":["M","M","$","?","?","R","?","R","T","R","?","?","M","M","R","BOSS","M","$","?","M","?","R","M","M","T","R","E","R","?","$","R","BOSS","M","$","?","M","M","R","E","$","T","E"],"build_version":"2018-12-20","purchased_purges":4,"victory":false,"max_hp_per_floor":[80,80,80,80,80,80,80,80,80,80,80,80,80,80,80,80,80,80,80,80,80,80,80,80,80,80,80,80,80,80,80,80,80,80,80,80,76,76,76,76,76,76,76,76],"card_choices":[{"not_picked":["Armaments","Hemokinesis","Heavy Blade"],"picked":"SKIP","floor":1.0},{"not_picked":["Shrug It Off","Clothesline","Corruption"],"picked":"SKIP","floor":2.0},{"not_picked":["Thunderclap","Wild Strike","Armaments"],"picked":"SKIP","floor":5.0},{"not_picked":["Clash","Intimidate","Headbutt"],"picked":"SKIP","floor":12.0},{"not_picked":["Anger","Flame Barrier","Flex"],"picked":"SKIP","floor":13.0},{"not_picked":["Sentinel","Body Slam"],"picked":"Double Tap","floor":14.0},{"not_picked":["Iron Wave","Twin Strike+1","Clash+1"],"picked":"SKIP","floor":18.0},{"not_picked":["Sword Boomerang","Clash"],"picked":"Dropkick","floor":21.0},{"not_picked":["Cleave+1","Warcry","Iron Wave"],"picked":"SKIP","floor":24.0},{"not_picked":["Perfected Strike","Anger","Dual Wield"],"picked":"SKIP","floor":25.0},{"not_picked":["Rampage","Intimidate+1","Pommel Strike"],"picked":"SKIP","floor":28.0},{"not_picked":["Rampage","Intimidate+1","Pommel Strike"],"picked":"SKIP","floor":28.0},{"not_picked":["Wild Strike","Havoc+1","Bloodletting+1"],"picked":"SKIP","floor":30.0},{"not_picked":["Havoc+1","Seeing Red+1","Intimidate+1"],"picked":"SKIP","floor":35},{"not_picked":["Clothesline+1","Whirlwind","Sentinel+1"],"picked":"SKIP","floor":38},{"not_picked":["Shrug It Off+1","Thunderclap+1","Pommel Strike+1"],"picked":"SKIP","floor":39},{"not_picked":["Perfected Strike+1","Iron Wave","Hemokinesis"],"picked":"SKIP","floor":41}],"player_experience":543444,"relics_obtained":[{"floor":9.0,"key":"Mercury Hourglass"},{"floor":26.0,"key":"Potion Belt"},{"floor":28.0,"key":"Toxic Egg 2"},{"floor":41,"key":"Dead Branch"}],"event_choices":[{"damage_healed":0.0,"max_hp_gain":0.0,"max_hp_loss":0.0,"gold_gain":0.0,"event_name":"Wheel of Change","player_choice":"Cursed","floor":4.0,"gold_loss":0.0,"damage_taken":0.0,"cards_obtained":["Decay"]},{"damage_healed":0.0,"max_hp_gain":0.0,"max_hp_loss":0.0,"gold_gain":0.0,"cards_transformed":["Strike_R"],"event_name":"Transmorgrifier","player_choice":"Transformed","floor":7.0,"gold_loss":0.0,"damage_taken":0.0,"cards_obtained":["Flame Barrier"]},{"damage_healed":0.0,"max_hp_gain":0.0,"max_hp_loss":0.0,"gold_gain":0.0,"cards_transformed":["Strike_R"],"event_name":"Transmorgrifier","player_choice":"Transformed","floor":22.0,"gold_loss":0.0,"damage_taken":0.0,"cards_obtained":["Rampage"]},{"damage_healed":0,"gold_gain":0,"player_choice":"Max HP","damage_taken":0,"max_hp_gain":0,"max_hp_loss":4,"event_name":"Winding Halls","floor":37,"gold_loss":0}],"is_beta":false,"boss_relics":[{"not_picked":["Fusion Hammer","Busted Crown"],"picked":"Cursed Key"},{"not_picked":["Runic Dome","Black Star"],"picked":"Lizard Tail"}],"items_purged_floors":[19,31,36,42],"is_endless":false,"potions_floor_spawned":[2,13,18,24,25,33,38],"killed_by":"Reptomancer","ascension_level":0}