{"gold_per_floor":[12,31,31,46,46,46,73,102,128,128,146,162,162],"floor_reached":13,"playtime":367,"items_purged":[],"score":153,"play_id":"4fba6623-3b9a-4e95-857d-26250056782b","local_time":"20190523174441","is_ascension_mode":true,"campfire_choices":[{"data":"Limit Break","floor":6,"key":"SMITH"},{"floor":10,"key":"REST"}],"neow_cost":"NO_GOLD","seed_source_timestamp":844535956955900,"circlet_count":0,"master_deck":["AscendersBane","Strike_R","Strike_R","Strike_R","Strike_R","Defend_R","Defend_R","Defend_R","Defend_R","Bash","Limit Break+1","Spot Weakness","Clothesline","Heavy Blade","Seeing Red","Iron Wave","Bloodletting","Pommel Strike"],"relics":["Burning Blood","Strawberry","Odd Mushroom","The Courier","Bronze Scales"],"potions_floor_usage":[8,8,13],"damage_taken":[{"damage":6,"enemies":"Cultist","floor":1,"turns":4},{"damage":10,"enemies":"Small Slimes","floor":2,"turns":3},{"damage":11,"enemies":"2 Louse","floor":4,"turns":3},{"damage":37,"enemies":"The Mushroom Lair","floor":7,"turns":7},{"damage":15,"enemies":"Lagavulin","floor":8,"turns":4},{"damage":6,"enemies":"Red Slaver","floor":11,"turns":3},{"damage":15,"enemies":"Exordium Thugs","floor":12,"turns":4},{"damage":24,"enemies":"Gremlin Nob","floor":13,"turns":3}],"seed_played":"-790474945434028321","potions_obtained":[{"floor":4,"key":"Strength Potion"},{"floor":7,"key":"Block Potion"},{"floor":12,"key":"PowerPotion"}],"is_trial":false,"path_per_floor":["M","M","?","M","?","R","?","E","T","R","M","M","E"],"character_chosen":"IRONCLAD","items_purchased":[],"campfire_rested":1,"item_purchase_floors":[],"current_hp_per_floor":[68,64,64,59,48,48,17,8,8,32,32,23,0],"gold":162,"neow_bonus":"THREE_RARE_CARDS","is_prod":false,"is_daily":false,"chose_seed":false,"campfire_upgraded":1,"win_rate":0,"timestamp":1558626281,"path_taken":["M","M","?","M","?","R","?","E","T","R","M","M","E"],"build_version":"2019-01-23","purchased_purges":0,"victory":false,"max_hp_per_floor":[75,75,75,75,82,82,82,82,82,82,82,82,82],"card_choices":[{"not_picked":["Dark Embrace","Berserk"],"picked":"Limit Break","floor":0},{"not_picked":["Havoc","Searing Blow"],"picked":"Spot Weakness","floor":1},{"not_picked":["Entrench","Cleave","Havoc"],"picked":"SKIP","floor":2},{"not_picked":["Shockwave","Ghostly Armor"],"picked":"Heavy Blade","floor":4},{"not_picked":["Spot Weakness","Clothesline"],"picked":"Seeing Red","floor":7},{"not_picked":["Flex","Rupture"],"picked":"Iron Wave","floor":8},{"not_picked":["Rage","Perfected Strike"],"picked":"Bloodletting","floor":11},{"not_picked":["Cleave","Clash"],"picked":"Pommel Strike","floor":12}],"player_experience":1188039,"relics_obtained":[{"floor":7,"key":"Odd Mushroom"},{"floor":8,"key":"The Courier"},{"floor":9,"key":"Bronze Scales"}],"event_choices":[{"damage_healed":0,"gold_gain":0,"cards_transformed":["Strike_R"],"player_choice":"Change","damage_taken":0,"max_hp_gain":0,"max_hp_loss":0,"event_name":"Living Wall","floor":3,"gold_loss":0,"cards_obtained":["Clothesline"]},{"damage_healed":0,"gold_gain":0,"player_choice":"Success","damage_taken":18,"relics_obtained":["Strawberry"],"max_hp_gain":0,"max_hp_loss":0,"event_name":"Scrap Ooze","floor":5,"gold_loss":0},{"damage_healed":0,"gold_gain":0,"player_choice":"Fought Mushrooms","damage_taken":0,"max_hp_gain":0,"max_hp_loss":0,"event_name":"Mushrooms","floor":7,"gold_loss":0}],"is_beta":false,"boss_relics":[],"items_purged_floors":[],"is_endless":false,"potions_floor_spawned":[4,7,12],"killed_by":"Gremlin Nob","ascension_level":16}