{"gold_per_floor":[211,211,211,223,20,20,48,48,48,77,94,114,147,160,160,264,264,283,71,71,90,90,90,107,118,165,165,185,198,217,67,67,169,169,180,190,200,200,215,215,215,247,247,247,260,286,286,306,306,306,306,306,82,115,115],"floor_reached":56,"playtime":4002,"items_purged":["Strike_R","Strike_R"],"score":1873,"play_id":"739dd42f-d4c6-40ce-b17c-8723fad7bfbc","local_time":"20190923165916","is_ascension_mode":true,"campfire_choices":[{"data":"Uppercut","floor":6,"key":"SMITH"},{"data":"Rampage","floor":8,"key":"SMITH"},{"floor":15,"key":"REST"},{"data":"Corruption","floor":23,"key":"SMITH"},{"data":"Seeing Red","floor":27,"key":"SMITH"},{"floor":32,"key":"REST"},{"floor":40,"key":"RECALL"},{"data":"Exhume","floor":44,"key":"SMITH"},{"floor":49,"key":"REST"},{"floor":52,"key":"REST"}],"neow_cost":"NONE","seed_source_timestamp":1061550141745270,"circlet_count":0,"master_deck":["AscendersBane","Strike_R","Strike_R","Defend_R","Defend_R","Defend_R","Defend_R","Bash","Rampage+1","Uppercut+1","Shrug It Off","Double Tap","Dark Embrace","Headbutt","Seeing Red+1","Metallicize","Sever Soul","Shockwave","Fiend Fire","Feel No Pain+1","Corruption+1","Master of Strategy","Warcry","Infernal Blade+1","Exhume+1","Sentinel","Havoc","Inflame","Pommel Strike+1","Offering","Offering","Seeing Red+1","Fire Breathing","True Grit","Intimidate+1","Battle Trance","True Grit+1","Havoc+1","Warcry+1","Body Slam+1","Corruption","Seeing Red"],"relics":["Burning Blood","Calipers","Dead Branch","Prayer Wheel","Pear","Mark of Pain","InkBottle","Black Star","Bronze Scales","Boot","StoneCalendar","Pocketwatch","Oddly Smooth Stone","Thread and Needle"],"potions_floor_usage":[10,12,16,33,50,54],"damage_taken":[{"damage":0,"enemies":"Small Slimes","floor":1,"turns":3},{"damage":6,"enemies":"Cultist","floor":4,"turns":3},{"damage":25,"enemies":"Lagavulin","floor":7,"turns":6},{"damage":13,"enemies":"Gremlin Nob","floor":10,"turns":3},{"damage":0,"enemies":"2 Louse","floor":11,"turns":2},{"damage":2,"enemies":"2 Fungi Beasts","floor":12,"turns":3},{"damage":24,"enemies":"Lagavulin","floor":13,"turns":5},{"damage":6,"enemies":"Large Slime","floor":14,"turns":4},{"damage":56,"enemies":"The Guardian","floor":16,"turns":8},{"damage":0,"enemies":"Spheric Guardian","floor":18,"turns":3},{"damage":0,"enemies":"3 Byrds","floor":21,"turns":2},{"damage":3,"enemies":"Centurion and Healer","floor":24,"turns":4},{"damage":18,"enemies":"Snake Plant","floor":25,"turns":3},{"damage":6,"enemies":"3 Cultists","floor":28,"turns":2},{"damage":23,"enemies":"Sentry and Sphere","floor":29,"turns":4},{"damage":10,"enemies":"Snake Plant","floor":30,"turns":2},{"damage":19,"enemies":"Automaton","floor":33,"turns":4},{"damage":14,"enemies":"3 Darklings","floor":35,"turns":2},{"damage":12,"enemies":"Orb Walker","floor":36,"turns":1},{"damage":15,"enemies":"Sphere and 2 Shapes","floor":37,"turns":2},{"damage":5,"enemies":"Spire Growth","floor":39,"turns":4},{"damage":6,"enemies":"Nemesis","floor":42,"turns":3},{"damage":22,"enemies":"Writhing Mass","floor":45,"turns":3},{"damage":10,"enemies":"Giant Head","floor":46,"turns":3},{"damage":7,"enemies":"Jaw Worm Horde","floor":48,"turns":2},{"damage":51,"enemies":"Donu and Deca","floor":50,"turns":5},{"damage":12,"enemies":"Shield and Spear","floor":54,"turns":4},{"damage":21,"enemies":"The Heart","floor":55,"turns":4}],"seed_played":"-7854919199990680469","potions_obtained":[{"floor":1,"key":"GamblersBrew"},{"floor":10,"key":"FearPotion"},{"floor":12,"key":"LiquidBronze"},{"floor":16,"key":"ElixirPotion"},{"floor":18,"key":"Dexterity Potion"},{"floor":22,"key":"Energy Potion"},{"floor":33,"key":"ElixirPotion"},{"floor":37,"key":"GamblersBrew"},{"floor":54,"key":"GamblersBrew"}],"is_trial":false,"path_per_floor":["M","?","?","M","$","R","E","R","T","E","M","M","E","M","R","B",null,"M","$","?","M","?","R","M","M","T","R","M","M","M","$","R","B",null,"M","M","M","?","M","R","?","E","T","R","M","E","?","M","R","B",null,"R","$","E","B",null],"character_chosen":"IRONCLAD","items_purchased":["Uppercut","Shrug It Off","Master of Strategy","Warcry","Offering","Seeing Red","Energy Potion"],"campfire_rested":4,"item_purchase_floors":[5,5,19,19,31,53,53],"current_hp_per_floor":[78,71,63,63,63,63,44,44,44,37,43,47,39,39,66,16,72,78,78,60,66,66,66,69,57,57,57,57,40,36,36,64,51,84,76,70,61,61,62,62,62,62,62,62,46,42,42,41,68,23,73,90,90,84,69],"gold":115,"neow_bonus":"HUNDRED_GOLD","is_prod":false,"is_daily":false,"chose_seed":false,"campfire_upgraded":5,"win_rate":0,"timestamp":1569272356,"path_taken":["M","?","?","M","$","R","E","R","T","E","M","?","E","M","R","BOSS","M","$","?","M","?","R","M","M","T","R","M","M","M","$","R","BOSS","M","?","M","?","M","R","?","E","T","R","M","E","?","M","R","BOSS","R","$","E","BOSS"],"build_version":"2019-09-23","purchased_purges":2,"victory":true,"max_hp_per_floor":[80,80,80,80,80,80,80,80,80,80,80,80,90,90,90,90,90,90,90,95,95,95,95,95,95,95,95,95,95,95,95,95,95,95,95,95,95,95,95,95,90,90,90,90,90,90,90,90,90,90,90,90,90,90,90],"card_choices":[{"not_picked":["Armaments","Headbutt"],"picked":"Rampage","floor":1},{"not_picked":["Infernal Blade","Clash","Thunderclap"],"picked":"SKIP","floor":4},{"not_picked":["Thunderclap","Heavy Blade"],"picked":"Double Tap","floor":7},{"not_picked":["Clash","Shrug It Off"],"picked":"Dark Embrace","floor":10},{"not_picked":["Heavy Blade","Bloodletting"],"picked":"Headbutt","floor":11},{"not_picked":["Perfected Strike","Clothesline","Clash"],"picked":"SKIP","floor":11},{"not_picked":["Armaments","Pummel"],"picked":"Seeing Red","floor":12},{"not_picked":["Searing Blow","Reckless Charge"],"picked":"Metallicize","floor":12},{"not_picked":["Clash","Searing Blow"],"picked":"Sever Soul","floor":13},{"not_picked":["Ghostly Armor","Warcry"],"picked":"Shockwave","floor":14},{"not_picked":["Cleave","Fire Breathing","Clothesline"],"picked":"SKIP","floor":14},{"not_picked":["Exhume","Juggernaut"],"picked":"Fiend Fire","floor":16},{"not_picked":["Twin Strike","Uppercut"],"picked":"Feel No Pain+1","floor":18},{"not_picked":["Carnage+1","Headbutt"],"picked":"Corruption","floor":18},{"not_picked":["Havoc","Warcry"],"picked":"Infernal Blade+1","floor":21},{"not_picked":["Thunderclap","Heavy Blade+1","Flex"],"picked":"SKIP","floor":21},{"not_picked":["Bloodletting","Cleave"],"picked":"Exhume","floor":24},{"not_picked":["Hemokinesis","Wild Strike","Metallicize"],"picked":"SKIP","floor":24},{"not_picked":["Rage","Battle Trance"],"picked":"Sentinel","floor":25},{"not_picked":["Rupture","Headbutt","Twin Strike"],"picked":"SKIP","floor":25},{"not_picked":["Warcry","Sword Boomerang"],"picked":"Havoc","floor":28},{"not_picked":["Perfected Strike+1","Clash","Rampage+1"],"picked":"SKIP","floor":28},{"not_picked":["Dual Wield","Infernal Blade"],"picked":"Inflame","floor":29},{"not_picked":["Rage+1","Sword Boomerang+1","Anger"],"picked":"SKIP","floor":29},{"not_picked":["Cleave","Clothesline"],"picked":"Pommel Strike+1","floor":30},{"not_picked":["Wild Strike+1","Headbutt","Anger"],"picked":"SKIP","floor":30},{"not_picked":["Brutality","Limit Break"],"picked":"Offering","floor":33},{"not_picked":["Warcry+1","Body Slam"],"picked":"Seeing Red+1","floor":35},{"not_picked":["Thunderclap","Uppercut+1"],"picked":"Fire Breathing","floor":35},{"not_picked":["Twin Strike+1","Iron Wave","Anger"],"picked":"SKIP","floor":36},{"not_picked":["Ghostly Armor","Searing Blow","Brutality"],"picked":"SKIP","floor":36},{"not_picked":["Wild Strike","Warcry"],"picked":"True Grit","floor":37},{"not_picked":["Bloodletting","Infernal Blade","Wild Strike"],"picked":"SKIP","floor":37},{"not_picked":["Heavy Blade+1","Iron Wave"],"picked":"Intimidate+1","floor":39},{"not_picked":["Reckless Charge","Spot Weakness"],"picked":"Battle Trance","floor":39},{"not_picked":["Metallicize","Bludgeon"],"picked":"True Grit+1","floor":42},{"not_picked":["Flex","Ghostly Armor+1"],"picked":"Havoc+1","floor":45},{"not_picked":["Dual Wield+1","Evolve+1","Searing Blow"],"picked":"SKIP","floor":45},{"not_picked":["Twin Strike+1","Wild Strike"],"picked":"Warcry+1","floor":46},{"not_picked":["Burning Pact","Wild Strike"],"picked":"Body Slam+1","floor":48},{"not_picked":["Blood for Blood+1","Uppercut+1"],"picked":"Corruption","floor":48},{"not_picked":["Cleave+1","Pommel Strike","Armaments"],"picked":"SKIP","floor":54}],"player_experience":420287,"relics_obtained":[{"floor":7,"key":"Calipers"},{"floor":9,"key":"Dead Branch"},{"floor":10,"key":"Prayer Wheel"},{"floor":13,"key":"Pear"},{"floor":26,"key":"InkBottle"},{"floor":42,"key":"Bronze Scales"},{"floor":42,"key":"Boot"},{"floor":46,"key":"StoneCalendar"},{"floor":46,"key":"Pocketwatch"},{"floor":54,"key":"Oddly Smooth Stone"},{"floor":54,"key":"Thread and Needle"}],"event_choices":[{"cards_removed":["Strike_R"],"damage_healed":0,"gold_gain":0,"player_choice":"Card Removal","damage_taken":7,"max_hp_gain":0,"max_hp_loss":0,"event_name":"Golden Wing","floor":2,"gold_loss":0},{"damage_healed":0,"gold_gain":0,"player_choice":"Damaged","damage_taken":8,"max_hp_gain":0,"max_hp_loss":0,"event_name":"Wheel of Change","floor":3,"gold_loss":0},{"damage_healed":0,"gold_gain":0,"player_choice":"Shed Blood","damage_taken":23,"max_hp_gain":5,"max_hp_loss":0,"event_name":"Forgotten Altar","floor":20,"gold_loss":0},{"damage_healed":0,"gold_gain":0,"player_choice":"Got Potions","damage_taken":0,"max_hp_gain":0,"max_hp_loss":0,"event_name":"Lab","floor":22,"gold_loss":0},{"damage_healed":0,"gold_gain":0,"player_choice":"Memory 1","damage_taken":0,"max_hp_gain":0,"max_hp_loss":0,"event_name":"SensoryStone","floor":38,"gold_loss":0},{"damage_healed":0,"gold_gain":0,"player_choice":"Max HP","damage_taken":0,"max_hp_gain":0,"max_hp_loss":5,"event_name":"Winding Halls","floor":41,"gold_loss":0},{"damage_healed":0,"gold_gain":0,"player_choice":"Ignored","damage_taken":0,"max_hp_gain":0,"max_hp_loss":0,"event_name":"Tomb of Lord Red Mask","floor":47,"gold_loss":0}],"is_beta":true,"boss_relics":[{"not_picked":["Empty Cage","Ectoplasm"],"picked":"Mark of Pain"},{"not_picked":["Coffee Dripper","SacredBark"],"picked":"Black Star"}],"items_purged_floors":[5,53],"is_endless":false,"potions_floor_spawned":[1,10,12,16,18,25,28,33,37,42,45,46,48,54],"ascension_level":11}