{"gold_per_floor":[119,119,139,156,170,170,182,182,230,230,132,142,162,173,173,277,277,297,297,308,308],"floor_reached":21,"playtime":736,"items_purged":["Strike_G"],"score":236,"play_id":"372bf7ce-799e-4568-8394-28013d3f2560","local_time":"20190927094048","is_ascension_mode":true,"campfire_choices":[{"data":"Neutralize","floor":6.0,"key":"SMITH"},{"data":"Noxious Fumes","floor":8.0,"key":"SMITH"},{"data":"Dagger Spray","floor":15.0,"key":"SMITH"}],"neow_cost":"NONE","seed_source_timestamp":759450957628689,"circlet_count":0,"master_deck":["Strike_G","Defend_G","Defend_G","Defend_G","Defend_G","Defend_G","Survivor","Neutralize+1","Noxious Fumes+1","Dagger Spray+1","Noxious Fumes"],"special_seed":0,"relics":["Busted Crown","Pen Nib","Snecko Eye"],"potions_floor_usage":[20,21],"damage_taken":[{"damage":0.0,"enemies":"Cultist","floor":1.0,"turns":5.0},{"damage":0.0,"enemies":"2 Louse","floor":3.0,"turns":4.0},{"damage":0.0,"enemies":"Jaw Worm","floor":4.0,"turns":4.0},{"damage":5.0,"enemies":"Red Slaver","floor":5.0,"turns":6.0},{"damage":0.0,"enemies":"Blue Slaver","floor":7.0,"turns":6.0},{"damage":9.0,"enemies":"Exordium Wildlife","floor":12.0,"turns":4.0},{"damage":6.0,"enemies":"Red Slaver","floor":13.0,"turns":6.0},{"damage":1.0,"enemies":"2 Fungi Beasts","floor":14.0,"turns":3.0},{"damage":10.0,"enemies":"Hexaghost","floor":16.0,"turns":10.0},{"damage":20.0,"enemies":"Spheric Guardian","floor":18.0,"turns":7.0},{"damage":35,"enemies":"2 Thieves","floor":20,"turns":4},{"damage":17,"enemies":"Centurion and Healer","floor":21,"turns":3}],"seed_played":"2246287017520574868","potions_obtained":[{"floor":3.0,"key":"Poison Potion"},{"floor":7.0,"key":"Weak Potion"},{"floor":13.0,"key":"GamblersBrew"},{"floor":16.0,"key":"LiquidBronze"},{"floor":20,"key":"Dexterity Potion"}],"is_trial":false,"path_per_floor":["M","?","M","M","M","R","M","R","T","?","$","M","M","M","R","B",null,"M","?","M","M"],"character_chosen":"THE_SILENT","items_purchased":["Dagger Spray"],"campfire_rested":0,"item_purchase_floors":[11],"current_hp_per_floor":[63,56,56,56,51,51,51,51,51,51,51,42,36,35,35,25,59,39,39,4,0],"gold":308,"neow_bonus":"BOSS_RELIC","is_prod":false,"is_daily":false,"chose_seed":false,"campfire_upgraded":3,"win_rate":0,"timestamp":1569602448,"path_taken":["M","?","M","M","M","R","M","R","T","?","$","M","M","M","R","BOSS","M","?","M","M"],"build_version":"2019-07-17","purchased_purges":1,"victory":false,"max_hp_per_floor":[70,70,70,70,70,70,70,70,70,70,70,70,70,70,70,70,70,70,70,70,70],"card_choices":[{"not_picked":["Outmaneuver"],"picked":"SKIP","floor":1.0},{"not_picked":["Underhanded Strike"],"picked":"SKIP","floor":3.0},{"not_picked":["Finisher"],"picked":"SKIP","floor":4.0},{"not_picked":["Slice"],"picked":"SKIP","floor":5.0},{"not_picked":[],"picked":"Noxious Fumes","floor":7.0},{"not_picked":["Flechettes"],"picked":"SKIP","floor":12.0},{"not_picked":["Dagger Throw"],"picked":"SKIP","floor":13.0},{"not_picked":["Acrobatics"],"picked":"SKIP","floor":14.0},{"not_picked":["Deadly Poison+1"],"picked":"SKIP","floor":18.0},{"not_picked":["Slice"],"picked":"SKIP","floor":20}],"player_experience":256947,"relics_obtained":[{"floor":9.0,"key":"Pen Nib"}],"event_choices":[{"cards_removed":["Strike_G"],"damage_healed":0.0,"max_hp_gain":0.0,"max_hp_loss":0.0,"gold_gain":0.0,"event_name":"Golden Wing","player_choice":"Card Removal","floor":2.0,"gold_loss":0.0,"damage_taken":7.0},{"cards_removed":["Strike_G"],"damage_healed":0.0,"max_hp_gain":0.0,"max_hp_loss":0.0,"gold_gain":0.0,"event_name":"Living Wall","player_choice":"Forget","floor":10.0,"gold_loss":0.0,"damage_taken":0.0},{"damage_healed":0,"gold_gain":0,"cards_transformed":["Strike_G"],"player_choice":"Transformed","damage_taken":0,"max_hp_gain":0,"max_hp_loss":0,"event_name":"Transmorgrifier","floor":19,"gold_loss":0,"cards_obtained":["Noxious Fumes"]}],"is_beta":false,"boss_relics":[{"not_picked":["WristBlade","Runic Pyramid"],"picked":"Snecko Eye"}],"items_purged_floors":[11],"is_endless":false,"potions_floor_spawned":[3,7,13,16,18,20],"killed_by":"Centurion and Healer","ascension_level":7}