{"gold_per_floor":[114,114,64,139,151,151,166,166,466,491,266,266,266,279,279,382,382,395,266,266,266,285,285,285,285,285,285,304,304,321,321,321,424,424,439,439,339,356,375,375,375,75,75,88,99,199,199,216,216,216],"floor_reached":51,"playtime":1859,"items_purged":["Strike_R","Iron Wave+1","Cleave+1"],"score":918,"play_id":"5623b2d3-4dc0-41e2-87b8-2aaf87c38d76","local_time":"20190907080021","is_ascension_mode":true,"campfire_choices":[{"data":"Heavy Blade","floor":6.0,"key":"SMITH"},{"data":"Spot Weakness","floor":8.0,"key":"SMITH"},{"data":"Bash","floor":13.0,"key":"SMITH"},{"floor":15.0,"key":"REST"},{"data":"Shrug It Off","floor":23.0,"key":"SMITH"},{"data":"Cleave","floor":25.0,"key":"SMITH"},{"data":"Iron Wave","floor":27.0,"key":"SMITH"},{"floor":29.0,"key":"REST"},{"data":"Ghostly Armor","floor":32.0,"key":"SMITH"},{"data":"Shrug It Off","floor":40,"key":"SMITH"},{"data":"Entrench","floor":47,"key":"SMITH"},{"data":"Shrug It Off","floor":49,"key":"SMITH"}],"neow_cost":"NONE","seed_source_timestamp":163566797319436,"circlet_count":0,"master_deck":["Bash+1","Spot Weakness+1","Heavy Blade+1","Offering","Offering","Shrug It Off+1","Necronomicurse","Ghostly Armor+1","Shrug It Off+1","Warcry+1","Warcry+1","Shrug It Off+1","Warcry+1","Entrench+1"],"special_seed":0,"relics":["Burning Blood","Old Coin","Dream Catcher","Pandora\u0027s Box","MutagenicStrength","Necronomicon","Paper Frog","Orrery","Potion Belt","Nunchaku"],"potions_floor_usage":[46,50,50,50],"damage_taken":[{"damage":5.0,"enemies":"Cultist","floor":1.0,"turns":4.0},{"damage":4.0,"enemies":"2 Louse","floor":5.0,"turns":4.0},{"damage":14.0,"enemies":"Small Slimes","floor":7.0,"turns":3.0},{"damage":20.0,"enemies":"Gremlin Nob","floor":10.0,"turns":4.0},{"damage":6.0,"enemies":"2 Fungi Beasts","floor":14.0,"turns":2.0},{"damage":16.0,"enemies":"The Guardian","floor":16.0,"turns":8.0},{"damage":12.0,"enemies":"Spheric Guardian","floor":18.0,"turns":2.0},{"damage":6.0,"enemies":"Shell Parasite","floor":22.0,"turns":2.0},{"damage":6.0,"enemies":"Snake Plant","floor":28.0,"turns":1.0},{"damage":0.0,"enemies":"Cultist and Chosen","floor":30.0,"turns":3.0},{"damage":28.0,"enemies":"Automaton","floor":33.0,"turns":6.0},{"damage":6.0,"enemies":"Orb Walker","floor":35.0,"turns":2.0},{"damage":7.0,"enemies":"3 Shapes","floor":38.0,"turns":4.0},{"damage":12.0,"enemies":"Maw","floor":39.0,"turns":5.0},{"damage":12,"enemies":"Transient","floor":44,"turns":5},{"damage":8,"enemies":"Sphere and 2 Shapes","floor":45,"turns":6},{"damage":24,"enemies":"Mind Bloom Boss Battle","floor":46,"turns":9},{"damage":6,"enemies":"Jaw Worm Horde","floor":48,"turns":3},{"damage":12,"enemies":"Time Eater","floor":50,"turns":7}],"seed_played":"4631549310329006498","potions_obtained":[{"floor":7.0,"key":"SteroidPotion"},{"floor":10.0,"key":"Poison Potion"},{"floor":22.0,"key":"EssenceOfSteel"},{"floor":28.0,"key":"Regen Potion"},{"floor":44,"key":"Energy Potion"},{"floor":46,"key":"PowerPotion"},{"floor":48,"key":"Fire Potion"}],"is_trial":false,"path_per_floor":["M","?","?","?","M","R","M","R","T","E","$","?","R","M","R","B",null,"M","$","?","?","M","R","?","R","T","R","M","R","M","?","R","B",null,"M","?","$","M","M","R","?","$","T","M","M","?","R","M","R","B",null],"character_chosen":"IRONCLAD","items_purchased":["Offering","Shrug It Off","EssenceOfSteel","Entrench","Strength Potion","Weak Potion"],"campfire_rested":2,"item_purchase_floors":[11,19,19,42,42,42],"current_hp_per_floor":[73,78,78,67,69,69,61,61,61,47,47,40,40,40,65,55,78,72,72,72,72,72,72,56,56,56,56,56,81,85,85,85,63,80,80,80,80,79,73,73,73,73,73,67,65,62,62,62,62,56],"gold":216,"neow_bonus":"REMOVE_CARD","is_prod":false,"is_daily":false,"chose_seed":false,"campfire_upgraded":10,"win_rate":0,"timestamp":1567868421,"path_taken":["M","?","?","?","M","R","M","R","T","E","$","?","R","M","R","BOSS","M","$","?","?","M","R","?","R","T","R","?","R","?","?","R","BOSS","M","?","$","M","M","R","?","$","T","M","M","?","R","M","R","BOSS"],"build_version":"2019-07-17","purchased_purges":3,"victory":true,"max_hp_per_floor":[80,85,85,85,85,85,85,85,85,85,85,85,85,85,85,85,85,85,85,85,85,85,85,85,85,85,85,85,85,85,85,85,85,85,85,85,85,85,85,85,85,85,85,85,85,85,85,85,85,85],"card_choices":[{"not_picked":["Pommel Strike","Warcry"],"picked":"Spot Weakness","floor":1.0},{"not_picked":["Sword Boomerang","Twin Strike"],"picked":"Heavy Blade","floor":5.0},{"not_picked":["Perfected Strike","Clash","Thunderclap"],"picked":"SKIP","floor":7.0},{"not_picked":["Warcry","Evolve"],"picked":"Cleave","floor":10.0},{"not_picked":["Anger","Juggernaut","Infernal Blade"],"picked":"SKIP","floor":14.0},{"not_picked":["Immolate","Feed"],"picked":"Offering","floor":16.0},{"not_picked":["Infernal Blade","Armaments","Anger"],"picked":"SKIP","floor":18.0},{"not_picked":["Armaments","Cleave"],"picked":"Iron Wave","floor":22.0},{"not_picked":["Heavy Blade","Thunderclap","Headbutt+1"],"picked":"SKIP","floor":28.0},{"not_picked":["Bloodletting","Seeing Red","Pommel Strike+1"],"picked":"SKIP","floor":30.0},{"not_picked":["Iron Wave+1","Cleave"],"picked":"Shrug It Off","floor":34.0},{"not_picked":["Brutality","Heavy Blade"],"picked":"Warcry+1","floor":34.0},{"not_picked":["Twin Strike+1","Pommel Strike+1"],"picked":"Warcry+1","floor":35.0},{"not_picked":["Second Wind","Heavy Blade"],"picked":"Shrug It Off","floor":38.0},{"not_picked":["Rampage","Iron Wave"],"picked":"Warcry+1","floor":39.0},{"not_picked":["Wild Strike","Reckless Charge","Body Slam+1"],"picked":"SKIP","floor":44},{"not_picked":["Headbutt","Body Slam","Cleave+1"],"picked":"SKIP","floor":45},{"not_picked":["Uppercut","Anger+1","Fire Breathing"],"picked":"SKIP","floor":48}],"player_experience":199988,"relics_obtained":[{"floor":9.0,"key":"Old Coin"},{"floor":10.0,"key":"Dream Catcher"},{"floor":24.0,"key":"Necronomicon"},{"floor":26.0,"key":"Paper Frog"},{"floor":43,"key":"Potion Belt"},{"floor":46,"key":"Nunchaku"}],"event_choices":[{"damage_healed":0.0,"max_hp_gain":5.0,"max_hp_loss":0.0,"gold_gain":0.0,"event_name":"Big Fish","player_choice":"Donut","floor":2.0,"gold_loss":0.0,"damage_taken":0.0},{"cards_removed":["Strike_R"],"damage_healed":0.0,"max_hp_gain":0.0,"max_hp_loss":0.0,"gold_gain":0.0,"event_name":"The Cleric","player_choice":"Card Removal","floor":3.0,"gold_loss":50.0,"damage_taken":0.0},{"damage_healed":0.0,"max_hp_gain":0.0,"max_hp_loss":0.0,"gold_gain":75.0,"event_name":"World of Goop","player_choice":"Gather Gold","floor":4.0,"gold_loss":0.0,"damage_taken":11.0},{"cards_removed":["Strike_R"],"damage_healed":0.0,"max_hp_gain":0.0,"max_hp_loss":0.0,"gold_gain":0.0,"event_name":"Golden Wing","player_choice":"Card Removal","floor":12.0,"gold_loss":0.0,"damage_taken":7.0},{"damage_healed":0.0,"max_hp_gain":0.0,"max_hp_loss":0.0,"gold_gain":0.0,"event_name":"Back to Basics","player_choice":"Simplicity","floor":20.0,"gold_loss":0.0,"damage_taken":0.0,"cards_upgraded":[]},{"damage_healed":0.0,"max_hp_gain":0.0,"max_hp_loss":0.0,"gold_gain":0.0,"event_name":"Drug Dealer","player_choice":"Inject Mutagens","floor":21.0,"gold_loss":0.0,"damage_taken":0.0,"relics_obtained":["MutagenicStrength"]},{"damage_healed":0.0,"max_hp_gain":0.0,"max_hp_loss":0.0,"gold_gain":0.0,"event_name":"Cursed Tome","player_choice":"Obtained Book","floor":24.0,"gold_loss":0.0,"damage_taken":16.0},{"damage_healed":0.0,"max_hp_gain":0.0,"max_hp_loss":0.0,"gold_gain":0.0,"event_name":"The Library","player_choice":"Read","floor":31.0,"gold_loss":0.0,"damage_taken":0.0,"cards_obtained":["Ghostly Armor"]},{"damage_healed":0.0,"max_hp_gain":0.0,"max_hp_loss":0.0,"gold_gain":0.0,"event_name":"SensoryStone","player_choice":"Memory 1","floor":36.0,"gold_loss":0.0,"damage_taken":0.0},{"damage_healed":0,"gold_gain":0,"player_choice":"Ignored","damage_taken":0,"max_hp_gain":0,"max_hp_loss":0,"event_name":"Tomb of Lord Red Mask","floor":41,"gold_loss":0},{"damage_healed":0,"gold_gain":0,"player_choice":"Fight","damage_taken":0,"max_hp_gain":0,"max_hp_loss":0,"event_name":"MindBloom","floor":46,"gold_loss":0}],"is_beta":false,"boss_relics":[{"not_picked":["Philosopher\u0027s Stone","Lizard Tail"],"picked":"Pandora\u0027s Box"},{"not_picked":["Fusion Hammer","Astrolabe"],"picked":"Orrery"}],"items_purged_floors":[11,37,42],"is_endless":false,"potions_floor_spawned":[7,10,22,28,44,46,48],"ascension_level":6}