{"gold_per_floor":[117,129,145,145,145,145,178,178,178,13,13,13],"floor_reached":12,"playtime":1042,"items_purged":[],"score":148,"play_id":"587da9e5-4491-41e1-b534-76e0a5d1750c","local_time":"20190823114500","is_ascension_mode":true,"campfire_choices":[{"floor":6,"key":"REST"},{"data":"Thunderclap","floor":8,"key":"SMITH"},{"data":"Whirlwind","floor":11,"key":"SMITH"}],"neow_cost":"NONE","seed_source_timestamp":801277593928700,"circlet_count":0,"master_deck":["AscendersBane","Strike_R","Strike_R","Strike_R","Strike_R","Strike_R","Defend_R","Defend_R","Defend_R+1","Defend_R","Bash","Infernal Blade","Inflame+1","Thunderclap+1","Injury","Impervious","Flex","Whirlwind+1","Body Slam"],"relics":["Burning Blood","Golden Idol","Bottled Flame","Lantern"],"potions_floor_usage":[7,7],"damage_taken":[{"damage":11,"enemies":"2 Louse","floor":1,"turns":3},{"damage":0,"enemies":"Small Slimes","floor":2,"turns":2},{"damage":19,"enemies":"Jaw Worm","floor":3,"turns":5},{"damage":32,"enemies":"3 Sentries","floor":7,"turns":6}],"seed_played":"-3002267193532827","potions_obtained":[{"floor":0,"key":"BloodPotion"},{"floor":0,"key":"Swift Potion"},{"floor":2,"key":"Fire Potion"},{"floor":7,"key":"Energy Potion"}],"is_trial":false,"path_per_floor":["M","M","M","?","?","R","E","R","T","$","R","?"],"character_chosen":"IRONCLAD","items_purchased":["Flex","Whirlwind","Body Slam"],"campfire_rested":1,"item_purchase_floors":[10,10,10],"current_hp_per_floor":[63,69,56,56,33,55,47,47,47,47,47,0],"gold":13,"neow_bonus":"THREE_SMALL_POTIONS","is_prod":false,"is_daily":false,"chose_seed":false,"campfire_upgraded":2,"win_rate":0,"timestamp":1566553500,"path_taken":["M","M","M","?","?","R","E","R","T","$","R","?"],"build_version":"2019-07-17","purchased_purges":0,"victory":false,"max_hp_per_floor":[75,75,75,75,75,75,75,75,75,75,75,75],"card_choices":[{"not_picked":["Clash","Pummel"],"picked":"Infernal Blade","floor":1},{"not_picked":["Clash","Shockwave"],"picked":"Inflame","floor":2},{"not_picked":["Cleave","Blood for Blood"],"picked":"Thunderclap","floor":3},{"not_picked":["Havoc","Sentinel"],"picked":"Impervious","floor":7}],"player_experience":1958653,"relics_obtained":[{"floor":7,"key":"Bottled Flame"},{"floor":9,"key":"Lantern"}],"event_choices":[{"damage_healed":0,"gold_gain":0,"player_choice":"Take Wound","damage_taken":0,"relics_obtained":["Golden Idol"],"max_hp_gain":0,"max_hp_loss":0,"event_name":"Golden Idol","floor":4,"gold_loss":0,"cards_obtained":["Injury"]},{"damage_healed":0,"gold_gain":0,"player_choice":"Entered Light","damage_taken":23,"max_hp_gain":0,"max_hp_loss":0,"event_name":"Shining Light","floor":5,"gold_loss":0,"cards_upgraded":["Inflame","Defend_R"]}],"is_beta":false,"boss_relics":[],"items_purged_floors":[],"is_endless":false,"potions_floor_spawned":[2,7],"ascension_level":19}