{"gold_per_floor":[112,122,136,149,149,149,174,186,225,264,276,304,327,349,361,471,483,514,305,320,61,73,104,104,104,130,147,177,177,177,101,101,206,206,225,244,244,64,79,109,128,142,142,155,155],"floor_reached":45,"playtime":1772,"items_purged":["Strike_R","Strike_R"],"score":574,"play_id":"7a42403b-6904-4e55-a495-bcc2195f6791","local_time":"20190723230237","is_ascension_mode":false,"campfire_choices":[{"data":"Inflame","floor":6,"key":"SMITH"},{"data":"Heavy Blade","floor":8,"key":"SMITH"},{"data":"Spot Weakness","floor":15,"key":"SMITH"},{"floor":25,"key":"REST"},{"floor":30,"key":"REST"},{"data":"Limit Break","floor":32,"key":"SMITH"}],"neow_cost":"NONE","seed_source_timestamp":1207180612294666,"circlet_count":0,"master_deck":["Strike_R","Defend_R","Defend_R","Defend_R","Defend_R","Bash","Bludgeon","Spot Weakness+1","Inflame+1","Anger","Heavy Blade+1","Ghostly Armor","Limit Break+1","Flex","Heavy Blade","Seeing Red","Heavy Blade","Shrug It Off","Double Tap","Demon Form","Heavy Blade+1","Flame Barrier","Headbutt+1","Flex+1","Pommel Strike+1","Flex+1"],"relics":["Burning Blood","MawBank","Red Skull","Centennial Puzzle","Black Star","Bottled Flame","Pear","Regal Pillow","Art of War","Molten Egg 2","Vajra","Busted Crown","Frozen Egg 2","Blue Candle"],"potions_floor_usage":[4,23,23,23,28,39,40,40,40],"damage_taken":[{"damage":0,"enemies":"2 Louse","floor":1,"turns":3},{"damage":10,"enemies":"Small Slimes","floor":2,"turns":3},{"damage":0,"enemies":"Cultist","floor":3,"turns":2},{"damage":21,"enemies":"Exordium Thugs","floor":4,"turns":5},{"damage":36,"enemies":"Lagavulin","floor":7,"turns":5},{"damage":9,"enemies":"3 Sentries","floor":10,"turns":4},{"damage":0,"enemies":"2 Fungi Beasts","floor":12,"turns":2},{"damage":19,"enemies":"Exordium Wildlife","floor":13,"turns":3},{"damage":0,"enemies":"3 Louse","floor":14,"turns":3},{"damage":20,"enemies":"Slime Boss","floor":16,"turns":7},{"damage":22,"enemies":"Shell Parasite","floor":18,"turns":5},{"damage":10,"enemies":"Chosen","floor":20,"turns":4},{"damage":20,"enemies":"Centurion and Healer","floor":22,"turns":5},{"damage":40,"enemies":"Slavers","floor":23,"turns":4},{"damage":24,"enemies":"Chosen and Byrds","floor":27,"turns":6},{"damage":46,"enemies":"Book of Stabbing","floor":28,"turns":4},{"damage":45,"enemies":"Collector","floor":33,"turns":6},{"damage":10,"enemies":"3 Shapes","floor":35,"turns":2},{"damage":26,"enemies":"Orb Walker","floor":36,"turns":4},{"damage":34,"enemies":"Maw","floor":39,"turns":6},{"damage":47,"enemies":"Reptomancer","floor":40,"turns":7},{"damage":11,"enemies":"4 Shapes","floor":41,"turns":5},{"damage":11,"enemies":"Spire Growth","floor":42,"turns":3},{"damage":19,"enemies":"Jaw Worm Horde","floor":44,"turns":4},{"damage":17,"enemies":"Writhing Mass","floor":45,"turns":2}],"seed_played":"8795818804445728326","potions_obtained":[{"floor":1,"key":"Regen Potion"},{"floor":2,"key":"Ancient Potion"},{"floor":3,"key":"SkillPotion"},{"floor":12,"key":"Dexterity Potion"},{"floor":23,"key":"Regen Potion"},{"floor":27,"key":"SpeedPotion"},{"floor":33,"key":"BloodPotion"},{"floor":35,"key":"Weak Potion"},{"floor":39,"key":"PowerPotion"},{"floor":40,"key":"FairyPotion"}],"is_trial":false,"path_per_floor":["M","M","M","M","?","R","E","R","T","E","?","M","M","M","R","B",null,"M","$","M","$","M","E","?","R","T","M","E","?","R","$","R","B",null,"M","M","?","$","M","E","M","M","T","M","M"],"character_chosen":"IRONCLAD","items_purchased":["Flex","Heavy Blade","Seeing Red","Bottled Flame","Double Tap","Flame Barrier"],"campfire_rested":2,"item_purchase_floors":[19,19,19,21,31,38],"current_hp_per_floor":[80,76,80,65,70,70,40,40,40,37,37,43,30,36,36,22,85,69,69,65,65,51,39,39,82,82,64,36,36,79,79,79,40,95,91,71,71,71,43,25,20,15,15,15,0],"gold":155,"neow_bonus":"ONE_RANDOM_RARE_CARD","is_prod":false,"is_daily":false,"chose_seed":false,"campfire_upgraded":4,"win_rate":0,"timestamp":1563937357,"path_taken":["M","M","M","M","?","R","E","R","T","E","?","M","?","M","R","BOSS","M","$","M","$","M","E","?","R","T","M","E","?","R","?","R","BOSS","M","M","?","$","M","E","M","M","T","M","M"],"build_version":"2019-07-17","purchased_purges":2,"victory":false,"max_hp_per_floor":[80,80,80,80,85,85,85,85,85,85,85,85,85,85,85,85,85,85,85,85,85,85,95,95,95,95,95,95,95,95,95,95,95,95,95,95,95,95,95,95,95,95,95,95,95],"card_choices":[{"not_picked":["Hemokinesis","Body Slam","Flex"],"picked":"SKIP","floor":1},{"not_picked":["Rampage","Flex"],"picked":"Spot Weakness","floor":2},{"not_picked":["Clash","Anger"],"picked":"Inflame","floor":3},{"not_picked":["Twin Strike","Cleave"],"picked":"Anger","floor":4},{"not_picked":["Pummel","Disarm"],"picked":"Heavy Blade","floor":7},{"not_picked":["Rage","Berserk","Clash"],"picked":"SKIP","floor":10},{"not_picked":["Anger","Pommel Strike"],"picked":"Ghostly Armor","floor":12},{"not_picked":["Blood for Blood","Seeing Red","Clothesline"],"picked":"SKIP","floor":13},{"not_picked":["Reckless Charge","Sentinel","Infernal Blade"],"picked":"SKIP","floor":14},{"not_picked":["Reaper","Brutality"],"picked":"Limit Break","floor":16},{"not_picked":["Thunderclap","Burning Pact","Rage"],"picked":"SKIP","floor":18},{"not_picked":["Carnage+1","Thunderclap","Pommel Strike"],"picked":"SKIP","floor":20},{"not_picked":["Cleave+1","Second Wind"],"picked":"Heavy Blade","floor":22},{"not_picked":["Reckless Charge","Clash","Rampage"],"picked":"SKIP","floor":23},{"not_picked":["Searing Blow+1","Perfected Strike"],"picked":"Shrug It Off","floor":27},{"not_picked":["Combust+1","Pommel Strike","Infernal Blade+1"],"picked":"SKIP","floor":28},{"not_picked":["Berserk","Double Tap"],"picked":"Demon Form","floor":33},{"not_picked":[],"picked":"Heavy Blade+1","floor":35},{"not_picked":["Wild Strike+1"],"picked":"SKIP","floor":36},{"not_picked":["Carnage+1"],"picked":"SKIP","floor":39},{"not_picked":[],"picked":"Headbutt+1","floor":40},{"not_picked":[],"picked":"Flex+1","floor":41},{"not_picked":[],"picked":"Pommel Strike+1","floor":42},{"not_picked":[],"picked":"Flex+1","floor":44}],"player_experience":308653,"relics_obtained":[{"floor":7,"key":"MawBank"},{"floor":9,"key":"Red Skull"},{"floor":10,"key":"Centennial Puzzle"},{"floor":23,"key":"Pear"},{"floor":23,"key":"Regal Pillow"},{"floor":26,"key":"Art of War"},{"floor":28,"key":"Molten Egg 2"},{"floor":28,"key":"Vajra"},{"floor":40,"key":"Frozen Egg 2"},{"floor":40,"key":"Blue Candle"}],"event_choices":[{"damage_healed":0,"gold_gain":0,"player_choice":"Donut","damage_taken":0,"max_hp_gain":5,"max_hp_loss":0,"event_name":"Big Fish","floor":5,"gold_loss":0},{"damage_healed":0,"gold_gain":0,"player_choice":"Bought 0 Potions","damage_taken":0,"max_hp_gain":0,"max_hp_loss":0,"event_name":"The Woman in Blue","floor":11,"gold_loss":0},{"cards_removed":["Strike_R"],"damage_healed":0,"gold_gain":0,"player_choice":"Elegance","damage_taken":0,"max_hp_gain":0,"max_hp_loss":0,"event_name":"Back to Basics","floor":24,"gold_loss":0},{"damage_healed":0,"gold_gain":0,"player_choice":"Ignored","damage_taken":0,"max_hp_gain":0,"max_hp_loss":0,"event_name":"Vampires","floor":29,"gold_loss":0},{"cards_removed":["Strike_R"],"damage_healed":0,"gold_gain":0,"player_choice":"Removed Attack","damage_taken":0,"max_hp_gain":0,"max_hp_loss":0,"event_name":"Falling","floor":37,"gold_loss":0}],"is_beta":false,"boss_relics":[{"not_picked":["Orrery","Astrolabe"],"picked":"Black Star"},{"not_picked":["Black Blood","Runic Cube"],"picked":"Busted Crown"}],"items_purged_floors":[19,38],"is_endless":false,"potions_floor_spawned":[1,2,3,12,23,27,33,35,39,40],"killed_by":"Writhing Mass","ascension_level":0}