{"gold_per_floor":[110,34,34,52,202,236,236,236,236,251,283,283,298,323,323,400,400,378,378,391,391,391],"floor_reached":22,"playtime":690,"items_purged":[],"score":478,"play_id":"c643d426-b9c2-41a2-bb75-49f11f4c7a00","local_time":"20190220230916","is_ascension_mode":true,"campfire_choices":[{"data":"Perfected Strike","floor":8,"key":"SMITH"},{"data":"Metallicize","floor":12,"key":"SMITH"},{"floor":15,"key":"REST"}],"neow_cost":"NONE","seed_source_timestamp":385679870521652,"circlet_count":0,"master_deck":["AscendersBane","Defend_R","Defend_R","Defend_R","Defend_R","Bash","Perfected Strike+1","Inflame","Thunderclap","Anger","Fire Breathing","Reckless Charge","Metallicize+1","True Grit","Spot Weakness","Exhume","Pain","Shrug It Off","Shrug It Off+1","Bite","Bite","Bite","Bite","Bite"],"relics":["Burning Blood","NeowsBlessing","Charon\u0027s Ashes","Juzu Bracelet","Dead Branch","Omamori","Calling Bell","Dream Catcher","Dodecahedron","Thread and Needle","Spirit Poop"],"potions_floor_usage":[7,13,14,20],"damage_taken":[{"damage":0,"enemies":"2 Louse","floor":1,"turns":1},{"damage":0,"enemies":"Small Slimes","floor":4,"turns":1},{"damage":0,"enemies":"3 Sentries","floor":6,"turns":2},{"damage":1,"enemies":"Cultist","floor":10,"turns":3},{"damage":32,"enemies":"Gremlin Nob","floor":11,"turns":4},{"damage":0,"enemies":"Red Slaver","floor":13,"turns":1},{"damage":32,"enemies":"Lagavulin","floor":14,"turns":6},{"damage":37,"enemies":"Slime Boss","floor":16,"turns":9},{"damage":25,"enemies":"2 Thieves","floor":18,"turns":4},{"damage":32,"enemies":"Chosen","floor":20,"turns":5},{"damage":57,"enemies":"Masked Bandits","floor":22,"turns":3}],"seed_played":"6069261860323404921","potions_obtained":[{"floor":4,"key":"SpeedPotion"},{"floor":7,"key":"Fruit Juice"},{"floor":7,"key":"Energy Potion"},{"floor":13,"key":"SkillPotion"},{"floor":18,"key":"BloodPotion"}],"is_trial":false,"path_per_floor":["M","$","?","M","?","E","?","R","T","M","E","R","M","E","R","B",null,"M","?","M","?","?"],"character_chosen":"IRONCLAD","items_purchased":["Inflame"],"campfire_rested":1,"item_purchase_floors":[2],"current_hp_per_floor":[74,74,74,75,75,75,80,80,80,80,54,54,60,34,58,27,67,48,48,30,30,0],"gold":391,"neow_bonus":"THREE_ENEMY_KILL","is_prod":false,"is_daily":false,"chose_seed":false,"campfire_upgraded":2,"win_rate":0,"timestamp":1550700556,"path_taken":["M","$","?","M","?","E","?","R","T","M","E","R","M","E","R","BOSS","M","?","M","?","?"],"build_version":"2019-01-23","purchased_purges":0,"victory":false,"max_hp_per_floor":[75,75,75,75,75,75,80,80,80,80,80,80,80,80,80,80,80,80,80,80,56,56],"card_choices":[{"not_picked":["Cleave","Heavy Blade"],"picked":"Perfected Strike","floor":1},{"not_picked":["Iron Wave","Second Wind"],"picked":"Anger","floor":4},{"not_picked":["Reckless Charge","Iron Wave"],"picked":"Fire Breathing","floor":6},{"not_picked":["Flex","Infernal Blade"],"picked":"Reckless Charge","floor":10},{"not_picked":["Dual Wield","Clash"],"picked":"Metallicize","floor":11},{"not_picked":["Sword Boomerang","Intimidate"],"picked":"True Grit","floor":13},{"not_picked":["Blood for Blood","True Grit"],"picked":"Spot Weakness","floor":14},{"not_picked":["Impervious","Reaper"],"picked":"Exhume","floor":16},{"not_picked":["Iron Wave","Warcry"],"picked":"Shrug It Off","floor":18},{"not_picked":["Ghostly Armor","Fiend Fire"],"picked":"Shrug It Off+1","floor":20}],"player_experience":652347,"relics_obtained":[{"floor":6,"key":"Charon\u0027s Ashes"},{"floor":9,"key":"Juzu Bracelet"},{"floor":11,"key":"Dead Branch"},{"floor":14,"key":"Omamori"},{"floor":17,"key":"Dream Catcher"},{"floor":17,"key":"Dodecahedron"},{"floor":17,"key":"Thread and Needle"}],"event_choices":[{"damage_healed":0,"gold_gain":0,"cards_transformed":["Strike_R"],"player_choice":"Change","damage_taken":0,"max_hp_gain":0,"max_hp_loss":0,"event_name":"Living Wall","floor":3,"gold_loss":0,"cards_obtained":["Thunderclap"]},{"damage_healed":0,"gold_gain":150,"player_choice":"AGREE","damage_taken":0,"max_hp_gain":0,"max_hp_loss":0,"event_name":"Liars Game","floor":5,"gold_loss":0,"cards_obtained":["Doubt"]},{"damage_healed":0,"gold_gain":0,"player_choice":"Got Potions","damage_taken":0,"max_hp_gain":0,"max_hp_loss":0,"event_name":"Lab","floor":7,"gold_loss":0},{"cards_removed":["Doubt"],"damage_healed":0,"gold_gain":0,"player_choice":"Offered Curse","damage_taken":0,"relics_obtained":["Spirit Poop"],"max_hp_gain":0,"max_hp_loss":0,"event_name":"Bonfire Elementals","floor":19,"gold_loss":0},{"damage_healed":0,"gold_gain":0,"player_choice":"Became a vampire","damage_taken":0,"max_hp_gain":0,"max_hp_loss":24,"event_name":"Vampires","floor":21,"gold_loss":0,"cards_obtained":["Bite","Bite","Bite","Bite","Bite"]},{"damage_healed":0,"gold_gain":0,"player_choice":"Fought Bandits","damage_taken":0,"max_hp_gain":0,"max_hp_loss":0,"event_name":"Masked Bandits","floor":22,"gold_loss":0}],"is_beta":false,"boss_relics":[{"not_picked":["Lizard Tail","Orrery"],"picked":"Calling Bell"}],"items_purged_floors":[],"is_endless":false,"potions_floor_spawned":[4,13,18],"killed_by":"Masked Bandits","ascension_level":20}