{"gold_per_floor":[114,114,131,56,56,85,150,200,200,27,59,59,85,135,135,135],"floor_reached":16,"playtime":452,"items_purged":[],"score":268,"play_id":"53878c78-6a5c-4f8f-8549-ba612f71da2c","local_time":"20181104192038","is_ascension_mode":true,"campfire_choices":[{"data":"Neutralize","floor":12,"key":"SMITH"},{"floor":15,"key":"REST"}],"neow_cost":"NONE","seed_source_timestamp":1734514239944449,"circlet_count":0,"master_deck":["AscendersBane","Defend_G","Defend_G","Defend_G","Strike_G+1","Strike_G","Strike_G+1","Strike_G","Survivor","Neutralize+1","Masterful Stab","Cloak And Dagger","Sucker Punch","Poisoned Stab","Blade Dance","Choke","Dash"],"relics":["Ring of the Snake","NeowsBlessing","SsserpentHead","Bottled Flame","Blood Vial","Whetstone","Bag of Preparation","Nunchaku","Pen Nib"],"potions_floor_usage":[11,13],"damage_taken":[{"damage":0,"enemies":"Cultist","floor":1,"turns":1},{"damage":0,"enemies":"Jaw Worm","floor":3,"turns":1},{"damage":0,"enemies":"Lagavulin","floor":6,"turns":1},{"damage":0,"enemies":"Small Slimes","floor":7,"turns":3},{"damage":25,"enemies":"3 Sentries","floor":11,"turns":7},{"damage":6,"enemies":"Gremlin Nob","floor":13,"turns":3},{"damage":55,"enemies":"Slime Boss","floor":16,"turns":11}],"seed_played":"8938363713822913770","potions_obtained":[{"floor":6,"key":"SteroidPotion"},{"floor":11,"key":"PowerPotion"}],"is_trial":false,"path_per_floor":["M","?","M","?","?","E","M","?","T","$","E","R","E","?","R","B"],"character_chosen":"THE_SILENT","items_purchased":["Whetstone"],"campfire_rested":1,"item_purchase_floors":[10],"current_hp_per_floor":[59,52,52,52,52,52,52,52,52,52,29,29,25,25,44,0],"gold":135,"neow_bonus":"THREE_ENEMY_KILL","is_prod":false,"is_daily":false,"chose_seed":false,"campfire_upgraded":1,"win_rate":0,"timestamp":1541355638,"path_taken":["M","?","M","?","?","E","?","?","T","$","E","R","E","?","R","BOSS"],"build_version":"2018-11-01","purchased_purges":0,"victory":false,"max_hp_per_floor":[66,66,66,66,66,66,66,66,66,66,66,66,66,66,66,66],"card_choices":[{"not_picked":["Dodge and Roll","Sucker Punch"],"picked":"Masterful Stab","floor":1},{"not_picked":["Bane","Calculated Gamble"],"picked":"Cloak And Dagger","floor":3},{"not_picked":["Blur","Prepared"],"picked":"Sucker Punch","floor":6},{"not_picked":["Quick Slash","Infinite Blades"],"picked":"Poisoned Stab","floor":7},{"not_picked":["Expertise","Unload"],"picked":"Choke","floor":11},{"not_picked":["Endless Agony","Dodge and Roll"],"picked":"Dash","floor":13}],"player_experience":480823,"relics_obtained":[{"floor":6,"key":"Bottled Flame"},{"floor":9,"key":"Blood Vial"},{"floor":11,"key":"Bag of Preparation"},{"floor":13,"key":"Nunchaku"}],"event_choices":[{"cards_removed":["Defend_G"],"damage_healed":0,"gold_gain":0,"player_choice":"Card Removal","damage_taken":7,"max_hp_gain":0,"max_hp_loss":0,"event_name":"Golden Wing","floor":2,"gold_loss":0},{"cards_removed":["Strike_G"],"damage_healed":0,"gold_gain":0,"player_choice":"Card Removal","damage_taken":0,"max_hp_gain":0,"max_hp_loss":0,"event_name":"The Cleric","floor":4,"gold_loss":75},{"damage_healed":0,"gold_gain":0,"player_choice":"Trade","damage_taken":0,"relics_obtained":["SsserpentHead"],"max_hp_gain":0,"max_hp_loss":0,"event_name":"FaceTrader","floor":5,"gold_loss":0},{"damage_healed":0,"gold_gain":0,"cards_transformed":["Defend_G"],"player_choice":"Change","damage_taken":0,"max_hp_gain":0,"max_hp_loss":0,"event_name":"Living Wall","floor":8,"gold_loss":0,"cards_obtained":["Blade Dance"]},{"damage_healed":0,"gold_gain":0,"player_choice":"Searched \u00271\u0027 times","damage_taken":0,"relics_obtained":["Pen Nib"],"max_hp_gain":0,"max_hp_loss":0,"event_name":"Dead Adventurer","floor":14,"gold_loss":0}],"is_beta":false,"boss_relics":[],"items_purged_floors":[],"is_endless":false,"potions_floor_spawned":[6,11],"killed_by":"Slime Boss","ascension_level":18}