{"gold_per_floor":[119,294,294,71,101,132,132,161,161,177,177,31,48,67,67,141,141,153,167,167,186,86,86,86],"floor_reached":24,"playtime":1119,"items_purged":["Strike_G","Strike_G"],"score":419,"play_id":"15a50b0a-8cc9-427c-b4ac-1b235f2c5531","local_time":"20190418203819","is_ascension_mode":true,"campfire_choices":[{"data":"1","floor":11,"key":"LIFT"},{"data":"2","floor":15,"key":"LIFT"},{"data":"Neutralize","floor":23,"key":"SMITH"}],"neow_cost":"NONE","seed_source_timestamp":761785851258921,"circlet_count":0,"master_deck":["AscendersBane","Defend_G","Defend_G","Defend_G","Defend_G","Defend_G","Strike_G","Strike_G","Survivor","Neutralize+1","Poisoned Stab","Infinite Blades","Endless Agony","Phantasmal Killer","Dodge and Roll","Footwork","Backflip","Skewer","Dagger Spray","PiercingWail"],"relics":["Ring of the Snake","NeowsBlessing","Vajra","Tiny Chest","Girya","Pocketwatch","Bronze Scales","Black Star"],"potions_floor_usage":[16,24],"damage_taken":[{"damage":0,"enemies":"Jaw Worm","floor":1,"turns":1},{"damage":0,"enemies":"3 Sentries","floor":6,"turns":1},{"damage":0,"enemies":"Lagavulin","floor":8,"turns":2},{"damage":0,"enemies":"2 Louse","floor":10,"turns":2},{"damage":0,"enemies":"Small Slimes","floor":13,"turns":2},{"damage":0,"enemies":"3 Louse","floor":14,"turns":4},{"damage":12,"enemies":"Slime Boss","floor":16,"turns":6},{"damage":1,"enemies":"Shell Parasite","floor":18,"turns":4},{"damage":10,"enemies":"3 Byrds","floor":19,"turns":4},{"damage":17,"enemies":"Sentry and Sphere","floor":21,"turns":4},{"damage":30,"enemies":"Slavers","floor":24,"turns":4}],"seed_played":"-1937692554112240675","potions_obtained":[{"floor":1,"key":"Regen Potion"},{"floor":8,"key":"SkillPotion"},{"floor":14,"key":"Strength Potion"},{"floor":21,"key":"PowerPotion"}],"is_trial":false,"path_per_floor":["M","?","?","$","?","E","?","E","T","M","R","$","M","M","R","B",null,"M","M","?","M","$","R","E"],"character_chosen":"THE_SILENT","items_purchased":["Vajra","Infinite Blades","Footwork"],"campfire_rested":0,"item_purchase_floors":[4,4,12],"current_hp_per_floor":[63,63,56,56,53,53,53,53,53,53,53,53,53,53,53,56,67,66,56,43,26,26,26,0],"gold":86,"neow_bonus":"THREE_ENEMY_KILL","is_prod":false,"is_daily":false,"chose_seed":false,"campfire_upgraded":1,"win_rate":0,"timestamp":1555616299,"path_taken":["M","?","?","?","?","E","?","E","T","M","R","$","?","M","R","BOSS","M","M","?","M","$","R","E"],"build_version":"2019-01-23","purchased_purges":2,"victory":false,"max_hp_per_floor":[70,70,70,70,70,70,70,70,70,70,70,70,70,70,70,70,70,70,70,75,75,75,75,75],"card_choices":[{"not_picked":["Heel Hook","Deflect"],"picked":"Poisoned Stab","floor":1},{"not_picked":["Flying Knee","Slice"],"picked":"Endless Agony","floor":6},{"not_picked":["Underhanded Strike","Bullet Time"],"picked":"Phantasmal Killer","floor":8},{"not_picked":["Eviscerate","Distraction"],"picked":"Dodge and Roll","floor":10},{"not_picked":["Eviscerate","Prepared","Blade Dance"],"picked":"SKIP","floor":13},{"not_picked":["PiercingWail","Dagger Throw"],"picked":"Backflip","floor":14},{"not_picked":["Accuracy","Slice"],"picked":"Skewer","floor":18},{"not_picked":["Bane","Underhanded Strike"],"picked":"Dagger Spray","floor":19},{"not_picked":["Dagger Spray","Blade Dance"],"picked":"PiercingWail","floor":21}],"player_experience":1010973,"relics_obtained":[{"floor":6,"key":"Girya"},{"floor":8,"key":"Pocketwatch"},{"floor":9,"key":"Bronze Scales"}],"event_choices":[{"damage_healed":0,"gold_gain":175,"player_choice":"AGREE","damage_taken":0,"max_hp_gain":0,"max_hp_loss":0,"event_name":"Liars Game","floor":2,"gold_loss":0,"cards_obtained":["Doubt"]},{"cards_removed":["Doubt"],"damage_healed":0,"gold_gain":0,"player_choice":"Card Removal","damage_taken":7,"max_hp_gain":0,"max_hp_loss":0,"event_name":"Golden Wing","floor":3,"gold_loss":0},{"damage_healed":0,"gold_gain":0,"player_choice":"Success","damage_taken":3,"relics_obtained":["Tiny Chest"],"max_hp_gain":0,"max_hp_loss":0,"event_name":"Scrap Ooze","floor":5,"gold_loss":0},{"cards_removed":["Strike_G"],"damage_healed":0,"gold_gain":0,"player_choice":"Offered Basic","damage_taken":0,"max_hp_gain":0,"max_hp_loss":0,"event_name":"Bonfire Elementals","floor":7,"gold_loss":0},{"damage_healed":0,"gold_gain":0,"player_choice":"Shed Blood","damage_taken":18,"max_hp_gain":5,"max_hp_loss":0,"event_name":"Forgotten Altar","floor":20,"gold_loss":0}],"is_beta":false,"boss_relics":[{"not_picked":["Cursed Key","Pandora\u0027s Box"],"picked":"Black Star"}],"items_purged_floors":[12,22],"is_endless":false,"potions_floor_spawned":[1,8,14,21],"killed_by":"Slavers","ascension_level":13}