{"path_per_floor":["M","M","?","$","?","R","M","R","T","T","M","M","E","M","R"],"character_chosen":"IRONCLAD","items_purchased":["Flame Barrier"],"gold_per_floor":[111,127,127,53,3,3,21,21,21,21,37,57,91,107,107,107],"floor_reached":16,"campfire_rested":0,"playtime":498,"current_hp_per_floor":[80,80,73,73,73,73,79,79,79,79,80,80,44,39,39,0],"items_purged":[],"gold":107,"score":102,"play_id":"59201dbb-1b0a-4e01-b354-a607ffde80ee","local_time":"20180519175954","is_prod":false,"is_daily":false,"chose_seed":false,"is_ascension_mode":false,"campfire_upgraded":3,"timestamp":1526749194,"campfire_choices":[{"data":"Heavy Blade","floor":6,"key":"SMITH"},{"data":"Evolve","floor":8,"key":"SMITH"},{"data":"Spot Weakness","floor":15,"key":"SMITH"}],"path_taken":["M","M","?","$","?","R","M","R","T","?","M","M","E","M","R","BOSS"],"build_version":"2018-05-17","seed_source_timestamp":171392263321306,"purchased_purges":0,"victory":false,"master_deck":["Strike_R","Strike_R","Strike_R","Defend_R","Defend_R","Defend_R","Bash","Spot Weakness+1","Pommel Strike","Heavy Blade+1","Flame Barrier","Evolve+1","Heavy Blade","Body Slam","Battle Trance","Reaper"],"max_hp_per_floor":[80,80,80,80,80,80,80,80,80,80,80,80,80,80,80,80],"relics":["Burning Blood","Gremlin Horn","Ornamental Fan","Frozen Egg 2"],"card_choices":[{"not_picked":["Corruption","Warcry"],"picked":"Pommel Strike","floor":1},{"not_picked":["Sentinel","Anger"],"picked":"Heavy Blade","floor":2},{"not_picked":["Bloodletting","Headbutt"],"picked":"Evolve","floor":7},{"not_picked":["True Grit","Body Slam"],"picked":"Heavy Blade","floor":11},{"not_picked":["Bloodletting","Perfected Strike"],"picked":"Body Slam","floor":12},{"not_picked":["Havoc","True Grit"],"picked":"Battle Trance","floor":13},{"not_picked":["Rampage","Iron Wave"],"picked":"Reaper","floor":14}],"player_experience":326577,"potions_floor_usage":[16],"damage_taken":[{"damage":6,"enemies":"Jaw Worm","floor":1,"turns":3},{"damage":0,"enemies":"2 Louse","floor":2,"turns":2},{"damage":0,"enemies":"Small Slimes","floor":7,"turns":2},{"damage":0,"enemies":"2 Fungi Beasts","floor":11,"turns":3},{"damage":4,"enemies":"Blue Slaver","floor":12,"turns":4},{"damage":42,"enemies":"Lagavulin","floor":13,"turns":8},{"damage":11,"enemies":"Large Slime","floor":14,"turns":6},{"damage":49,"enemies":"The Guardian","floor":16,"turns":10}],"relics_obtained":[{"floor":9,"key":"Gremlin Horn"},{"floor":10,"key":"Ornamental Fan"},{"floor":13,"key":"Frozen Egg 2"}],"event_choices":[{"event_name":"Golden Wing","player_choice":"Card Removal","floor":3,"damage_taken":0},{"event_name":"The Cleric","player_choice":"Card Removal","floor":5,"damage_taken":0}],"boss_relics":[],"potions_floor_spawned":[1,12,14],"seed_played":"8641750463745676719","killed_by":"The Guardian","ascension_level":0,"potions_obtained":[{"floor":1,"key":"BloodPotion"},{"floor":12,"key":"EssenceOfSteel"},{"floor":14,"key":"SmokeBomb"}],"is_trial":false}