{"gold_per_floor":[115,290,290,290,307,307,307,307,307,336,352,368,368,388,388,466,466,483,558,398,51,51,79,79,91,116,116,136,136,136],"floor_reached":30,"playtime":918,"items_purged":["Strike_B"],"score":461,"play_id":"649ce207-a27c-4436-a979-3f7814133adf","local_time":"20180921195704","is_ascension_mode":true,"campfire_choices":[{"data":"Zap","floor":6,"key":"SMITH"},{"data":"Dualcast","floor":8,"key":"SMITH"},{"data":"Sweeping Beam","floor":13,"key":"SMITH"},{"data":"Ball Lightning","floor":15,"key":"SMITH"},{"floor":24,"key":"REST"},{"data":"Defragment","floor":27,"key":"SMITH"},{"floor":29,"key":"REST"}],"neow_cost":"NONE","seed_source_timestamp":383944482762871,"circlet_count":0,"master_deck":["Strike_B","Strike_B","Strike_B","Defend_B","Defend_B","Defend_B","Defend_B","Zap+1","Dualcast+1","AscendersBane","Cold Snap","Ball Lightning+1","Storm","Leap+1","Sweeping Beam+1","Leap+1","Machine Learning","Darkness+1","Defragment+1","Streamline","Self Repair","Storm","Hologram+1","Stack+1"],"relics":["Cracked Core","NeowsBlessing","Singing Bowl","Question Card","Toxic Egg 2","Inserter","Bird Faced Urn","Blue Candle","Bag of Marbles"],"potions_floor_usage":[16,16,23,25],"damage_taken":[{"damage":0,"enemies":"Cultist","floor":1,"turns":1},{"damage":0,"enemies":"Jaw Worm","floor":5,"turns":1},{"damage":0,"enemies":"3 Sentries","floor":10,"turns":1},{"damage":6,"enemies":"2 Louse","floor":11,"turns":2},{"damage":12,"enemies":"Looter","floor":12,"turns":3},{"damage":2,"enemies":"Blue Slaver","floor":14,"turns":4},{"damage":35,"enemies":"Slime Boss","floor":16,"turns":10},{"damage":0,"enemies":"Spheric Guardian","floor":18,"turns":3},{"damage":42,"enemies":"Book of Stabbing","floor":23,"turns":7},{"damage":6,"enemies":"2 Thieves","floor":25,"turns":4},{"damage":31,"enemies":"Snake Plant","floor":28,"turns":3},{"damage":63,"enemies":"Gremlin Leader","floor":30,"turns":5}],"seed_played":"4214510482494194715","potions_obtained":[{"floor":10,"key":"PowerPotion"},{"floor":11,"key":"Explosive Potion"},{"floor":16,"key":"Explosive Potion"},{"floor":18,"key":"Weak Potion"},{"floor":23,"key":"AttackPotion"}],"is_trial":false,"path_per_floor":["M","?","?","T","M","R","?","R","T","E","M","M","R","M","R","B",null,"M","?","$","$","?","E","R","M","T","R","M","R"],"character_chosen":"DEFECT","items_purchased":["Defragment","Streamline","Bird Faced Urn","Self Repair"],"campfire_rested":2,"item_purchase_floors":[20,20,21,21],"current_hp_per_floor":[64,64,69,69,69,69,69,69,69,69,63,51,51,49,49,14,61,61,54,54,54,40,13,37,44,44,44,21,45,0],"gold":136,"neow_bonus":"THREE_ENEMY_KILL","is_prod":false,"is_daily":false,"chose_seed":false,"campfire_upgraded":5,"win_rate":0,"timestamp":1537556224,"path_taken":["M","?","?","?","?","R","?","R","T","E","M","M","R","M","R","BOSS","M","?","?","$","?","E","R","?","T","R","M","R","E"],"build_version":"2018-09-20","purchased_purges":1,"victory":false,"max_hp_per_floor":[71,71,76,76,76,76,76,76,76,76,76,76,76,76,76,76,76,76,76,76,76,81,81,81,81,81,81,81,81,81],"card_choices":[{"not_picked":["Stack","Conserve Battery"],"picked":"Cold Snap","floor":1},{"not_picked":["Beam Cell","Recycle"],"picked":"Ball Lightning","floor":5},{"not_picked":["Meteor Strike","Thunder Strike","Auto Shields"],"picked":"Storm","floor":10},{"not_picked":["Redo+1","Steam+1","Beam Cell"],"picked":"Leap+1","floor":11},{"not_picked":["Auto Shields+1","Lockon","Turbo+1"],"picked":"Sweeping Beam","floor":12},{"not_picked":["Conserve Battery+1","Compile Driver","Steam+1"],"picked":"Leap+1","floor":14},{"not_picked":["Reboot+1","Buffer","Meteor Strike"],"picked":"Machine Learning","floor":16},{"not_picked":["Cold Snap","Conserve Battery+1","Double Energy+1"],"picked":"Darkness+1","floor":18},{"not_picked":["Gash+1","Barrage","Beam Cell"],"picked":"Storm","floor":23},{"not_picked":["Coolheaded+1","Reprogram+1","Barrage"],"picked":"Hologram+1","floor":25},{"not_picked":["Hologram+1","Redo+1","FTL"],"picked":"Stack+1","floor":28}],"player_experience":751511,"relics_obtained":[{"floor":4,"key":"Singing Bowl"},{"floor":9,"key":"Question Card"},{"floor":10,"key":"Toxic Egg 2"},{"floor":23,"key":"Blue Candle"},{"floor":26,"key":"Bag of Marbles"}],"event_choices":[{"event_name":"Liars Game","player_choice":"agreed","floor":2,"damage_taken":0},{"event_name":"Big Fish","player_choice":"Donut","floor":3,"damage_taken":0},{"event_name":"Living Wall","player_choice":"Forget","floor":7,"damage_taken":0},{"event_name":"FaceTrader","player_choice":"Touch","floor":19,"damage_taken":0},{"event_name":"Forgotten Altar","player_choice":"Shed Blood","floor":22,"damage_taken":0}],"is_beta":false,"boss_relics":[{"not_picked":["Tiny House","Snecko Eye"],"picked":"Inserter"}],"items_purged_floors":[20],"is_endless":false,"potions_floor_spawned":[10,11,16,18,23],"killed_by":"Gremlin Leader","ascension_level":14}