{"gold_per_floor":[115,134,152,152,33,62,62,75,75,89,106,106,140,153,153,230,230,250,300,317,329,13,47,47,57,83,83],"floor_reached":27,"playtime":1309,"items_purged":["Strike_R","Strike_R"],"score":494,"play_id":"b14852e0-632a-4498-88be-ea3e1c542564","local_time":"20190620195540","is_ascension_mode":true,"campfire_choices":[{"floor":7,"key":"REST"},{"data":"Spot Weakness","floor":15,"key":"SMITH"},{"floor":24,"key":"REST"}],"neow_cost":"NONE","seed_source_timestamp":315439713871811,"circlet_count":0,"master_deck":["AscendersBane","Strike_R","Strike_R+1","Defend_R","Defend_R","Defend_R","Defend_R","Bash+1","Shrug It Off","Intimidate+1","Twin Strike","Entrench","Combust","Twin Strike","Clothesline+1","Cleave","Spot Weakness+1","Carnage","Shrug It Off","Barricade","Heavy Blade+1","Shockwave+1","True Grit","Limit Break","Spot Weakness"],"relics":["Burning Blood","Paper Frog","Pantograph","Mummified Hand","Velvet Choker","Bag of Marbles","Orichalcum","Whetstone"],"potions_floor_usage":[10,13,16,16,23,23,27],"damage_taken":[{"damage":7,"enemies":"Jaw Worm","floor":1,"turns":3},{"damage":1,"enemies":"Cultist","floor":2,"turns":3},{"damage":3,"enemies":"2 Louse","floor":3,"turns":3},{"damage":59,"enemies":"Gremlin Nob","floor":6,"turns":5},{"damage":4,"enemies":"Red Slaver","floor":8,"turns":3},{"damage":6,"enemies":"3 Louse","floor":10,"turns":5},{"damage":9,"enemies":"Blue Slaver","floor":11,"turns":4},{"damage":20,"enemies":"3 Sentries","floor":13,"turns":6},{"damage":6,"enemies":"Large Slime","floor":14,"turns":4},{"damage":29,"enemies":"Hexaghost","floor":16,"turns":7},{"damage":23,"enemies":"2 Thieves","floor":18,"turns":4},{"damage":18,"enemies":"Chosen","floor":20,"turns":4},{"damage":21,"enemies":"Snake Plant","floor":21,"turns":5},{"damage":10,"enemies":"Book of Stabbing","floor":23,"turns":3},{"damage":29,"enemies":"Sentry and Sphere","floor":25,"turns":5},{"damage":22,"enemies":"Gremlin Leader","floor":27,"turns":4}],"seed_played":"6981758111964642354","potions_obtained":[{"floor":1,"key":"EssenceOfSteel"},{"floor":6,"key":"FearPotion"},{"floor":11,"key":"Dexterity Potion"},{"floor":14,"key":"BloodPotion"},{"floor":20,"key":"Energy Potion"},{"floor":21,"key":"Poison Potion"},{"floor":25,"key":"SteroidPotion"}],"is_trial":false,"path_per_floor":["M","M","M","?","$","E","R","M","T","M","M","?","E","M","R","B",null,"M","?","M","M","$","E","R","M","T","E"],"character_chosen":"IRONCLAD","items_purchased":["Combust","Bag of Marbles","True Grit"],"campfire_rested":2,"item_purchase_floors":[5,22,22],"current_hp_per_floor":[67,72,75,75,75,22,44,46,46,46,43,43,29,29,29,38,66,49,49,37,22,22,18,40,17,17,0],"gold":83,"neow_bonus":"UPGRADE_CARD","is_prod":false,"is_daily":false,"chose_seed":false,"campfire_upgraded":1,"win_rate":0,"timestamp":1561056940,"path_taken":["M","M","M","?","?","E","R","M","T","M","M","?","E","M","R","BOSS","M","?","M","M","$","E","R","M","T","E"],"build_version":"2019-01-23","purchased_purges":2,"victory":false,"max_hp_per_floor":[75,75,75,75,75,75,75,75,75,75,75,75,75,75,75,75,75,75,75,75,75,75,75,75,75,75,75],"card_choices":[{"not_picked":["Inflame","Bloodletting"],"picked":"Shrug It Off","floor":1},{"not_picked":["Dual Wield","Havoc"],"picked":"Intimidate","floor":2},{"not_picked":["Flame Barrier","Pommel Strike"],"picked":"Twin Strike","floor":3},{"not_picked":["Bloodletting","Sever Soul"],"picked":"Twin Strike","floor":6},{"not_picked":["Headbutt","Clash"],"picked":"Clothesline","floor":8},{"not_picked":["Clash","Corruption"],"picked":"Cleave","floor":10},{"not_picked":["Dropkick","Armaments"],"picked":"Spot Weakness","floor":11},{"not_picked":["Entrench","Reckless Charge"],"picked":"Carnage","floor":13},{"not_picked":["Burning Pact","Clothesline"],"picked":"Shrug It Off","floor":14},{"not_picked":["Exhume","Demon Form"],"picked":"Barricade","floor":16},{"not_picked":["Perfected Strike","Clash"],"picked":"Heavy Blade+1","floor":18},{"not_picked":["Reckless Charge","Sentinel"],"picked":"Shockwave+1","floor":20},{"not_picked":["Bloodletting+1","Flex","Iron Wave"],"picked":"SKIP","floor":21},{"not_picked":["Pommel Strike","Heavy Blade"],"picked":"Limit Break","floor":23},{"not_picked":["Sword Boomerang","Wild Strike"],"picked":"Spot Weakness","floor":25}],"player_experience":1094950,"relics_obtained":[{"floor":6,"key":"Paper Frog"},{"floor":9,"key":"Pantograph"},{"floor":13,"key":"Mummified Hand"},{"floor":23,"key":"Orichalcum"},{"floor":26,"key":"Whetstone"}],"event_choices":[{"damage_healed":0,"gold_gain":0,"cards_transformed":["Strike_R"],"player_choice":"Transformed","damage_taken":0,"max_hp_gain":0,"max_hp_loss":0,"event_name":"Transmorgrifier","floor":4,"gold_loss":0,"cards_obtained":["Entrench"]},{"damage_healed":0,"gold_gain":0,"player_choice":"Upgraded","damage_taken":0,"max_hp_gain":0,"max_hp_loss":0,"event_name":"Upgrade Shrine","floor":12,"gold_loss":0,"cards_upgraded":["Intimidate"]},{"damage_healed":0,"gold_gain":50,"player_choice":"Stole From Cult","damage_taken":0,"max_hp_gain":0,"max_hp_loss":0,"event_name":"Nest","floor":19,"gold_loss":0}],"is_beta":false,"boss_relics":[{"not_picked":["Black Blood","Cursed Key"],"picked":"Velvet Choker"}],"items_purged_floors":[5,22],"is_endless":false,"potions_floor_spawned":[1,6,11,14,20,21,25],"killed_by":"Gremlin Leader","ascension_level":20}