{"gold_per_floor":[114,127,127,127,77,77,110,35,89,89,109,144,144,157,157,236,236,256,256,84,84,84,116,144,184,253,280,292,329,341,369,381,393],"floor_reached":33,"playtime":1201,"items_purged":["Strike_B"],"score":544,"play_id":"5f5c0d8d-1c20-44ae-b0b9-9f860ad5b4ca","local_time":"20190517050351","is_ascension_mode":true,"campfire_choices":[{"data":"Leap","floor":6,"key":"SMITH"},{"data":"Ball Lightning","floor":10,"key":"SMITH"},{"data":"Loop","floor":13,"key":"SMITH"},{"floor":15,"key":"REST"},{"floor":28,"key":"REST"},{"floor":30,"key":"REST"},{"floor":32,"key":"REST"}],"neow_cost":"NONE","seed_source_timestamp":279640470885500,"circlet_count":0,"master_deck":["AscendersBane","Zap+1","Dualcast","Leap+1","FTL+1","Ball Lightning+1","Coolheaded","Loop+1","Beam Cell","Creative AI","Sunder","Stack","Storm","Skim","Capacitor","Machine Learning","Conserve Battery","Consume","Ghostly","Ghostly","Ghostly","Conserve Battery","Fusion","Glacier","Conserve Battery+1","Undo+1"],"relics":["Cracked Core","Potion Belt","Centennial Puzzle","Peace Pipe","PreservedInsect","Ornamental Fan","Pandora\u0027s Box","Bronze Scales","Mercury Hourglass","MawBank","Pen Nib","Tiny Chest","Darkstone Periapt"],"potions_floor_usage":[12,16,25,27,33],"damage_taken":[{"damage":3,"enemies":"2 Louse","floor":1,"turns":2},{"damage":4,"enemies":"Small Slimes","floor":2,"turns":3},{"damage":15,"enemies":"3 Sentries","floor":7,"turns":8},{"damage":0,"enemies":"Cultist","floor":11,"turns":3},{"damage":18,"enemies":"Lagavulin","floor":12,"turns":3},{"damage":4,"enemies":"Large Slime","floor":14,"turns":4},{"damage":4,"enemies":"Hexaghost","floor":16,"turns":8},{"damage":12,"enemies":"Chosen","floor":18,"turns":3},{"damage":3,"enemies":"Gremlin Leader","floor":23,"turns":6},{"damage":0,"enemies":"Spheric Guardian","floor":24,"turns":3},{"damage":5,"enemies":"Book of Stabbing","floor":25,"turns":4},{"damage":23,"enemies":"Snake Plant","floor":27,"turns":4},{"damage":8,"enemies":"Gremlin Leader","floor":29,"turns":5},{"damage":10,"enemies":"Snecko","floor":31,"turns":5},{"damage":32,"enemies":"Collector","floor":33,"turns":7}],"seed_played":"-4845952567990868411","potions_obtained":[{"floor":11,"key":"AttackPotion"},{"floor":12,"key":"LiquidBronze"},{"floor":14,"key":"SteroidPotion"},{"floor":23,"key":"Swift Potion"},{"floor":25,"key":"Regen Potion"},{"floor":31,"key":"Block Potion"}],"is_trial":false,"path_per_floor":["M","M","?","?","?","R","E","$","T","R","M","E","R","M","R","B",null,"M","?","$","?","T","E","M","E","T","M","R","E","R","M","R","B"],"character_chosen":"DEFECT","items_purchased":["Bronze Scales","Conserve Battery"],"campfire_rested":4,"item_purchase_floors":[20,20],"current_hp_per_floor":[61,57,36,41,41,41,26,26,26,26,26,8,8,4,26,22,63,51,38,38,38,38,35,35,30,30,16,27,19,30,20,31,0],"gold":393,"neow_bonus":"RANDOM_COMMON_RELIC","is_prod":false,"is_daily":false,"chose_seed":false,"campfire_upgraded":3,"win_rate":0,"timestamp":1558062231,"path_taken":["M","M","?","?","?","R","E","$","T","R","M","E","R","?","R","BOSS","M","?","$","?","?","E","M","E","T","M","R","E","R","?","R","BOSS"],"build_version":"2019-01-23","purchased_purges":1,"victory":false,"max_hp_per_floor":[71,71,71,76,76,76,76,76,76,76,76,76,76,76,76,76,76,76,38,38,38,38,38,38,38,38,38,38,38,38,38,38,38],"card_choices":[{"not_picked":["Turbo","Static Discharge"],"picked":"Leap","floor":1},{"not_picked":["Recycle","Compile Driver"],"picked":"FTL","floor":2},{"not_picked":["Gash","All For One"],"picked":"Ball Lightning","floor":7},{"not_picked":["Steam","Beam Cell"],"picked":"Coolheaded","floor":11},{"not_picked":["Go for the Eyes","Ball Lightning"],"picked":"Loop","floor":12},{"not_picked":["Ball Lightning","Streamline"],"picked":"Beam Cell","floor":14},{"not_picked":["Machine Learning","Thunder Strike"],"picked":"Creative AI","floor":16},{"not_picked":["Doom and Gloom","Leap"],"picked":"Consume","floor":18},{"not_picked":["Hyperbeam","Gash","Beam Cell"],"picked":"SKIP","floor":23},{"not_picked":["Steam+1","Darkness"],"picked":"Glacier","floor":24},{"not_picked":["Lockon","Turbo"],"picked":"Conserve Battery+1","floor":25},{"not_picked":["Stack","Rebound","Barrage"],"picked":"SKIP","floor":27},{"not_picked":["Hyperbeam","Reprogram","Rebound"],"picked":"SKIP","floor":29},{"not_picked":["Leap+1","Lockon"],"picked":"Undo+1","floor":31}],"player_experience":1124574,"relics_obtained":[{"floor":7,"key":"Peace Pipe"},{"floor":9,"key":"PreservedInsect"},{"floor":12,"key":"Ornamental Fan"},{"floor":22,"key":"Mercury Hourglass"},{"floor":23,"key":"MawBank"},{"floor":25,"key":"Pen Nib"},{"floor":26,"key":"Tiny Chest"},{"floor":29,"key":"Darkstone Periapt"}],"event_choices":[{"damage_healed":0,"gold_gain":0,"player_choice":"Entered Light","damage_taken":21,"max_hp_gain":0,"max_hp_loss":0,"event_name":"Shining Light","floor":3,"gold_loss":0,"cards_upgraded":["FTL","Zap"]},{"damage_healed":0,"gold_gain":0,"player_choice":"Donut","damage_taken":0,"max_hp_gain":5,"max_hp_loss":0,"event_name":"Big Fish","floor":4,"gold_loss":0},{"damage_healed":0,"gold_gain":0,"player_choice":"Paid Gold","damage_taken":0,"relics_obtained":["Centennial Puzzle"],"max_hp_gain":0,"max_hp_loss":0,"event_name":"WeMeetAgain","floor":5,"gold_loss":50},{"damage_healed":0,"gold_gain":0,"player_choice":"Became a Ghost","damage_taken":0,"max_hp_gain":0,"max_hp_loss":38,"event_name":"Ghosts","floor":19,"gold_loss":0,"cards_obtained":["Ghostly","Ghostly","Ghostly"]},{"damage_healed":0,"gold_gain":0,"player_choice":"Read","damage_taken":0,"max_hp_gain":0,"max_hp_loss":0,"event_name":"The Library","floor":21,"gold_loss":0,"cards_obtained":["Fusion"]}],"is_beta":false,"boss_relics":[{"not_picked":["Empty Cage","Tiny House"],"picked":"Pandora\u0027s Box"}],"items_purged_floors":[8],"is_endless":false,"potions_floor_spawned":[11,12,14,23,25,31],"killed_by":"Collector","ascension_level":15}