{"gold_per_floor":[112,129,204,219,20,20,75,75,75,104,104,104,122,140,140,140],"floor_reached":16,"playtime":542,"items_purged":[],"score":171,"play_id":"9a936d17-23fa-4b07-8fdb-7eb35fcdf1eb","local_time":"20190730182619","is_ascension_mode":true,"campfire_choices":[{"data":"Apotheosis","floor":6,"key":"SMITH"},{"floor":8,"key":"REST"},{"floor":15,"key":"REST"}],"neow_cost":"NONE","seed_source_timestamp":94830389910500,"circlet_count":0,"master_deck":["AscendersBane","Strike_G","Strike_G","Strike_G","Strike_G","Defend_G","Defend_G","Defend_G","Defend_G","Defend_G","Survivor","Neutralize","Noxious Fumes","Dash","Skewer","Apotheosis+1","Backstab","Backflip+1","Setup+1","Deadly Poison+1","Calculated Gamble+1"],"relics":["Ring of the Snake","Darkstone Periapt","Toxic Egg 2","Odd Mushroom"],"potions_floor_usage":[7,10,13,16],"damage_taken":[{"damage":4,"enemies":"2 Louse","floor":1,"turns":4},{"damage":1,"enemies":"Small Slimes","floor":2,"turns":4},{"damage":2,"enemies":"Jaw Worm","floor":4,"turns":4},{"damage":28,"enemies":"Lagavulin Event","floor":7,"turns":7},{"damage":4,"enemies":"The Mushroom Lair","floor":10,"turns":3},{"damage":14,"enemies":"Lots of Slimes","floor":13,"turns":5},{"damage":1,"enemies":"Red Slaver","floor":14,"turns":3},{"damage":47,"enemies":"Slime Boss","floor":16,"turns":8}],"seed_played":"5675193601805443102","potions_obtained":[{"floor":1,"key":"GamblersBrew"},{"floor":4,"key":"Explosive Potion"},{"floor":7,"key":"FearPotion"},{"floor":13,"key":"Energy Potion"}],"is_trial":false,"path_per_floor":["M","M","?","M","$","R","?","R","T","?","?","?","M","M","R","B"],"character_chosen":"THE_SILENT","items_purchased":["Apotheosis"],"campfire_rested":2,"item_purchase_floors":[5],"current_hp_per_floor":[61,60,49,47,47,47,19,40,40,36,36,36,22,21,42,0],"gold":140,"neow_bonus":"TEN_PERCENT_HP_BONUS","is_prod":false,"is_daily":false,"chose_seed":false,"campfire_upgraded":1,"win_rate":0,"timestamp":1564503979,"path_taken":["M","M","?","M","$","R","?","R","T","?","?","?","M","M","R","BOSS"],"build_version":"2019-07-17","purchased_purges":0,"victory":false,"max_hp_per_floor":[72,72,72,72,72,72,72,72,72,72,72,72,72,72,72,72],"card_choices":[{"not_picked":["Concentrate","Backflip"],"picked":"Noxious Fumes","floor":1},{"not_picked":["Backflip","Dagger Throw"],"picked":"Dash","floor":2},{"not_picked":["Blur","Acrobatics"],"picked":"Skewer","floor":4},{"not_picked":["Tactician","Sucker Punch"],"picked":"Backstab","floor":7},{"not_picked":["PiercingWail+1","Expertise+1"],"picked":"Backflip+1","floor":10},{"not_picked":["Dodge and Roll+1","Blade Dance+1"],"picked":"Deadly Poison+1","floor":13},{"not_picked":["Cloak And Dagger+1","Sucker Punch"],"picked":"Calculated Gamble+1","floor":14}],"player_experience":1764801,"relics_obtained":[{"floor":7,"key":"Darkstone Periapt"},{"floor":9,"key":"Toxic Egg 2"},{"floor":10,"key":"Odd Mushroom"}],"event_choices":[{"damage_healed":0,"gold_gain":75,"player_choice":"Gather Gold","damage_taken":11,"max_hp_gain":0,"max_hp_loss":0,"event_name":"World of Goop","floor":3,"gold_loss":0},{"damage_healed":0,"gold_gain":0,"player_choice":"Searched \u00271\u0027 times","damage_taken":0,"max_hp_gain":0,"max_hp_loss":0,"event_name":"Dead Adventurer","floor":7,"gold_loss":0},{"damage_healed":0,"gold_gain":0,"player_choice":"Fought Mushrooms","damage_taken":0,"max_hp_gain":0,"max_hp_loss":0,"event_name":"Mushrooms","floor":10,"gold_loss":0},{"damage_healed":0,"gold_gain":0,"cards_transformed":["Strike_G"],"player_choice":"Change","damage_taken":0,"max_hp_gain":0,"max_hp_loss":0,"event_name":"Living Wall","floor":11,"gold_loss":0,"cards_obtained":["Setup"]},{"damage_healed":0,"gold_gain":0,"player_choice":"Ignored","damage_taken":0,"max_hp_gain":0,"max_hp_loss":0,"event_name":"Liars Game","floor":12,"gold_loss":0}],"is_beta":false,"boss_relics":[],"items_purged_floors":[],"is_endless":false,"potions_floor_spawned":[1,4,7,13],"killed_by":"Slime Boss","ascension_level":18}