{"gold_per_floor":[114,125,139,139,156,156,156,121,169,200,223,245,257,283,295,307],"floor_reached":16,"playtime":553,"items_purged":[],"score":177,"play_id":"7148ea25-ca8d-4dc9-9e28-7015b45cbf0f","local_time":"20180924195609","is_ascension_mode":true,"campfire_choices":[{"data":"Sweeping Beam","floor":6,"key":"SMITH"},{"floor":13,"key":"REST"},{"data":"Streamline","floor":15,"key":"SMITH"}],"neow_cost":"NONE","seed_source_timestamp":60846112086567,"circlet_count":0,"master_deck":["Strike_B","Strike_B","Defend_B","Defend_B","Defend_B","Defend_B","Zap","Dualcast","AscendersBane","Force Field","Stack","Rebound","Glacier","Sweeping Beam+1","Steam","Streamline+1","Multi-Cast","Glacier"],"relics":["Cracked Core","Pen Nib","MawBank"],"potions_floor_usage":[16],"damage_taken":[{"damage":3,"enemies":"2 Louse","floor":1,"turns":3},{"damage":13,"enemies":"Jaw Worm","floor":2,"turns":4},{"damage":1,"enemies":"Cultist","floor":3,"turns":3},{"damage":6,"enemies":"Blue Slaver","floor":5,"turns":4},{"damage":50,"enemies":"Gremlin Nob","floor":10,"turns":6},{"damage":1,"enemies":"Looter","floor":11,"turns":4},{"damage":12,"enemies":"Exordium Thugs","floor":12,"turns":5},{"damage":5,"enemies":"Blue Slaver","floor":14,"turns":4},{"damage":46,"enemies":"Slime Boss","floor":16,"turns":5}],"seed_played":"-2433556899981448684","potions_obtained":[{"floor":3,"key":"FairyPotion"},{"floor":12,"key":"LiquidBronze"}],"is_trial":false,"path_per_floor":["M","M","M","?","M","R","?","?","T","E","M","M","R","M","R"],"character_chosen":"DEFECT","items_purchased":[],"campfire_rested":1,"item_purchase_floors":[],"current_hp_per_floor":[61,48,47,47,41,41,46,65,65,15,14,2,24,19,19,0],"gold":307,"neow_bonus":"TRANSFORM_CARD","is_prod":false,"is_daily":false,"chose_seed":false,"campfire_upgraded":2,"win_rate":0,"timestamp":1537815369,"path_taken":["M","M","M","?","?","R","?","?","T","E","?","M","R","M","R","BOSS"],"build_version":"2018-09-20","purchased_purges":0,"victory":false,"max_hp_per_floor":[71,71,71,71,71,71,76,76,76,76,76,76,76,76,76,76],"card_choices":[{"not_picked":["Cold Snap","Reprogram"],"picked":"Stack","floor":1},{"not_picked":["Turbo","Conserve Battery"],"picked":"Rebound","floor":2},{"not_picked":["Redo","Hologram"],"picked":"Glacier","floor":3},{"not_picked":["Redo","Turbo"],"picked":"Sweeping Beam","floor":5},{"not_picked":["Redo","Hologram"],"picked":"Steam","floor":10},{"not_picked":["Turbo","Coolheaded"],"picked":"Streamline","floor":11},{"not_picked":["Sweeping Beam","Ball Lightning"],"picked":"Multi-Cast","floor":12},{"not_picked":["Coolheaded","Leap"],"picked":"Glacier","floor":14}],"player_experience":772350,"relics_obtained":[{"floor":9,"key":"Pen Nib"},{"floor":10,"key":"MawBank"}],"event_choices":[{"event_name":"Living Wall","player_choice":"Forget","floor":4,"damage_taken":0},{"event_name":"Big Fish","player_choice":"Donut","floor":7,"damage_taken":0},{"event_name":"The Cleric","player_choice":"Healed","floor":8,"damage_taken":0}],"is_beta":false,"boss_relics":[],"items_purged_floors":[],"is_endless":false,"potions_floor_spawned":[3,12,14],"killed_by":"Slime Boss","ascension_level":14}