{"gold_per_floor":[111,91,104,115,40,40,69,69,369,369,384,1,34,12,12,89,89,106,106,124,14,14,45,56,56],"floor_reached":25,"playtime":1497,"items_purged":["Strike_G","Strike_G"],"score":424,"play_id":"4079f92c-20ad-45eb-9e07-1f64acb26c59","local_time":"20191014213805","is_ascension_mode":true,"campfire_choices":[{"data":"All Out Attack","floor":6,"key":"SMITH"},{"data":"Neutralize","floor":8,"key":"SMITH"},{"data":"Deadly Poison","floor":10,"key":"SMITH"},{"floor":15,"key":"REST"}],"neow_cost":"NONE","seed_source_timestamp":933256103958600,"circlet_count":0,"master_deck":["AscendersBane","Strike_G","Strike_G","Strike_G","Defend_G","Defend_G","Defend_G","Defend_G","Defend_G","Survivor","Neutralize+1","Flying Knee","All Out Attack+1","Deadly Poison+1","Infinite Blades","Noxious Fumes","Adrenaline","Envenom","Dash","After Image","Dagger Spray+1","Wraith Form v2","Acrobatics"],"relics":["Ring of the Snake","NeowsBlessing","StoneCalendar","Old Coin","Membership Card","Lantern","Busted Crown","Lee\u0027s Waffle","Gremlin Horn"],"potions_floor_usage":[7,16,23,23,25,25],"damage_taken":[{"damage":0,"enemies":"Small Slimes","floor":1,"turns":1},{"damage":0,"enemies":"Cultist","floor":3,"turns":1},{"damage":0,"enemies":"Jaw Worm","floor":4,"turns":1},{"damage":24,"enemies":"Gremlin Nob","floor":7,"turns":4},{"damage":5,"enemies":"Gremlin Gang","floor":11,"turns":5},{"damage":10,"enemies":"Lagavulin","floor":13,"turns":7},{"damage":13,"enemies":"The Guardian","floor":16,"turns":9},{"damage":9,"enemies":"2 Thieves","floor":18,"turns":4},{"damage":15,"enemies":"Spheric Guardian","floor":20,"turns":6},{"damage":18,"enemies":"Gremlin Leader","floor":23,"turns":7},{"damage":18,"enemies":"Chosen and Byrds","floor":24,"turns":5},{"damage":58,"enemies":"Slavers","floor":25,"turns":4}],"seed_played":"-8529249288252554675","potions_obtained":[{"floor":1,"key":"SpeedPotion"},{"floor":2,"key":"Swift Potion"},{"floor":20,"key":"LiquidBronze"},{"floor":23,"key":"SteroidPotion"},{"floor":24,"key":"Regen Potion"}],"is_trial":false,"path_per_floor":["M","?","M","M","$","R","E","R","T","R","M","$","E","$","R","B",null,"M","?","M","$","?","E","M","E"],"character_chosen":"THE_SILENT","items_purchased":["Membership Card","Noxious Fumes","Adrenaline","PowerPotion","Dash","Lee\u0027s Waffle"],"campfire_rested":1,"item_purchase_floors":[12,12,12,12,14,21],"current_hp_per_floor":[59,59,59,59,59,59,35,35,35,35,30,30,20,20,39,26,56,47,47,32,73,73,55,37,0],"gold":56,"neow_bonus":"THREE_ENEMY_KILL","is_prod":false,"is_daily":false,"chose_seed":false,"campfire_upgraded":3,"win_rate":0,"timestamp":1571085485,"path_taken":["M","?","M","?","$","R","E","R","T","R","M","$","E","?","R","BOSS","M","?","M","$","?","E","M","E"],"build_version":"2019-07-17","purchased_purges":2,"victory":false,"max_hp_per_floor":[66,66,66,66,66,66,66,66,66,66,66,66,66,66,66,66,66,66,66,66,73,73,73,73,73],"card_choices":[{"not_picked":["Concentrate","Slice"],"picked":"Flying Knee","floor":1},{"not_picked":["Sucker Punch","Acrobatics"],"picked":"All Out Attack","floor":3},{"not_picked":["Heel Hook","Acrobatics"],"picked":"Deadly Poison","floor":4},{"not_picked":["Riddle With Holes","Blade Dance","Accuracy"],"picked":"SKIP","floor":7},{"not_picked":["Tactician","Blade Dance"],"picked":"Infinite Blades","floor":11},{"not_picked":["Expertise","Escape Plan"],"picked":"Envenom","floor":13},{"not_picked":["Night Terror","Grand Finale"],"picked":"After Image","floor":16},{"not_picked":[],"picked":"Dagger Spray+1","floor":18},{"not_picked":["Slice"],"picked":"SKIP","floor":20},{"not_picked":["Sucker Punch"],"picked":"SKIP","floor":23},{"not_picked":["Acrobatics"],"picked":"SKIP","floor":24},{"not_picked":[],"picked":"Acrobatics","floor":24}],"player_experience":1227799,"relics_obtained":[{"floor":7,"key":"StoneCalendar"},{"floor":9,"key":"Old Coin"},{"floor":13,"key":"Lantern"},{"floor":23,"key":"Gremlin Horn"}],"event_choices":[{"damage_healed":0,"gold_gain":0,"player_choice":"Bought 1 Potion","damage_taken":0,"max_hp_gain":0,"max_hp_loss":0,"event_name":"The Woman in Blue","floor":2,"gold_loss":0},{"damage_healed":0,"gold_gain":0,"player_choice":"Ignored","damage_taken":0,"max_hp_gain":0,"max_hp_loss":0,"event_name":"Cursed Tome","floor":19,"gold_loss":0},{"damage_healed":0,"gold_gain":0,"player_choice":"1 cards matched","damage_taken":0,"max_hp_gain":0,"max_hp_loss":0,"event_name":"Match and Keep!","floor":22,"gold_loss":0,"cards_obtained":["Wraith Form v2"]},{"damage_healed":0,"gold_gain":0,"player_choice":"1 cards matched","damage_taken":0,"max_hp_gain":0,"max_hp_loss":0,"event_name":"Match and Keep!","floor":22,"gold_loss":0,"cards_obtained":["Wraith Form v2"]}],"is_beta":false,"boss_relics":[{"not_picked":["Calling Bell","Ectoplasm"],"picked":"Busted Crown"}],"items_purged_floors":[5,12],"is_endless":false,"potions_floor_spawned":[1,13,20,23,24],"killed_by":"Slavers","ascension_level":17}