{"gold_per_floor":[119,133,150,162,43,43,76,76,76,96,109,109,129,158,158,230,280,297,80,99,10,0,0,0],"floor_reached":24,"playtime":1199,"items_purged":["Strike_R"],"score":406,"play_id":"8b63c104-c242-4257-83e3-135fb505fa8d","local_time":"20181109210351","is_ascension_mode":true,"campfire_choices":[{"data":"Disarm","floor":6,"key":"SMITH"},{"data":"True Grit","floor":8,"key":"SMITH"},{"data":"Bash","floor":12,"key":"SMITH"},{"data":"Twin Strike","floor":15,"key":"SMITH"},{"data":"Pummel","floor":23,"key":"SMITH"}],"neow_cost":"NONE","seed_source_timestamp":262290109323284,"circlet_count":0,"master_deck":["AscendersBane","Strike_R+1","Strike_R","Strike_R","Strike_R+1","Defend_R","Defend_R","Defend_R","Defend_R","Bash+1","Twin Strike+1","Clothesline","True Grit+1","Disarm+1","Feel No Pain","Anger+1","Disarm","Shrug It Off","Thunderclap","Offering","Spot Weakness","Whirlwind+1","Pummel+1"],"relics":["Burning Blood","Anchor","Blood Vial","Whetstone","Pantograph","Tiny House","Brimstone"],"potions_floor_usage":[7,16,16],"damage_taken":[{"damage":7,"enemies":"Cultist","floor":1,"turns":4},{"damage":2,"enemies":"Jaw Worm","floor":2,"turns":3},{"damage":0,"enemies":"Small Slimes","floor":3,"turns":4},{"damage":5,"enemies":"3 Louse","floor":4,"turns":5},{"damage":8,"enemies":"3 Sentries","floor":7,"turns":12},{"damage":17,"enemies":"Exordium Thugs","floor":10,"turns":7},{"damage":0,"enemies":"Looter","floor":11,"turns":3},{"damage":8,"enemies":"Large Slime","floor":13,"turns":6},{"damage":21,"enemies":"Lagavulin","floor":14,"turns":8},{"damage":61,"enemies":"Slime Boss","floor":16,"turns":13},{"damage":38,"enemies":"Spheric Guardian","floor":18,"turns":6},{"damage":12,"enemies":"Chosen","floor":20,"turns":4},{"damage":34,"enemies":"Slavers","floor":24,"turns":2}],"seed_played":"-5334357114555312042","potions_obtained":[{"floor":3,"key":"Poison Potion"},{"floor":4,"key":"Weak Potion"},{"floor":11,"key":"Block Potion"},{"floor":17,"key":"Strength Potion"}],"is_trial":false,"path_per_floor":["M","M","M","M","$","R","E","R","T","M","M","R","M","E","R","B",null,"M","$","M","$","?","R","E"],"character_chosen":"IRONCLAD","items_purchased":["Feel No Pain","Brimstone","Pummel"],"campfire_rested":0,"item_purchase_floors":[5,19,21],"current_hp_per_floor":[67,71,75,75,75,75,73,73,73,64,72,72,72,59,59,20,66,36,36,32,32,32,32,0],"gold":0,"neow_bonus":"RANDOM_COMMON_RELIC","is_prod":false,"is_daily":false,"chose_seed":false,"campfire_upgraded":5,"win_rate":0,"timestamp":1541797431,"path_taken":["M","?","M","M","$","R","E","R","T","?","M","R","M","E","R","BOSS","M","$","M","$","?","R","E"],"build_version":"2018-11-08","purchased_purges":1,"victory":false,"max_hp_per_floor":[75,75,75,75,75,75,75,75,75,75,75,75,75,75,75,75,80,80,80,80,80,80,80,80],"card_choices":[{"not_picked":["Pommel Strike","Body Slam"],"picked":"Twin Strike","floor":1},{"not_picked":["Havoc","Thunderclap"],"picked":"Clothesline","floor":2},{"not_picked":["Evolve","Hemokinesis"],"picked":"True Grit","floor":3},{"not_picked":["Cleave","Warcry"],"picked":"Disarm","floor":4},{"not_picked":["Thunderclap","Rage"],"picked":"Anger","floor":7},{"not_picked":["True Grit","Rampage"],"picked":"Disarm","floor":10},{"not_picked":["Evolve","Reckless Charge"],"picked":"Shrug It Off","floor":11},{"not_picked":["Dual Wield","True Grit","Berserk"],"picked":"SKIP","floor":13},{"not_picked":["Rupture","Anger"],"picked":"Thunderclap","floor":14},{"not_picked":["Bludgeon","Reaper"],"picked":"Offering","floor":16},{"not_picked":["Clash","Pommel Strike"],"picked":"Spot Weakness","floor":17},{"not_picked":["Pommel Strike","Armaments","Wild Strike"],"picked":"SKIP","floor":18},{"not_picked":["Entrench","Havoc"],"picked":"Whirlwind+1","floor":20}],"player_experience":972509,"relics_obtained":[{"floor":7,"key":"Blood Vial"},{"floor":9,"key":"Whetstone"},{"floor":14,"key":"Pantograph"}],"event_choices":[{"damage_healed":0,"gold_gain":0,"player_choice":"Paid Fearfully","damage_taken":0,"max_hp_gain":0,"max_hp_loss":0,"event_name":"Masked Bandits","floor":22,"gold_loss":10}],"is_beta":false,"boss_relics":[{"not_picked":["Lizard Tail","Calling Bell"],"picked":"Tiny House"}],"items_purged_floors":[5],"is_endless":false,"potions_floor_spawned":[3,4,11,13],"killed_by":"Slavers","ascension_level":19}