{"gold_per_floor":[217,142,152,10,22,22,56,206,206,52,72,72,104,74,74,147,147,160,160,176,176,176],"floor_reached":22,"playtime":728,"items_purged":["Doubt"],"score":365,"play_id":"fc0a7418-2603-450e-b9c7-11da4f15399c","local_time":"20190815154434","is_ascension_mode":true,"campfire_choices":[{"data":"Sunder","floor":6,"key":"SMITH"},{"data":"Zap","floor":12,"key":"SMITH"},{"data":"Auto Shields","floor":15,"key":"SMITH"}],"neow_cost":"NONE","seed_source_timestamp":124746297394100,"circlet_count":0,"master_deck":["AscendersBane","Strike_B","Defend_B","Defend_B","Defend_B","Defend_B","Zap+1","Dualcast","Sunder+1","Ball Lightning","Auto Shields+1","Cold Snap","Self Repair","Barrage","Coolheaded","Compile Driver","Leap","White Noise","Echo Form","Conserve Battery","Sweeping Beam","Genetic Algorithm","Genetic Algorithm","Biased Cognition","Defragment","Static Discharge","Redo","Hologram"],"relics":["Cracked Core","Gremlin Horn","Pen Nib","Mercury Hourglass","Orrery"],"potions_floor_usage":[7,11,11,16,16],"damage_taken":[{"damage":0,"enemies":"Small Slimes","floor":1,"turns":3},{"damage":2,"enemies":"Jaw Worm","floor":3,"turns":3},{"damage":0,"enemies":"2 Louse","floor":5,"turns":2},{"damage":8,"enemies":"Gremlin Nob","floor":7,"turns":3},{"damage":0,"enemies":"Red Slaver","floor":11,"turns":3},{"damage":10,"enemies":"3 Sentries","floor":13,"turns":8},{"damage":9,"enemies":"The Guardian","floor":16,"turns":10},{"damage":16,"enemies":"Shell Parasite","floor":18,"turns":6},{"damage":23,"enemies":"Spheric Guardian","floor":20,"turns":5},{"damage":58,"enemies":"Cultist and Chosen","floor":22,"turns":4}],"seed_played":"3939445940142382943","potions_obtained":[{"floor":1,"key":"FearPotion"},{"floor":3,"key":"SpeedPotion"},{"floor":7,"key":"Explosive Potion"},{"floor":14,"key":"SpeedPotion"},{"floor":14,"key":"Dexterity Potion"}],"is_trial":false,"path_per_floor":["M","?","M","$","M","R","E","?","T","$","M","R","E","?","R","B",null,"M","?","M","?","M"],"character_chosen":"DEFECT","items_purchased":["Auto Shields","Cold Snap","Coolheaded","Compile Driver"],"campfire_rested":0,"item_purchase_floors":[4,4,10,10],"current_hp_per_floor":[64,64,62,62,62,62,54,54,54,54,61,61,58,58,58,56,67,65,65,42,42,0],"gold":176,"neow_bonus":"HUNDRED_GOLD","is_prod":false,"is_daily":false,"chose_seed":false,"campfire_upgraded":3,"win_rate":0,"timestamp":1565876674,"path_taken":["M","?","M","$","M","R","E","?","T","$","M","R","E","?","R","BOSS","M","?","M","?","M"],"build_version":"2019-07-17","purchased_purges":1,"victory":false,"max_hp_per_floor":[71,71,71,71,71,71,71,71,71,71,71,71,71,71,71,71,71,71,71,71,71,71],"card_choices":[{"not_picked":["Recycle","Steam"],"picked":"Sunder","floor":1},{"not_picked":["Coolheaded","Compile Driver"],"picked":"Ball Lightning","floor":3},{"not_picked":["Skim","Leap"],"picked":"Self Repair","floor":5},{"not_picked":["Steam","Hello World"],"picked":"Barrage","floor":7},{"not_picked":["Hello World","Self Repair"],"picked":"Leap","floor":11},{"not_picked":["FTL","Turbo"],"picked":"White Noise","floor":13},{"not_picked":["Reboot","Biased Cognition"],"picked":"Echo Form","floor":16},{"not_picked":["Barrage","Coolheaded"],"picked":"Conserve Battery","floor":17},{"not_picked":["Cold Snap","Turbo"],"picked":"Sweeping Beam","floor":17},{"not_picked":["Ball Lightning","Turbo"],"picked":"Genetic Algorithm","floor":17},{"not_picked":["Coolheaded","Leap"],"picked":"Genetic Algorithm","floor":17},{"not_picked":["Chill","Leap"],"picked":"Biased Cognition","floor":17},{"not_picked":["White Noise+1","Conserve Battery"],"picked":"Defragment","floor":18},{"not_picked":["Recycle","Turbo"],"picked":"Hologram","floor":20}],"player_experience":1919587,"relics_obtained":[{"floor":7,"key":"Gremlin Horn"},{"floor":9,"key":"Pen Nib"},{"floor":13,"key":"Mercury Hourglass"}],"event_choices":[{"cards_removed":["Strike_B"],"damage_healed":0,"gold_gain":0,"player_choice":"Card Removal","damage_taken":0,"max_hp_gain":0,"max_hp_loss":0,"event_name":"The Cleric","floor":2,"gold_loss":75},{"damage_healed":0,"gold_gain":150,"player_choice":"AGREE","damage_taken":0,"max_hp_gain":0,"max_hp_loss":0,"event_name":"Liars Game","floor":8,"gold_loss":0,"cards_obtained":["Doubt"]},{"damage_healed":0,"gold_gain":0,"player_choice":"Bought 2 Potions","damage_taken":0,"max_hp_gain":0,"max_hp_loss":0,"event_name":"The Woman in Blue","floor":14,"gold_loss":0},{"damage_healed":0,"gold_gain":0,"cards_transformed":["Strike_B","Strike_B"],"player_choice":"Became Test Subject","damage_taken":0,"max_hp_gain":0,"max_hp_loss":0,"event_name":"Drug Dealer","floor":19,"gold_loss":0,"cards_obtained":["Static Discharge","Redo"]},{"damage_healed":0,"gold_gain":0,"player_choice":"Ignored","damage_taken":0,"max_hp_gain":0,"max_hp_loss":0,"event_name":"Vampires","floor":21,"gold_loss":0}],"is_beta":false,"boss_relics":[{"not_picked":["Calling Bell","Busted Crown"],"picked":"Orrery"}],"items_purged_floors":[10],"is_endless":false,"potions_floor_spawned":[1,3,7],"killed_by":"Cultist and Chosen","ascension_level":18}