{"gold_per_floor":[15,30,305,316,1,1,16,16,65,65,96,109,140,140],"floor_reached":14,"playtime":525,"items_purged":["Regret"],"score":185,"play_id":"d1b5337f-bc54-4121-a8bb-3f1789276d87","local_time":"20190630183119","is_ascension_mode":true,"campfire_choices":[{"data":"Skewer","floor":6,"key":"SMITH"},{"floor":8,"key":"REST"}],"neow_cost":"NO_GOLD","seed_source_timestamp":1102872781216100,"circlet_count":0,"master_deck":["AscendersBane","Defend_G","Defend_G","Defend_G","Defend_G","Defend_G","Strike_G","Strike_G","Strike_G","Strike_G","Strike_G","Survivor","Neutralize","Poisoned Stab","Deadly Poison","Skewer+1","Noxious Fumes","Catalyst","Dash","Footwork","Blade Dance","Blade Dance","After Image"],"relics":["Ring of the Snake","StoneCalendar","Regal Pillow","Boot","Juzu Bracelet"],"potions_floor_usage":[11,12,14],"damage_taken":[{"damage":4,"enemies":"Jaw Worm","floor":1,"turns":6},{"damage":0,"enemies":"Cultist","floor":2,"turns":4},{"damage":3,"enemies":"Small Slimes","floor":4,"turns":4},{"damage":24,"enemies":"Gremlin Gang","floor":7,"turns":4},{"damage":17,"enemies":"3 Sentries","floor":11,"turns":7},{"damage":11,"enemies":"Blue Slaver","floor":12,"turns":4},{"damage":16,"enemies":"Lagavulin","floor":13,"turns":7},{"damage":7,"enemies":"Exordium Wildlife","floor":14,"turns":4}],"seed_played":"3115308250439354667","potions_obtained":[{"floor":7,"key":"Dexterity Potion"},{"floor":12,"key":"Energy Potion"},{"floor":13,"key":"Ancient Potion"}],"is_trial":false,"path_per_floor":["M","M","?","M","$","R","M","R","T","$","E","M","E","M"],"character_chosen":"THE_SILENT","items_purchased":["Noxious Fumes","Catalyst","Dash","PowerPotion"],"campfire_rested":1,"item_purchase_floors":[5,5,5,5],"current_hp_per_floor":[55,55,55,52,52,52,28,47,47,47,30,19,3,0],"gold":140,"neow_bonus":"ONE_RARE_RELIC","is_prod":false,"is_daily":false,"chose_seed":false,"campfire_upgraded":1,"win_rate":0,"timestamp":1561912279,"path_taken":["M","M","?","?","$","R","M","R","T","?","E","M","E","M"],"build_version":"2019-01-23","purchased_purges":1,"victory":false,"max_hp_per_floor":[66,66,66,66,66,66,66,66,66,66,66,66,66,66],"card_choices":[{"not_picked":["Deadly Poison","Underhanded Strike"],"picked":"Poisoned Stab","floor":1},{"not_picked":["Heel Hook","Distraction"],"picked":"Deadly Poison","floor":2},{"not_picked":["Prepared","All Out Attack"],"picked":"Skewer","floor":4},{"not_picked":["Dodge and Roll","Choke"],"picked":"Footwork","floor":7},{"not_picked":["Masterful Stab","Setup"],"picked":"Blade Dance","floor":11},{"not_picked":["Poisoned Stab","Sucker Punch"],"picked":"Blade Dance","floor":12},{"not_picked":["Infinite Blades","Bane"],"picked":"After Image","floor":13}],"player_experience":1521888,"relics_obtained":[{"floor":9,"key":"Regal Pillow"},{"floor":11,"key":"Boot"},{"floor":13,"key":"Juzu Bracelet"}],"event_choices":[{"damage_healed":0,"gold_gain":275,"player_choice":"Desecrate","damage_taken":0,"max_hp_gain":0,"max_hp_loss":0,"event_name":"Golden Shrine","floor":3,"gold_loss":0,"cards_obtained":["Regret"]}],"is_beta":false,"boss_relics":[],"items_purged_floors":[5],"is_endless":false,"potions_floor_spawned":[7,12,13],"killed_by":"Exordium Wildlife","ascension_level":17}