{"gold_per_floor":[115,190,204,82,26,26,39,39,39,58,68,68,33,48,48,120,120,140,153,171,171,190,190,190],"floor_reached":24,"playtime":1156,"items_purged":[],"score":367,"play_id":"2eea820c-8a6e-4b8a-9409-baea32b2735a","local_time":"20180923143319","is_ascension_mode":true,"campfire_choices":[{"data":"True Grit","floor":6,"key":"SMITH"},{"data":"Armaments","floor":8,"key":"SMITH"},{"data":"Twin Strike","floor":15,"key":"SMITH"},{"data":"Immolate","floor":23,"key":"SMITH"}],"neow_cost":"NONE","seed_source_timestamp":151807167101599,"circlet_count":0,"master_deck":["Defend_R","Defend_R","Defend_R","Defend_R","Bash","AscendersBane","Juggernaut","True Grit+1","Armaments+1","Feel No Pain","Twin Strike+1","Immolate+1","Second Wind","Dual Wield+1","Clothesline","Bite","Bite","Bite","Bite","Bite","Headbutt"],"relics":["Burning Blood","Paper Frog","Letter Opener","GremlinMask","Sozu"],"potions_floor_usage":[16,19],"damage_taken":[{"damage":15,"enemies":"Small Slimes","floor":1,"turns":4},{"damage":7,"enemies":"2 Louse","floor":3,"turns":3},{"damage":2,"enemies":"Cultist","floor":7,"turns":4},{"damage":27,"enemies":"Large Slime","floor":10,"turns":7},{"damage":14,"enemies":"Blue Slaver","floor":11,"turns":7},{"damage":12,"enemies":"2 Fungi Beasts","floor":14,"turns":5},{"damage":16,"enemies":"Slime Boss","floor":16,"turns":10},{"damage":10,"enemies":"Spheric Guardian","floor":18,"turns":4},{"damage":0,"enemies":"3 Byrds","floor":19,"turns":3},{"damage":49,"enemies":"Snake Plant","floor":20,"turns":5},{"damage":47,"enemies":"Centurion and Healer","floor":22,"turns":11},{"damage":25,"enemies":"Slavers","floor":24,"turns":1}],"seed_played":"1049300392647770133","potions_obtained":[{"floor":7,"key":"Energy Potion"},{"floor":10,"key":"LiquidBronze"}],"is_trial":false,"path_per_floor":["M","?","M","?","$","R","M","R","T","M","M","?","?","M","R","B",null,"M","M","M","?","M","R"],"character_chosen":"IRONCLAD","items_purchased":["Poison Potion"],"campfire_rested":0,"item_purchase_floors":[5],"current_hp_per_floor":[59,48,47,47,47,47,51,51,51,30,22,22,40,34,34,24,62,58,64,21,21,23,23,0],"gold":190,"neow_bonus":"TRANSFORM_CARD","is_prod":false,"is_daily":false,"chose_seed":false,"campfire_upgraded":4,"win_rate":0,"timestamp":1537709599,"path_taken":["M","?","M","?","?","R","M","R","T","?","M","?","?","M","R","BOSS","M","M","M","?","M","R","E"],"build_version":"2018-09-20","purchased_purges":0,"victory":false,"max_hp_per_floor":[75,75,75,75,75,75,75,75,75,75,75,75,75,75,75,75,75,75,75,75,52,52,52,52],"card_choices":[{"not_picked":["Thunderclap","Combust","Perfected Strike"],"picked":"SKIP","floor":1},{"not_picked":["Flex","Wild Strike"],"picked":"True Grit","floor":3},{"not_picked":["Bloodletting","Clash"],"picked":"Armaments","floor":7},{"not_picked":["Flex","True Grit"],"picked":"Feel No Pain","floor":10},{"not_picked":["Bloodletting","Brutality"],"picked":"Twin Strike","floor":11},{"not_picked":["Hemokinesis","Dual Wield","Searing Blow"],"picked":"SKIP","floor":14},{"not_picked":["Exhume","Impervious"],"picked":"Immolate","floor":16},{"not_picked":["Twin Strike","Cleave"],"picked":"Second Wind","floor":18},{"not_picked":["Cleave","Armaments"],"picked":"Dual Wield+1","floor":19},{"not_picked":["Hemokinesis","Pommel Strike"],"picked":"Clothesline","floor":20},{"not_picked":["Thunderclap","Armaments"],"picked":"Headbutt","floor":22}],"player_experience":764744,"relics_obtained":[{"floor":9,"key":"Letter Opener"}],"event_choices":[{"event_name":"World of Goop","player_choice":"Gather Gold","floor":2,"damage_taken":0},{"event_name":"WeMeetAgain","player_choice":"Gold","floor":4,"damage_taken":0},{"event_name":"FaceTrader","player_choice":"Trade","floor":12,"damage_taken":0},{"event_name":"The Cleric","player_choice":"Healed","floor":13,"damage_taken":0},{"event_name":"Vampires","player_choice":"Became a vampire","floor":21,"damage_taken":0}],"is_beta":false,"boss_relics":[{"not_picked":["Tiny House","Runic Dome"],"picked":"Sozu"}],"items_purged_floors":[],"is_endless":false,"potions_floor_spawned":[7,10,20],"killed_by":"Slavers","ascension_level":16}