{"gold_per_floor":[109,124,199,16,16,16,70,112,112,112,152,152,244,169,169,342,342,382,243,258,258,110,110,110,110,110,149,149],"floor_reached":28,"playtime":845,"items_purged":["Strike_R","Hemokinesis+1","Defend_R"],"score":349,"play_id":"a7f59c91-9131-4004-9855-2a0821c7c6ec","local_time":"20190917105448","is_ascension_mode":true,"campfire_choices":[{"data":"HandOfGreed","floor":6.0,"key":"SMITH"},{"data":"Shockwave","floor":10.0,"key":"SMITH"},{"data":"Twin Strike","floor":12.0,"key":"SMITH"},{"data":"Defend_R","floor":15.0,"key":"SMITH"},{"data":"Limit Break","floor":23.0,"key":"SMITH"},{"data":"Feel No Pain","floor":25.0,"key":"SMITH"}],"neow_cost":"NONE","seed_source_timestamp":349918684874435,"circlet_count":0,"master_deck":["Defend_R","Defend_R","Defend_R+1","Bash+1","Twin Strike+1","HandOfGreed+1","Shockwave+1","Limit Break+1","Sword Boomerang+1","Spot Weakness+1","Flame Barrier","Feel No Pain+1","Shrug It Off","True Grit+1"],"special_seed":0,"relics":["Burning Blood","Unceasing Top","Gambling Chip","Astrolabe","Gremlin Horn"],"potions_floor_usage":[28],"damage_taken":[{"damage":15.0,"enemies":"Small Slimes","floor":1.0,"turns":3.0},{"damage":7.0,"enemies":"Jaw Worm","floor":2.0,"turns":3.0},{"damage":0.0,"enemies":"Gremlin Nob","floor":7.0,"turns":2.0},{"damage":0.0,"enemies":"Cultist","floor":8.0,"turns":3.0},{"damage":6.0,"enemies":"Looter","floor":11.0,"turns":3.0},{"damage":10.0,"enemies":"Lots of Slimes","floor":13.0,"turns":5.0},{"damage":39.0,"enemies":"Slime Boss","floor":16.0,"turns":13.0},{"damage":18.0,"enemies":"2 Thieves","floor":18.0,"turns":3.0},{"damage":4.0,"enemies":"3 Byrds","floor":20.0,"turns":4.0},{"damage":31.0,"enemies":"Snake Plant","floor":27.0,"turns":5.0},{"damage":16,"enemies":"Sentry and Sphere","floor":28,"turns":3}],"seed_played":"-6164242737282070260","potions_obtained":[{"floor":1.0,"key":"SteroidPotion"},{"floor":8.0,"key":"EssenceOfSteel"},{"floor":13.0,"key":"Dexterity Potion"},{"floor":16.0,"key":"Poison Potion"},{"floor":27.0,"key":"GamblersBrew"}],"is_trial":false,"path_per_floor":["M","M","?","$","?","R","E","M","T","R","M","R","M","$","R","B",null,"M","$","M","?","$","R","?","R","T","M","M"],"character_chosen":"IRONCLAD","items_purchased":["HandOfGreed","Flame Barrier","Shrug It Off"],"campfire_rested":0,"item_purchase_floors":[4,19,22],"current_hp_per_floor":[63,62,51,51,44,44,50,56,56,56,56,56,52,52,52,19,65,53,53,55,40,40,40,40,40,40,15,0],"gold":149,"neow_bonus":"UPGRADE_CARD","is_prod":false,"is_daily":false,"chose_seed":false,"campfire_upgraded":6,"win_rate":0,"timestamp":1568742888,"path_taken":["M","M","?","$","?","R","E","M","T","R","M","R","M","$","R","BOSS","M","$","M","?","$","R","?","R","T","M","M"],"build_version":"2019-07-17","purchased_purges":3,"victory":false,"max_hp_per_floor":[80,80,80,80,80,80,80,80,80,80,80,80,80,80,80,80,80,80,80,80,85,85,85,85,85,85,85,85],"card_choices":[{"not_picked":["Entrench","Perfected Strike"],"picked":"Twin Strike","floor":1.0},{"not_picked":["Flex","Perfected Strike","Pummel"],"picked":"SKIP","floor":2.0},{"not_picked":["Thunderclap","Evolve","Headbutt"],"picked":"SKIP","floor":7.0},{"not_picked":["Wild Strike","Fire Breathing"],"picked":"Shockwave","floor":8.0},{"not_picked":["Pommel Strike","Anger","Havoc"],"picked":"SKIP","floor":11.0},{"not_picked":["Fire Breathing","Thunderclap","Shockwave"],"picked":"SKIP","floor":13.0},{"not_picked":["Fire Breathing","Thunderclap","Shockwave"],"picked":"SKIP","floor":13.0},{"not_picked":["Reaper","Fiend Fire"],"picked":"Limit Break","floor":16.0},{"not_picked":["Clash+1","Heavy Blade","Thunderclap"],"picked":"SKIP","floor":18.0},{"not_picked":["Thunderclap","Searing Blow+1"],"picked":"Feel No Pain","floor":20.0},{"not_picked":["Flex","Warcry"],"picked":"True Grit+1","floor":27.0}],"player_experience":209954,"relics_obtained":[{"floor":7.0,"key":"Unceasing Top"},{"floor":9.0,"key":"Gambling Chip"},{"floor":26.0,"key":"Gremlin Horn"}],"event_choices":[{"damage_healed":0.0,"max_hp_gain":0.0,"max_hp_loss":0.0,"gold_gain":75.0,"event_name":"World of Goop","player_choice":"Gather Gold","floor":3.0,"gold_loss":0.0,"damage_taken":11.0},{"cards_removed":["Strike_R"],"damage_healed":0.0,"max_hp_gain":0.0,"max_hp_loss":0.0,"gold_gain":0.0,"event_name":"Golden Wing","player_choice":"Card Removal","floor":5.0,"gold_loss":0.0,"damage_taken":7.0},{"damage_healed":0.0,"max_hp_gain":5.0,"max_hp_loss":0.0,"gold_gain":0.0,"event_name":"Forgotten Altar","player_choice":"Shed Blood","floor":21.0,"gold_loss":0.0,"damage_taken":20.0},{"damage_healed":0.0,"max_hp_gain":0.0,"max_hp_loss":0.0,"gold_gain":0.0,"event_name":"The Mausoleum","player_choice":"Ignored","floor":24.0,"gold_loss":0.0,"damage_taken":0.0}],"is_beta":false,"boss_relics":[{"not_picked":["Fusion Hammer","Ectoplasm"],"picked":"Astrolabe"}],"items_purged_floors":[14,19,22],"is_endless":false,"potions_floor_spawned":[1,8,13,16,27],"killed_by":"Sentry and Sphere","ascension_level":9}