{"gold_per_floor":[114,63,74,74,3,3,3,3,3,20,40,40,115,130,130,232,232,245,270,195,210,222,222,240,240,240,265,265,265,265,280,280,383,383,397,409,509,331,342,371,341,341,390,42,42,77,77,94,94,94],"floor_reached":51,"playtime":3628,"items_purged":["Strike_G","Strike_G","Strike_G"],"score":1095,"play_id":"45547cc1-187d-4f09-9ce9-47d8e22ee0bb","local_time":"20190929171511","is_ascension_mode":true,"campfire_choices":[{"data":"Footwork","floor":6.0,"key":"SMITH"},{"data":"Neutralize","floor":8.0,"key":"SMITH"},{"data":"Dagger Spray","floor":12.0,"key":"SMITH"},{"data":"Predator","floor":15.0,"key":"SMITH"},{"data":"Corpse Explosion","floor":23.0,"key":"SMITH"},{"data":"Leg Sweep","floor":25.0,"key":"SMITH"},{"data":"Survivor","floor":28.0,"key":"SMITH"},{"data":"Defend_G","floor":30.0,"key":"SMITH"},{"data":"Bane","floor":32.0,"key":"SMITH"},{"data":"Footwork","floor":42.0,"key":"SMITH"},{"data":"Noxious Fumes","floor":45.0,"key":"SMITH"},{"data":"Footwork","floor":47.0,"key":"SMITH"},{"data":"Catalyst","floor":49,"key":"SMITH"}],"neow_cost":"TEN_PERCENT_HP_LOSS","seed_source_timestamp":845798421082510,"circlet_count":0,"master_deck":["Defend_G","Defend_G","Defend_G","Defend_G","Defend_G+1","Survivor+1","Neutralize+1","Predator+1","Dagger Spray+1","Footwork+1","Corpse Explosion+1","Leg Sweep+1","Expertise+1","Backstab","Backflip+1","Bane+1","Catalyst+1","Backflip","Terror","Backflip+1","Backflip","Footwork+1","Backflip+1","Noxious Fumes+1","Footwork+1","Backflip","Burst"],"special_seed":0,"relics":["Ring of the Snake","Thread and Needle","Turnip","Velvet Choker","Red Mask","Singing Bowl","Shuriken","Orrery","Calipers","Darkstone Periapt","Regal Pillow","Strawberry"],"potions_floor_usage":[50],"damage_taken":[{"damage":0.0,"enemies":"2 Louse","floor":1.0,"turns":3.0},{"damage":0.0,"enemies":"Cultist","floor":3.0,"turns":3.0},{"damage":3.0,"enemies":"Small Slimes","floor":10.0,"turns":2.0},{"damage":1.0,"enemies":"Exordium Thugs","floor":11.0,"turns":6.0},{"damage":0.0,"enemies":"Blue Slaver","floor":14.0,"turns":3.0},{"damage":20.0,"enemies":"Slime Boss","floor":16.0,"turns":17.0},{"damage":7.0,"enemies":"2 Thieves","floor":18.0,"turns":3.0},{"damage":0.0,"enemies":"Masked Bandits","floor":19.0,"turns":2.0},{"damage":0.0,"enemies":"Shell Parasite","floor":21.0,"turns":7.0},{"damage":0.0,"enemies":"Shelled Parasite and Fungi","floor":22.0,"turns":9.0},{"damage":0.0,"enemies":"3 Cultists","floor":24.0,"turns":2.0},{"damage":0.0,"enemies":"Book of Stabbing","floor":27.0,"turns":9.0},{"damage":0.0,"enemies":"Centurion and Healer","floor":31.0,"turns":5.0},{"damage":50.0,"enemies":"Champ","floor":33.0,"turns":19.0},{"damage":0.0,"enemies":"3 Shapes","floor":35.0,"turns":3.0},{"damage":0.0,"enemies":"3 Darklings","floor":36.0,"turns":2.0},{"damage":0.0,"enemies":"Mind Bloom Boss Battle","floor":37.0,"turns":9.0},{"damage":0.0,"enemies":"Sphere and 2 Shapes","floor":39.0,"turns":5.0},{"damage":29.0,"enemies":"Reptomancer","floor":40.0,"turns":10.0},{"damage":0.0,"enemies":"Giant Head","floor":46.0,"turns":10.0},{"damage":7,"enemies":"Maw","floor":48,"turns":8},{"damage":46,"enemies":"Time Eater","floor":50,"turns":19}],"seed_played":"-8326975775372419836","potions_obtained":[{"floor":10.0,"key":"SteroidPotion"},{"floor":11.0,"key":"GhostInAJar"},{"floor":18.0,"key":"SpeedPotion"},{"floor":21.0,"key":"EssenceOfSteel"},{"floor":27.0,"key":"Strength Potion"},{"floor":36.0,"key":"Ancient Potion"},{"floor":41.0,"key":"FairyPotion"},{"floor":41.0,"key":"SkillPotion"},{"floor":46.0,"key":"Dexterity Potion"}],"is_trial":false,"path_per_floor":["M","$","M","?","$","R","?","R","T","M","M","R","?","M","R","B",null,"M","?","$","M","M","R","M","R","T","E","R","?","R","M","R","B",null,"M","M","?","$","M","E","?","R","T","$","R","E","R","M","R","B",null],"character_chosen":"THE_SILENT","items_purchased":["Dagger Spray","Footwork","Footwork","Footwork","Backflip","SmokeBomb"],"campfire_rested":0,"item_purchase_floors":[2,5,38,44,44,44],"current_hp_per_floor":[63,63,63,63,63,63,63,63,63,60,59,59,53,53,53,33,56,49,49,49,49,49,49,49,49,49,51,51,51,51,51,51,3,55,57,57,57,57,57,28,28,28,28,28,28,37,37,30,30,8],"gold":94,"neow_bonus":"ONE_RARE_RELIC","is_prod":false,"is_daily":false,"chose_seed":false,"campfire_upgraded":13,"win_rate":0,"timestamp":1569802511,"path_taken":["M","$","M","?","$","R","?","R","T","?","M","R","?","?","R","BOSS","M","?","$","M","M","R","M","R","T","E","R","?","R","?","R","BOSS","M","M","?","$","M","E","?","R","T","$","R","E","R","M","R","BOSS"],"build_version":"2019-07-17","purchased_purges":3,"victory":true,"max_hp_per_floor":[63,63,63,63,63,63,63,63,63,63,63,63,63,63,63,63,63,63,63,63,63,63,63,63,63,63,65,65,65,65,65,65,67,71,73,73,73,73,73,73,73,73,73,73,73,82,82,82,82,82],"card_choices":[{"not_picked":["Acrobatics","Bane"],"picked":"Predator","floor":1.0},{"not_picked":["Acrobatics","Blade Dance","Poisoned Stab"],"picked":"SKIP","floor":3.0},{"not_picked":["Underhanded Strike","Acrobatics","Deflect"],"picked":"SKIP","floor":10.0},{"not_picked":["Prepared","Slice","PiercingWail"],"picked":"SKIP","floor":11.0},{"not_picked":["Blade Dance","Underhanded Strike","Quick Slash"],"picked":"SKIP","floor":14.0},{"not_picked":["Doppelganger","Grand Finale"],"picked":"Corpse Explosion","floor":16.0},{"not_picked":["Bane","Flying Knee+1"],"picked":"Leg Sweep","floor":18.0},{"not_picked":["Acrobatics","Slice"],"picked":"Expertise+1","floor":19.0},{"not_picked":["Wraith Form v2","Caltrops+1"],"picked":"Backstab","floor":21.0},{"not_picked":["Underhanded Strike+1","Sucker Punch","Acrobatics+1"],"picked":"SKIP","floor":22.0},{"not_picked":["Concentrate+1","Acrobatics"],"picked":"Backflip+1","floor":24.0},{"not_picked":["Flechettes","Setup","Poisoned Stab"],"picked":"Singing Bowl","floor":27.0},{"not_picked":["Quick Slash","All Out Attack"],"picked":"Bane","floor":31.0},{"not_picked":["Storm of Steel","Envenom","Unload"],"picked":"Singing Bowl","floor":33.0},{"not_picked":["Bane","Cloak And Dagger+1"],"picked":"Catalyst","floor":34.0},{"not_picked":["Blade Dance","Dagger Spray"],"picked":"Backflip","floor":34.0},{"not_picked":["Expertise","Bane+1"],"picked":"Terror","floor":34.0},{"not_picked":["Bane","Escape Plan","Prepared"],"picked":"Singing Bowl","floor":34.0},{"not_picked":["Deflect+1","Outmaneuver","Deadly Poison"],"picked":"Singing Bowl","floor":34.0},{"not_picked":["PiercingWail+1","Concentrate+1","Choke+1"],"picked":"Singing Bowl","floor":35.0},{"not_picked":["Phantasmal Killer","Dodge and Roll+1"],"picked":"Backflip+1","floor":36.0},{"not_picked":["Riddle With Holes","Finisher+1"],"picked":"Backflip","floor":37.0},{"not_picked":["Setup+1","Cloak And Dagger+1"],"picked":"Backflip+1","floor":39.0},{"not_picked":["Slice","Blade Dance"],"picked":"Noxious Fumes","floor":40.0},{"not_picked":["Deflect","Dodge and Roll+1","Outmaneuver"],"picked":"Singing Bowl","floor":46.0},{"not_picked":["Flechettes","Bane"],"picked":"Burst","floor":48}],"player_experience":267223,"relics_obtained":[{"floor":9.0,"key":"Turnip"},{"floor":19.0,"key":"Red Mask"},{"floor":26.0,"key":"Singing Bowl"},{"floor":27.0,"key":"Shuriken"},{"floor":37.0,"key":"Calipers"},{"floor":40.0,"key":"Darkstone Periapt"},{"floor":43.0,"key":"Regal Pillow"},{"floor":46.0,"key":"Strawberry"}],"event_choices":[{"cards_removed":["Strike_G"],"damage_healed":0.0,"max_hp_gain":0.0,"max_hp_loss":0.0,"gold_gain":0.0,"event_name":"Living Wall","player_choice":"Forget","floor":4.0,"gold_loss":0.0,"damage_taken":0.0},{"damage_healed":0.0,"max_hp_gain":0.0,"max_hp_loss":0.0,"gold_gain":0.0,"event_name":"WeMeetAgain","player_choice":"Ignored","floor":7.0,"gold_loss":0.0,"damage_taken":0.0},{"damage_healed":0.0,"max_hp_gain":0.0,"max_hp_loss":0.0,"gold_gain":75.0,"event_name":"FaceTrader","player_choice":"Touch","floor":13.0,"gold_loss":0.0,"damage_taken":6.0},{"damage_healed":0.0,"max_hp_gain":0.0,"max_hp_loss":0.0,"gold_gain":0.0,"event_name":"Masked Bandits","player_choice":"Fought Bandits","floor":19.0,"gold_loss":0.0,"damage_taken":0.0},{"cards_removed":["Strike_G"],"damage_healed":0.0,"max_hp_gain":0.0,"max_hp_loss":0.0,"gold_gain":0.0,"event_name":"Purifier","player_choice":"Purged","floor":29.0,"gold_loss":0.0,"damage_taken":0.0},{"damage_healed":0.0,"max_hp_gain":0.0,"max_hp_loss":0.0,"gold_gain":0.0,"event_name":"MindBloom","player_choice":"Fight","floor":37.0,"gold_loss":0.0,"damage_taken":0.0},{"damage_healed":0.0,"max_hp_gain":0.0,"max_hp_loss":0.0,"gold_gain":0.0,"event_name":"The Woman in Blue","player_choice":"Bought 2 Potions","floor":41.0,"gold_loss":0.0,"damage_taken":0.0}],"is_beta":false,"boss_relics":[{"not_picked":["WristBlade","Runic Pyramid"],"picked":"Velvet Choker"},{"not_picked":["Ring of the Serpent","Coffee Dripper"],"picked":"Orrery"}],"items_purged_floors":[20,38,44],"is_endless":false,"potions_floor_spawned":[10,11,18,21,27,36,46,48],"ascension_level":9}