{"gold_per_floor":[109,109,34,34,34,65,81,81,81,81,99,117,147,147,147,147],"floor_reached":16,"playtime":366,"items_purged":[],"score":246,"play_id":"33e6ae4d-997d-40c5-bab6-bc323147e4cd","local_time":"20190718221018","is_ascension_mode":true,"campfire_choices":[{"data":"Armaments","floor":8,"key":"SMITH"},{"data":"Bash","floor":10,"key":"SMITH"},{"data":"Infernal Blade","floor":15,"key":"SMITH"}],"neow_cost":"NONE","seed_source_timestamp":523885144583400,"circlet_count":0,"master_deck":["AscendersBane","Strike_R","Strike_R","Strike_R","Strike_R","Defend_R","Defend_R+1","Defend_R","Defend_R","Bash+1","Seeing Red+1","Iron Wave","Armaments+1","Uppercut","Rampage","Infernal Blade+1","Injury"],"relics":["Burning Blood","NeowsBlessing","Pen Nib","Darkstone Periapt","Anchor","Golden Idol"],"potions_floor_usage":[13,13],"damage_taken":[{"damage":0,"enemies":"Small Slimes","floor":1,"turns":1},{"damage":0,"enemies":"3 Sentries","floor":6,"turns":2},{"damage":0,"enemies":"2 Louse","floor":7,"turns":1},{"damage":1,"enemies":"Cultist","floor":11,"turns":3},{"damage":2,"enemies":"Exordium Thugs","floor":12,"turns":5},{"damage":21,"enemies":"Lagavulin","floor":13,"turns":8},{"damage":73,"enemies":"Slime Boss","floor":16,"turns":7}],"seed_played":"-7885508179107366615","potions_obtained":[{"floor":1,"key":"Weak Potion"},{"floor":11,"key":"GamblersBrew"}],"is_trial":false,"path_per_floor":["M","?","?","$","?","E","M","R","T","R","M","M","E","?","R","B"],"character_chosen":"IRONCLAD","items_purchased":[],"campfire_rested":0,"item_purchase_floors":[],"current_hp_per_floor":[74,51,51,51,56,62,68,68,68,68,73,77,62,68,68,0],"gold":147,"neow_bonus":"THREE_ENEMY_KILL","is_prod":false,"is_daily":false,"chose_seed":false,"campfire_upgraded":3,"win_rate":0,"timestamp":1563480618,"path_taken":["M","?","?","$","?","E","M","R","T","R","M","M","E","?","R","BOSS"],"build_version":"2019-07-17","purchased_purges":0,"victory":false,"max_hp_per_floor":[75,75,75,75,80,80,80,80,80,80,80,80,80,86,86,86],"card_choices":[{"not_picked":["Body Slam","Heavy Blade"],"picked":"Seeing Red","floor":1},{"not_picked":["Bloodletting","Reckless Charge"],"picked":"Iron Wave","floor":6},{"not_picked":["Shrug It Off","Pommel Strike"],"picked":"Armaments","floor":7},{"not_picked":["Clash","Iron Wave"],"picked":"Uppercut","floor":11},{"not_picked":["Clash","Armaments"],"picked":"Rampage","floor":12},{"not_picked":["Clothesline","Blood for Blood"],"picked":"Infernal Blade","floor":13}],"player_experience":1678682,"relics_obtained":[{"floor":6,"key":"Pen Nib"},{"floor":9,"key":"Darkstone Periapt"},{"floor":13,"key":"Anchor"}],"event_choices":[{"damage_healed":0,"gold_gain":0,"player_choice":"Entered Light","damage_taken":23,"max_hp_gain":0,"max_hp_loss":0,"event_name":"Shining Light","floor":2,"gold_loss":0,"cards_upgraded":["Seeing Red","Defend_R"]},{"cards_removed":["Strike_R"],"damage_healed":0,"gold_gain":0,"player_choice":"Card Removal","damage_taken":0,"max_hp_gain":0,"max_hp_loss":0,"event_name":"The Cleric","floor":3,"gold_loss":75},{"damage_healed":0,"gold_gain":0,"player_choice":"Donut","damage_taken":0,"max_hp_gain":5,"max_hp_loss":0,"event_name":"Big Fish","floor":5,"gold_loss":0},{"damage_healed":0,"gold_gain":0,"player_choice":"Take Wound","damage_taken":0,"relics_obtained":["Golden Idol"],"max_hp_gain":0,"max_hp_loss":0,"event_name":"Golden Idol","floor":14,"gold_loss":0,"cards_obtained":["Injury"]}],"is_beta":false,"boss_relics":[],"items_purged_floors":[],"is_endless":false,"potions_floor_spawned":[1,11],"killed_by":"Slime Boss","ascension_level":17}