{"gold_per_floor":[115,115,125,178,194,194,225,225,251,170,170,170,170,5,5,126,126,140,140,158,183,203,203,223,257,257,276,320,159,159,183,183,304,304,317,317,331,136,154,154,179,179,179,204,239,84,103,137,137,137],"floor_reached":51,"playtime":3288,"items_purged":["Strike_G","Underhanded Strike","Prepared+1"],"score":1071,"play_id":"dd94ee75-4eed-49c7-b41c-995447f07c66","local_time":"20190928171919","is_ascension_mode":true,"campfire_choices":[{"data":"Predator","floor":6.0,"key":"SMITH"},{"data":"Malaise","floor":11.0,"key":"SMITH"},{"data":"Dagger Spray","floor":13.0,"key":"SMITH"},{"data":"Neutralize","floor":15.0,"key":"SMITH"},{"data":"Acrobatics","floor":23.0,"key":"SMITH"},{"floor":32.0,"key":"REST"},{"data":"Burst","floor":40,"key":"SMITH"},{"floor":42,"key":"REST"},{"floor":49,"key":"REST"}],"neow_cost":"NONE","seed_source_timestamp":0,"circlet_count":0,"master_deck":["Defend_G","Defend_G","Defend_G+1","Defend_G","Defend_G","Survivor","Neutralize+1","Dagger Spray+1","Predator+1","Malaise+1","Apotheosis+1","Acrobatics+1","Corpse Explosion","Noxious Fumes","Acrobatics","Bouncing Flask","Burst+1","Catalyst","Well Laid Plans","Dash+1","Blur","Leg Sweep","Dash"],"special_seed":0,"relics":["Snecko Eye","Happy Flower","Torii","Golden Idol","Dream Catcher","Calling Bell","War Paint","The Courier","Orichalcum","FossilizedHelix","Regal Pillow","Sozu","Bag of Preparation","Snake Skull","Shuriken"],"potions_floor_usage":[33,33,33,50],"damage_taken":[{"damage":1.0,"enemies":"Small Slimes","floor":1.0,"turns":5.0},{"damage":1.0,"enemies":"Jaw Worm","floor":3.0,"turns":3.0},{"damage":1.0,"enemies":"Cultist","floor":5.0,"turns":4.0},{"damage":17.0,"enemies":"Lagavulin","floor":7.0,"turns":6.0},{"damage":1.0,"enemies":"Slime Boss","floor":16.0,"turns":8.0},{"damage":0.0,"enemies":"Spheric Guardian","floor":18.0,"turns":3.0},{"damage":1.0,"enemies":"Shell Parasite","floor":20.0,"turns":7.0},{"damage":0.0,"enemies":"3 Cultists","floor":21.0,"turns":4.0},{"damage":1.0,"enemies":"Cultist and Chosen","floor":22.0,"turns":7.0},{"damage":0.0,"enemies":"Chosen and Byrds","floor":24.0,"turns":6.0},{"damage":10.0,"enemies":"Book of Stabbing","floor":25.0,"turns":5.0},{"damage":10.0,"enemies":"Snake Plant","floor":27.0,"turns":6.0},{"damage":22.0,"enemies":"Gremlin Leader","floor":28.0,"turns":13.0},{"damage":0.0,"enemies":"3 Cultists","floor":31.0,"turns":2.0},{"damage":1,"enemies":"Champ","floor":33,"turns":8},{"damage":11,"enemies":"3 Darklings","floor":35,"turns":2},{"damage":0,"enemies":"3 Shapes","floor":37,"turns":3},{"damage":11,"enemies":"3 Darklings","floor":39,"turns":3},{"damage":24,"enemies":"Jaw Worm Horde","floor":41,"turns":3},{"damage":1,"enemies":"Writhing Mass","floor":44,"turns":6},{"damage":6,"enemies":"Reptomancer","floor":45,"turns":6},{"damage":6,"enemies":"3 Darklings","floor":47,"turns":5},{"damage":0,"enemies":"Giant Head","floor":48,"turns":3},{"damage":18,"enemies":"Awakened One","floor":50,"turns":7}],"seed_played":"8298280539984495596","potions_obtained":[{"floor":7.0,"key":"FearPotion"},{"floor":16.0,"key":"Poison Potion"},{"floor":24.0,"key":"LiquidBronze"},{"floor":27.0,"key":"Poison Potion"},{"floor":33,"key":"LiquidBronze"}],"is_trial":false,"path_per_floor":["M","?","M","T","M","R","E","?","T","$","R","?","R","$","R","B",null,"M","?","M","M","M","R","M","E","T","M","E","$","?","M","R","B",null,"M","?","M","$","M","R","M","R","T","M","E","$","M","E","R","B",null],"character_chosen":"THE_SILENT","items_purchased":["Malaise","Apotheosis","Noxious Fumes","Acrobatics","Catalyst","Well Laid Plans","Blur"],"campfire_rested":3,"item_purchase_floors":[10,14,29,29,38,38,46],"current_hp_per_floor":[62,67,66,66,65,65,48,48,48,48,48,48,48,48,48,47,64,64,64,63,63,62,62,62,52,52,42,20,20,20,20,55,54,65,54,54,54,54,43,43,19,54,54,53,47,47,41,41,69,51],"gold":137,"neow_bonus":"BOSS_RELIC","is_prod":false,"is_daily":false,"chose_seed":false,"campfire_upgraded":6,"win_rate":0,"timestamp":1569716359,"path_taken":["M","?","M","?","M","R","E","?","T","$","R","?","R","$","R","BOSS","M","?","?","M","M","R","M","E","T","M","E","$","?","M","R","BOSS","M","?","M","$","M","R","M","R","T","M","E","$","M","E","R","BOSS"],"build_version":"2019-07-17","purchased_purges":3,"victory":true,"max_hp_per_floor":[70,75,75,75,75,75,75,69,69,69,69,69,69,69,69,69,69,69,69,69,69,69,69,69,69,69,69,69,69,69,69,69,69,69,69,69,69,69,69,69,69,69,69,69,69,69,69,69,69,69],"card_choices":[{"not_picked":["Poisoned Stab","Deadly Poison"],"picked":"Dagger Spray","floor":1.0},{"not_picked":["Deflect","Eviscerate","Sucker Punch"],"picked":"SKIP","floor":3.0},{"not_picked":["Crippling Poison","Outmaneuver"],"picked":"Predator","floor":5.0},{"not_picked":["Quick Slash","Deflect","Prepared"],"picked":"SKIP","floor":7.0},{"not_picked":["Crippling Poison","Dagger Spray"],"picked":"Acrobatics","floor":18.0},{"not_picked":["Bane+1","Flying Knee+1","Deadly Poison"],"picked":"SKIP","floor":20.0},{"not_picked":["Blade Dance","Well Laid Plans"],"picked":"Underhanded Strike","floor":21.0},{"not_picked":["Skewer","Cloak And Dagger","Grand Finale"],"picked":"SKIP","floor":22.0},{"not_picked":["Quick Slash","Poisoned Stab+1","Slice"],"picked":"SKIP","floor":24.0},{"not_picked":["Distraction","Flying Knee","Calculated Gamble"],"picked":"SKIP","floor":25.0},{"not_picked":["Acrobatics","Infinite Blades","Concentrate"],"picked":"SKIP","floor":27.0},{"not_picked":["Acrobatics","Infinite Blades","Concentrate"],"picked":"SKIP","floor":27.0},{"not_picked":["Acrobatics","Infinite Blades","Concentrate"],"picked":"SKIP","floor":27.0},{"not_picked":["Skewer","Backstab+1"],"picked":"Corpse Explosion","floor":28.0},{"not_picked":["PiercingWail","Dodge and Roll","Endless Agony"],"picked":"SKIP","floor":31.0},{"not_picked":["Flying Knee","Noxious Fumes+1"],"picked":"Bouncing Flask","floor":32.0},{"not_picked":["Venomology","Malaise"],"picked":"Burst","floor":33},{"not_picked":["Slice+1","Prepared","Accuracy"],"picked":"SKIP","floor":35},{"not_picked":["PiercingWail+1","Underhanded Strike"],"picked":"Prepared+1","floor":37},{"not_picked":["Dagger Throw","Underhanded Strike+1","Eviscerate"],"picked":"SKIP","floor":39},{"not_picked":["Outmaneuver","Deflect","Sucker Punch"],"picked":"SKIP","floor":41},{"not_picked":["Distraction","PiercingWail+1","Riddle With Holes"],"picked":"SKIP","floor":44},{"not_picked":["Backstab","Grand Finale"],"picked":"Dash+1","floor":45},{"not_picked":["Deadly Poison+1","Backflip","Flying Knee+1"],"picked":"SKIP","floor":47},{"not_picked":["Outmaneuver+1","Expertise"],"picked":"Leg Sweep","floor":48},{"not_picked":["Riddle With Holes+1","Underhanded Strike+1"],"picked":"Dash","floor":49}],"player_experience":260510,"relics_obtained":[{"floor":4.0,"key":"Happy Flower"},{"floor":7.0,"key":"Torii"},{"floor":9.0,"key":"Dream Catcher"},{"floor":17.0,"key":"War Paint"},{"floor":17.0,"key":"The Courier"},{"floor":25.0,"key":"Orichalcum"},{"floor":26.0,"key":"FossilizedHelix"},{"floor":28.0,"key":"Regal Pillow"},{"floor":43,"key":"Bag of Preparation"},{"floor":45,"key":"Snake Skull"},{"floor":48,"key":"Shuriken"}],"event_choices":[{"damage_healed":0.0,"max_hp_gain":5.0,"max_hp_loss":0.0,"gold_gain":0.0,"event_name":"Big Fish","player_choice":"Donut","floor":2.0,"gold_loss":0.0,"damage_taken":0.0},{"damage_healed":0.0,"max_hp_gain":0.0,"max_hp_loss":6.0,"gold_gain":0.0,"event_name":"Golden Idol","player_choice":"Lose Max HP","floor":8.0,"gold_loss":0.0,"damage_taken":0.0,"relics_obtained":["Golden Idol"]},{"cards_removed":["Strike_G"],"damage_healed":0.0,"max_hp_gain":0.0,"max_hp_loss":0.0,"gold_gain":0.0,"event_name":"Living Wall","player_choice":"Forget","floor":12.0,"gold_loss":0.0,"damage_taken":0.0},{"cards_removed":["Strike_G"],"damage_healed":0.0,"max_hp_gain":0.0,"max_hp_loss":0.0,"gold_gain":0.0,"event_name":"Bonfire Elementals","player_choice":"Offered Basic","floor":19.0,"gold_loss":0.0,"damage_taken":0.0},{"cards_removed":["Strike_G"],"damage_healed":0.0,"max_hp_gain":0.0,"max_hp_loss":0.0,"gold_gain":0.0,"event_name":"Back to Basics","player_choice":"Elegance","floor":30.0,"gold_loss":0.0,"damage_taken":0.0},{"cards_removed":["Strike_G"],"damage_healed":0,"gold_gain":0,"player_choice":"Removed Attack","damage_taken":0,"max_hp_gain":0,"max_hp_loss":0,"event_name":"Falling","floor":36,"gold_loss":0}],"is_beta":false,"boss_relics":[{"not_picked":["Runic Pyramid","Busted Crown"],"picked":"Calling Bell"},{"not_picked":["Empty Cage","Lizard Tail"],"picked":"Sozu"}],"items_purged_floors":[29,38,46],"is_endless":false,"potions_floor_spawned":[7,16,24,25,27,31,33,35,37,47,48],"ascension_level":8}