{"gold_per_floor":[114,114,124,0,20,46,46,61,61,61,8,183,183,211,211,310,310,325,325,338,352,381,381,398,398,444,444,463,479,479,73,73,73],"floor_reached":33,"playtime":1553,"items_purged":["Strike_G","Strike_G"],"score":408,"play_id":"eacc771c-0ca0-4e76-bbf6-3d94d6f29b54","local_time":"20190224102819","is_ascension_mode":true,"campfire_choices":[{"data":"Neutralize","floor":7,"key":"SMITH"},{"data":"Footwork","floor":10,"key":"SMITH"},{"floor":13,"key":"REST"},{"floor":15,"key":"REST"},{"floor":23,"key":"REST"},{"data":"After Image","floor":25,"key":"SMITH"},{"data":"Leg Sweep","floor":27,"key":"SMITH"},{"floor":32,"key":"REST"}],"neow_cost":"NONE","seed_source_timestamp":369016746200200,"circlet_count":0,"master_deck":["AscendersBane","Defend_G","Defend_G","Defend_G","Defend_G","Defend_G","Strike_G","Strike_G","Survivor","Neutralize+1","Footwork+1","Dash","Escape Plan","Sucker Punch+1","Leg Sweep+1","Dagger Spray+1","Quick Slash+1","After Image+1","Deflect","Poisoned Stab+1","Poisoned Stab+1","Blur","Finisher+1","Poisoned Stab+1","Deflect"],"relics":["Ring of the Serpent","Molten Egg 2","Letter Opener","Centennial Puzzle","Red Mask","Snake Skull","Ice Cream"],"potions_floor_usage":[6,6,16,16,21,22,28,33,33],"damage_taken":[{"damage":4,"enemies":"Small Slimes","floor":1,"turns":5},{"damage":0,"enemies":"2 Louse","floor":3,"turns":5},{"damage":0,"enemies":"Jaw Worm","floor":5,"turns":5},{"damage":30,"enemies":"Lagavulin","floor":6,"turns":11},{"damage":0,"enemies":"Looter","floor":8,"turns":4},{"damage":21,"enemies":"Gremlin Nob","floor":14,"turns":6},{"damage":7,"enemies":"The Guardian","floor":16,"turns":13},{"damage":24,"enemies":"Spheric Guardian","floor":18,"turns":12},{"damage":7,"enemies":"Chosen","floor":20,"turns":9},{"damage":16,"enemies":"Snake Plant","floor":21,"turns":5},{"damage":34,"enemies":"Masked Bandits","floor":22,"turns":6},{"damage":0,"enemies":"Chosen and Byrds","floor":24,"turns":9},{"damage":3,"enemies":"Shelled Parasite and Fungi","floor":28,"turns":7},{"damage":15,"enemies":"Snake Plant","floor":29,"turns":6},{"damage":42,"enemies":"Collector","floor":33,"turns":7}],"seed_played":"-8735289076834830470","potions_obtained":[{"floor":3,"key":"FearPotion"},{"floor":8,"key":"Strength Potion"},{"floor":14,"key":"Explosive Potion"},{"floor":16,"key":"Fire Potion"},{"floor":21,"key":"Fire Potion"},{"floor":24,"key":"AttackPotion"},{"floor":28,"key":"LiquidBronze"},{"floor":29,"key":"Block Potion"}],"is_trial":false,"path_per_floor":["M","?","M","$","M","E","R","M","T","R","$","?","R","E","R","B",null,"M","?","M","M","?","R","M","R","T","R","M","M","?","$","R","B"],"character_chosen":"THE_SILENT","items_purchased":["Energy Potion","Dagger Spray+1","Ice Cream"],"campfire_rested":4,"item_purchase_floors":[4,11,31],"current_hp_per_floor":[66,59,59,59,59,29,29,29,29,29,29,29,52,31,54,47,70,46,71,64,48,14,37,37,37,37,37,34,19,19,19,42,0],"gold":73,"neow_bonus":"TEN_PERCENT_HP_BONUS","is_prod":false,"is_daily":false,"chose_seed":false,"campfire_upgraded":4,"win_rate":0,"timestamp":1551000499,"path_taken":["M","?","M","$","M","E","R","M","T","R","$","?","R","E","R","BOSS","M","?","M","M","?","R","M","R","T","R","?","M","?","$","R","BOSS"],"build_version":"2019-01-23","purchased_purges":2,"victory":false,"max_hp_per_floor":[77,77,77,77,77,77,77,77,77,77,77,77,77,77,77,77,77,77,77,77,77,77,77,77,77,77,77,77,77,77,77,77,77],"card_choices":[{"not_picked":["Slice","Backstab"],"picked":"Footwork","floor":1},{"not_picked":["Flechettes","Sucker Punch"],"picked":"Dash","floor":3},{"not_picked":["PiercingWail","Outmaneuver"],"picked":"Escape Plan","floor":5},{"not_picked":["Catalyst","All Out Attack"],"picked":"Sucker Punch","floor":6},{"not_picked":["PiercingWail","Tactician"],"picked":"Leg Sweep","floor":8},{"not_picked":["Dagger Throw+1","PiercingWail"],"picked":"Quick Slash+1","floor":14},{"not_picked":["Unload+1","Night Terror"],"picked":"After Image","floor":16},{"not_picked":["PiercingWail","Bane+1"],"picked":"Deflect","floor":18},{"not_picked":["Cloak And Dagger","Catalyst"],"picked":"Poisoned Stab+1","floor":20},{"not_picked":["Sucker Punch+1","Cloak And Dagger"],"picked":"Poisoned Stab+1","floor":21},{"not_picked":["Deflect","Sucker Punch+1"],"picked":"Blur","floor":22},{"not_picked":["All Out Attack+1","Eviscerate+1"],"picked":"Finisher+1","floor":24},{"not_picked":["Finisher+1","Quick Slash+1"],"picked":"Poisoned Stab+1","floor":28},{"not_picked":["Calculated Gamble","Riddle With Holes+1"],"picked":"Deflect","floor":29}],"player_experience":843990,"relics_obtained":[{"floor":6,"key":"Molten Egg 2"},{"floor":9,"key":"Letter Opener"},{"floor":14,"key":"Centennial Puzzle"},{"floor":22,"key":"Red Mask"},{"floor":26,"key":"Snake Skull"}],"event_choices":[{"cards_removed":["Strike_G"],"damage_healed":0,"gold_gain":0,"player_choice":"Card Removal","damage_taken":7,"max_hp_gain":0,"max_hp_loss":0,"event_name":"Golden Wing","floor":2,"gold_loss":0},{"damage_healed":0,"gold_gain":175,"player_choice":"AGREE","damage_taken":0,"max_hp_gain":0,"max_hp_loss":0,"event_name":"Liars Game","floor":12,"gold_loss":0,"cards_obtained":["Doubt"]},{"damage_healed":25,"gold_gain":0,"player_choice":"Heal","damage_taken":0,"max_hp_gain":0,"max_hp_loss":0,"event_name":"The Library","floor":19,"gold_loss":0},{"damage_healed":0,"gold_gain":0,"player_choice":"Fought Bandits","damage_taken":0,"max_hp_gain":0,"max_hp_loss":0,"event_name":"Masked Bandits","floor":22,"gold_loss":0},{"cards_removed":["Doubt"],"damage_healed":0,"gold_gain":0,"player_choice":"Purged","damage_taken":0,"max_hp_gain":0,"max_hp_loss":0,"event_name":"Purifier","floor":30,"gold_loss":0}],"is_beta":false,"boss_relics":[{"not_picked":["Lizard Tail","Eternal Feather"],"picked":"Ring of the Serpent"}],"items_purged_floors":[4,31],"is_endless":false,"potions_floor_spawned":[3,8,14,16,21,24,28,29],"killed_by":"Collector","ascension_level":12}