{"gold_per_floor":[119,130,130,130,150,150,34,68,95,113,113,143,68,86,86,158,158,171,171,183,233,252,252,252],"floor_reached":24,"playtime":1108,"items_purged":["Strike_B"],"score":412,"play_id":"0c7b65f5-b94b-418e-89a4-0c91f0087b5e","local_time":"20190704184651","is_ascension_mode":true,"campfire_choices":[{"floor":6.0,"key":"REST"},{"data":"Loop","floor":15,"key":"SMITH"},{"floor":23,"key":"REST"}],"neow_cost":"NONE","seed_source_timestamp":0,"circlet_count":0,"master_deck":["AscendersBane","Strike_B+1","Strike_B","Strike_B","Defend_B","Defend_B","Defend_B","Defend_B","Zap","Dualcast","Coolheaded","Capacitor+1","Storm","Loop+1","Steam","Conserve Battery","Self Repair","Decay","Steam","Reinforced Body","Creative AI","Ball Lightning","Glacier"],"special_seed":0,"relics":["Cracked Core","DataDisk","Blood Vial","Lantern","Potion Belt","Busted Crown"],"potions_floor_usage":[16,24,24],"damage_taken":[{"damage":5.0,"enemies":"Small Slimes","floor":1.0,"turns":3.0},{"damage":0.0,"enemies":"Cultist","floor":2.0,"turns":4.0},{"damage":5.0,"enemies":"2 Louse","floor":5.0,"turns":3.0},{"damage":19.0,"enemies":"Gremlin Nob","floor":8.0,"turns":4.0},{"damage":3,"enemies":"Exordium Wildlife","floor":10,"turns":4},{"damage":6,"enemies":"Lagavulin","floor":12,"turns":6},{"damage":0,"enemies":"2 Fungi Beasts","floor":14,"turns":4},{"damage":7,"enemies":"The Guardian","floor":16,"turns":11},{"damage":7,"enemies":"Chosen","floor":18,"turns":7},{"damage":22,"enemies":"Shell Parasite","floor":20,"turns":6},{"damage":27,"enemies":"Snake Plant","floor":22,"turns":6},{"damage":63,"enemies":"Gremlin Leader","floor":24,"turns":8}],"seed_played":"3135190030033750233","potions_obtained":[{"floor":1.0,"key":"SkillPotion"},{"floor":2.0,"key":"Block Potion"},{"floor":10,"key":"SkillPotion"},{"floor":20,"key":"AttackPotion"},{"floor":22,"key":"Poison Potion"}],"is_trial":false,"path_per_floor":["M","M","?","?","M","R","$","E","T","M","?","E","$","M","R","B",null,"M","?","M","?","M","R","E"],"character_chosen":"DEFECT","items_purchased":["Loop","Steam"],"campfire_rested":2,"item_purchase_floors":[7,7],"current_hp_per_floor":[59,59,38,38,33,54,54,35,35,34,34,37,37,39,39,41,64,66,66,53,53,35,56,0],"gold":252,"neow_bonus":"RANDOM_COMMON_RELIC","is_prod":false,"is_daily":false,"chose_seed":false,"campfire_upgraded":1,"win_rate":0,"timestamp":1562262411,"path_taken":["M","M","?","?","M","R","$","E","T","M","?","E","$","?","R","BOSS","M","?","M","?","M","R","E"],"build_version":"2019-07-01","purchased_purges":1,"victory":false,"max_hp_per_floor":[71,71,71,71,71,71,71,71,71,71,71,71,71,71,71,71,71,71,71,71,71,71,71,71],"card_choices":[{"not_picked":["Redo","Rip and Tear"],"picked":"Coolheaded","floor":1.0},{"not_picked":["Go for the Eyes","Blizzard"],"picked":"Capacitor","floor":2.0},{"not_picked":["Scrape","Sweeping Beam"],"picked":"Storm","floor":5.0},{"not_picked":["Leap","Barrage"],"picked":"Conserve Battery","floor":8.0},{"not_picked":["Redo","Conserve Battery"],"picked":"Self Repair","floor":10},{"not_picked":["Turbo","Streamline"],"picked":"Steam","floor":12},{"not_picked":["White Noise","Leap"],"picked":"Reinforced Body","floor":14},{"not_picked":["Fission","Buffer"],"picked":"Creative AI","floor":16},{"not_picked":[],"picked":"Ball Lightning","floor":18},{"not_picked":["FTL"],"picked":"SKIP","floor":20},{"not_picked":["Steam"],"picked":"SKIP","floor":22}],"player_experience":1129160,"relics_obtained":[{"floor":8.0,"key":"Blood Vial"},{"floor":9.0,"key":"Lantern"},{"floor":12,"key":"Potion Belt"}],"event_choices":[{"damage_healed":0.0,"max_hp_gain":0.0,"max_hp_loss":0.0,"gold_gain":0.0,"event_name":"Shining Light","player_choice":"Entered Light","floor":3.0,"gold_loss":0.0,"damage_taken":21.0,"cards_upgraded":["Capacitor","Strike_B"]},{"damage_healed":0.0,"max_hp_gain":0.0,"max_hp_loss":0.0,"gold_gain":0.0,"event_name":"Golden Idol","player_choice":"Ignored","floor":4.0,"gold_loss":0.0,"damage_taken":0.0},{"damage_healed":0,"gold_gain":0,"player_choice":"Cursed","damage_taken":0,"max_hp_gain":0,"max_hp_loss":0,"event_name":"Wheel of Change","floor":11,"gold_loss":0,"cards_obtained":["Decay"]},{"damage_healed":0,"gold_gain":0,"player_choice":"Read","damage_taken":0,"max_hp_gain":0,"max_hp_loss":0,"event_name":"The Library","floor":19,"gold_loss":0,"cards_obtained":["Glacier"]},{"damage_healed":0,"gold_gain":50,"player_choice":"Stole From Cult","damage_taken":0,"max_hp_gain":0,"max_hp_loss":0,"event_name":"Nest","floor":21,"gold_loss":0}],"is_beta":false,"boss_relics":[{"not_picked":["White Beast Statue","Runic Dome"],"picked":"Busted Crown"}],"items_purged_floors":[13],"is_endless":false,"potions_floor_spawned":[1,2,10,20,22],"killed_by":"Gremlin Leader","ascension_level":20}