{"gold_per_floor":[119,294,313,263,276,276,276,276,276,31,48,48,75,95,95,199,199,209,209,27,46,66,96,107,107,133,83,83,116,126,185,185,283,283,298,298,348,348,363,379,379,24,24,42,53,53,53,3,3,3],"floor_reached":50,"playtime":2781,"items_purged":["Doubt","Strike_R","Parasite","Normality","Regret"],"score":500,"play_id":"a614c557-0e62-4295-a810-d66f4a01c0af","local_time":"20190611160431","is_ascension_mode":false,"campfire_choices":[{"data":"Iron Wave","floor":6,"key":"SMITH"},{"floor":15,"key":"REST"},{"data":"Offering","floor":25,"key":"SMITH"},{"floor":28,"key":"REST"},{"floor":32,"key":"REST"},{"floor":41,"key":"REST"},{"floor":49,"key":"REST"}],"neow_cost":"NONE","seed_source_timestamp":220638492188006,"circlet_count":0,"master_deck":["Strike_R","Strike_R+1","Strike_R","Defend_R","Defend_R","Defend_R","Defend_R","Bash","Iron Wave+1","Spot Weakness+1","Intimidate","Panache","Anger","Flame Barrier","Offering+1","Iron Wave","Transmutation","Feel No Pain+1","Anger+1","Anger+1","Rampage+1","Demon Form","Mayhem","Clumsy"],"relics":["Burning Blood","Smiling Mask","Dodecahedron","Du-Vu Doll","Cursed Key","PreservedInsect","Centennial Puzzle","Happy Flower","Tiny Chest","Busted Crown","Ornamental Fan","Calipers","Frozen Egg 2"],"potions_floor_usage":[13,16,16,23,31,35,39,45,50],"damage_taken":[{"damage":6,"enemies":"Jaw Worm","floor":1,"turns":4},{"damage":2,"enemies":"Small Slimes","floor":3,"turns":4},{"damage":0,"enemies":"2 Louse","floor":5,"turns":4},{"damage":10,"enemies":"Looter","floor":11,"turns":3},{"damage":43,"enemies":"Lagavulin","floor":13,"turns":9},{"damage":7,"enemies":"Blue Slaver","floor":14,"turns":3},{"damage":29,"enemies":"Slime Boss","floor":16,"turns":8},{"damage":12,"enemies":"Shell Parasite","floor":18,"turns":4},{"damage":6,"enemies":"Chosen","floor":21,"turns":3},{"damage":10,"enemies":"Centurion and Healer","floor":22,"turns":4},{"damage":9,"enemies":"Gremlin Leader","floor":23,"turns":7},{"damage":9,"enemies":"3 Cultists","floor":24,"turns":5},{"damage":12,"enemies":"Slavers","floor":29,"turns":4},{"damage":14,"enemies":"Snake Plant","floor":30,"turns":4},{"damage":8,"enemies":"Book of Stabbing","floor":31,"turns":3},{"damage":53,"enemies":"Automaton","floor":33,"turns":7},{"damage":4,"enemies":"Orb Walker","floor":35,"turns":3},{"damage":30,"enemies":"3 Darklings","floor":39,"turns":5},{"damage":25,"enemies":"Transient","floor":40,"turns":5},{"damage":28,"enemies":"4 Shapes","floor":44,"turns":4},{"damage":29,"enemies":"3 Darklings","floor":45,"turns":4},{"damage":71,"enemies":"Donu and Deca","floor":50,"turns":8}],"seed_played":"-8709237024157029226","potions_obtained":[{"floor":1,"key":"GamblersBrew"},{"floor":3,"key":"BloodPotion"},{"floor":14,"key":"Strength Potion"},{"floor":22,"key":"Block Potion"},{"floor":24,"key":"Explosive Potion"},{"floor":31,"key":"Energy Potion"},{"floor":33,"key":"EntropicBrew"},{"floor":40,"key":"AttackPotion"},{"floor":44,"key":"BloodPotion"}],"is_trial":false,"path_per_floor":["M","?","M","$","M","R","?","?","T","$","M","$","E","M","R","B",null,"M","?","$","M","M","E","M","R","T","$","R","E","M","E","R","B",null,"M","?","T","T","M","M","R","$","T","M","M","T","?","$","R","B"],"character_chosen":"IRONCLAD","items_purchased":["Panache","Transmutation","Calipers"],"campfire_rested":5,"item_purchase_floors":[10,20,42],"current_hp_per_floor":[80,80,80,80,80,80,73,57,57,57,53,53,24,23,47,24,80,74,59,59,59,55,52,49,49,49,49,73,67,59,57,81,34,82,82,82,82,82,58,39,63,63,63,41,26,26,26,26,50,0],"gold":3,"neow_bonus":"RANDOM_COMMON_RELIC","is_prod":false,"is_daily":false,"chose_seed":false,"campfire_upgraded":2,"win_rate":0,"timestamp":1560283471,"path_taken":["M","?","M","$","M","R","?","?","T","$","M","?","E","M","R","BOSS","M","?","$","M","M","E","M","R","T","$","R","E","M","E","R","BOSS","M","?","?","?","M","M","R","?","T","M","M","?","?","$","R","BOSS"],"build_version":"2019-01-23","purchased_purges":5,"victory":false,"max_hp_per_floor":[80,80,80,80,80,80,80,80,80,80,80,80,80,80,80,80,80,80,85,85,85,85,85,85,85,85,82,82,82,82,82,82,82,82,82,82,82,82,82,82,82,82,82,82,82,82,82,82,82,82],"card_choices":[{"not_picked":["Evolve","Thunderclap"],"picked":"Iron Wave","floor":1},{"not_picked":["Clash","Body Slam"],"picked":"Spot Weakness","floor":3},{"not_picked":["Havoc","Reckless Charge"],"picked":"Intimidate","floor":5},{"not_picked":["Bloodletting","Wild Strike","Havoc"],"picked":"SKIP","floor":11},{"not_picked":["Carnage","Cleave"],"picked":"Anger","floor":13},{"not_picked":["Clothesline","Dropkick"],"picked":"Flame Barrier","floor":14},{"not_picked":["Juggernaut","Immolate"],"picked":"Offering","floor":16},{"not_picked":["True Grit+1","Headbutt"],"picked":"Iron Wave","floor":18},{"not_picked":["Shrug It Off","Shockwave"],"picked":"Feel No Pain+1","floor":21},{"not_picked":["Heavy Blade","Clothesline","Inflame"],"picked":"SKIP","floor":22},{"not_picked":["Perfected Strike+1","Cleave"],"picked":"Anger+1","floor":23},{"not_picked":["Sword Boomerang","Iron Wave"],"picked":"Anger+1","floor":24},{"not_picked":["Demon Form","True Grit"],"picked":"Rampage+1","floor":29},{"not_picked":["Headbutt","Second Wind+1","Feel No Pain+1"],"picked":"SKIP","floor":30},{"not_picked":["Thunderclap","Reckless Charge"],"picked":"Warcry","floor":31},{"not_picked":["Immolate","Barricade"],"picked":"Demon Form","floor":33},{"not_picked":["Shrug It Off"],"picked":"SKIP","floor":35},{"not_picked":[],"picked":"Mayhem","floor":36},{"not_picked":["Pommel Strike+1"],"picked":"SKIP","floor":39},{"not_picked":["Sword Boomerang"],"picked":"SKIP","floor":40},{"not_picked":["True Grit"],"picked":"SKIP","floor":44},{"not_picked":["Perfected Strike+1"],"picked":"SKIP","floor":45}],"player_experience":203706,"relics_obtained":[{"floor":9,"key":"Dodecahedron"},{"floor":13,"key":"Du-Vu Doll"},{"floor":23,"key":"PreservedInsect"},{"floor":26,"key":"Centennial Puzzle"},{"floor":29,"key":"Happy Flower"},{"floor":31,"key":"Tiny Chest"},{"floor":38,"key":"Ornamental Fan"},{"floor":43,"key":"Frozen Egg 2"}],"event_choices":[{"damage_healed":0,"gold_gain":175,"player_choice":"AGREE","damage_taken":0,"max_hp_gain":0,"max_hp_loss":0,"event_name":"Liars Game","floor":2,"gold_loss":0,"cards_obtained":["Doubt"]},{"cards_removed":["Strike_R"],"damage_healed":0,"gold_gain":0,"player_choice":"Card Removal","damage_taken":7,"max_hp_gain":0,"max_hp_loss":0,"event_name":"Golden Wing","floor":7,"gold_loss":0},{"damage_healed":0,"gold_gain":0,"player_choice":"Entered Light","damage_taken":16,"max_hp_gain":0,"max_hp_loss":0,"event_name":"Shining Light","floor":8,"gold_loss":0,"cards_upgraded":["Strike_R","Spot Weakness"]},{"damage_healed":0,"gold_gain":0,"player_choice":"Shed Blood","damage_taken":20,"max_hp_gain":5,"max_hp_loss":0,"event_name":"Forgotten Altar","floor":19,"gold_loss":0},{"damage_healed":0,"gold_gain":0,"player_choice":"Memory 1","damage_taken":0,"max_hp_gain":0,"max_hp_loss":0,"event_name":"SensoryStone","floor":36,"gold_loss":0},{"cards_removed":["Warcry"],"damage_healed":0,"gold_gain":0,"player_choice":"Removed Skill","damage_taken":0,"max_hp_gain":0,"max_hp_loss":0,"event_name":"Falling","floor":47,"gold_loss":0}],"is_beta":false,"boss_relics":[{"not_picked":["White Beast Statue","Eternal Feather"],"picked":"Cursed Key"},{"not_picked":["Black Blood","Astrolabe"],"picked":"Busted Crown"}],"items_purged_floors":[4,10,27,42,48],"is_endless":false,"potions_floor_spawned":[1,3,14,22,24,31,33,40,44],"killed_by":"Donu and Deca","ascension_level":0}