{"gold_per_floor":[117,136,149,149,174,174,197,197,197,236,236,261,261],"floor_reached":13,"playtime":377,"items_purged":[],"score":157,"play_id":"286d6e57-14c5-4cbb-8e6b-5fa1c1be988e","local_time":"20190630074550","is_ascension_mode":true,"campfire_choices":[{"data":"Bash","floor":6,"key":"SMITH"},{"data":"Armaments","floor":8,"key":"SMITH"},{"data":"Double Tap","floor":11,"key":"SMITH"}],"neow_cost":"PERCENT_DAMAGE","seed_source_timestamp":1064292462987399,"circlet_count":0,"master_deck":["AscendersBane","Strike_R","Strike_R+1","Strike_R+1","Defend_R","Defend_R","Defend_R","Defend_R","Bash+1","Fire Breathing","Second Wind","Pommel Strike","Injury","Armaments+1","Double Tap+1","Battle Trance"],"relics":["Burning Blood","Golden Idol","Pen Nib","Whetstone","Ornamental Fan"],"potions_floor_usage":[2,7,10,10,12],"damage_taken":[{"damage":2,"enemies":"Cultist","floor":1,"turns":4},{"damage":8,"enemies":"Jaw Worm","floor":2,"turns":6},{"damage":4,"enemies":"2 Louse","floor":3,"turns":4},{"damage":10,"enemies":"Red Slaver","floor":7,"turns":4},{"damage":2,"enemies":"Lagavulin","floor":10,"turns":7},{"damage":27,"enemies":"Gremlin Gang","floor":12,"turns":5},{"damage":47,"enemies":"Gremlin Nob","floor":13,"turns":4}],"seed_played":"7773789946946886557","potions_obtained":[{"floor":1,"key":"Energy Potion"},{"floor":2,"key":"Weak Potion"},{"floor":3,"key":"Weak Potion"},{"floor":7,"key":"SteroidPotion"},{"floor":12,"key":"Fruit Juice"}],"is_trial":false,"path_per_floor":["M","M","M","?","T","R","M","R","T","E","R","M","E"],"character_chosen":"IRONCLAD","items_purchased":[],"campfire_rested":0,"item_purchase_floors":[],"current_hp_per_floor":[54,52,54,54,54,54,50,50,50,54,54,38,0],"gold":261,"neow_bonus":"REMOVE_TWO","is_prod":false,"is_daily":false,"chose_seed":false,"campfire_upgraded":3,"win_rate":0,"timestamp":1561873550,"path_taken":["M","?","M","?","?","R","M","R","T","E","R","?","E"],"build_version":"2019-01-23","purchased_purges":0,"victory":false,"max_hp_per_floor":[75,75,75,75,75,75,75,75,75,75,75,80,80],"card_choices":[{"not_picked":["Havoc","Burning Pact"],"picked":"Fire Breathing","floor":1},{"not_picked":["Intimidate","Sever Soul"],"picked":"Second Wind","floor":2},{"not_picked":["Cleave","Perfected Strike"],"picked":"Pommel Strike","floor":3},{"not_picked":["Havoc","Corruption"],"picked":"Armaments","floor":7},{"not_picked":["Wild Strike","Thunderclap"],"picked":"Double Tap","floor":10},{"not_picked":["Perfected Strike","Armaments"],"picked":"Battle Trance","floor":12}],"player_experience":1516550,"relics_obtained":[{"floor":5,"key":"Pen Nib"},{"floor":9,"key":"Whetstone"},{"floor":10,"key":"Ornamental Fan"}],"event_choices":[{"damage_healed":0,"gold_gain":0,"player_choice":"Take Wound","damage_taken":0,"relics_obtained":["Golden Idol"],"max_hp_gain":0,"max_hp_loss":0,"event_name":"Golden Idol","floor":4,"gold_loss":0,"cards_obtained":["Injury"]}],"is_beta":false,"boss_relics":[],"items_purged_floors":[],"is_endless":false,"potions_floor_spawned":[1,2,3,7,12],"killed_by":"Gremlin Nob","ascension_level":17}