{"gold_per_floor":[16,33,49,60,60,85,85,113,136,136,136,149,23,42,42,42],"floor_reached":16,"playtime":694,"items_purged":["Injury"],"score":196,"play_id":"ae259adc-e096-4df4-94e5-3f04d6091ac4","local_time":"20190515194529","is_ascension_mode":true,"campfire_choices":[{"data":"Infernal Blade","floor":7,"key":"SMITH"},{"data":"Rampage","floor":10,"key":"SMITH"},{"floor":15,"key":"REST"}],"neow_cost":"NO_GOLD","seed_source_timestamp":160239588254500,"circlet_count":0,"master_deck":["AscendersBane","Strike_R","Strike_R+1","Strike_R","Defend_R","Defend_R","Defend_R","Defend_R","Bash","Infernal Blade+1","Reaper+1","Clothesline","Body Slam","Ghostly Armor","Rampage+1","Carnage","Headbutt","Seeing Red","True Grit","Armaments"],"relics":["Burning Blood","Darkstone Periapt","Blood Vial","Whetstone","Golden Idol"],"potions_floor_usage":[8,14,16],"damage_taken":[{"damage":10,"enemies":"Small Slimes","floor":1,"turns":3},{"damage":0,"enemies":"2 Louse","floor":2,"turns":2},{"damage":7,"enemies":"Jaw Worm","floor":3,"turns":3},{"damage":17,"enemies":"3 Louse","floor":4,"turns":4},{"damage":38,"enemies":"Gremlin Nob","floor":6,"turns":5},{"damage":35,"enemies":"Lagavulin","floor":8,"turns":6},{"damage":21,"enemies":"2 Fungi Beasts","floor":12,"turns":4},{"damage":16,"enemies":"Gremlin Gang","floor":14,"turns":5},{"damage":57,"enemies":"The Guardian","floor":16,"turns":7}],"seed_played":"-9137165149433405759","potions_obtained":[{"floor":6,"key":"Energy Potion"},{"floor":12,"key":"PowerPotion"},{"floor":14,"key":"Regen Potion"}],"is_trial":false,"path_per_floor":["M","M","M","M","?","E","R","E","T","R","?","M","$","M","R","B"],"character_chosen":"IRONCLAD","items_purchased":["True Grit"],"campfire_rested":1,"item_purchase_floors":[13],"current_hp_per_floor":[68,74,73,65,70,42,42,13,13,13,19,11,11,12,37,0],"gold":42,"neow_bonus":"TRANSFORM_TWO_CARDS","is_prod":false,"is_daily":false,"chose_seed":false,"campfire_upgraded":2,"win_rate":0,"timestamp":1557942329,"path_taken":["M","M","M","M","?","E","R","E","T","R","?","M","$","M","R","BOSS"],"build_version":"2019-01-23","purchased_purges":1,"victory":false,"max_hp_per_floor":[75,75,75,75,80,80,80,80,80,80,86,86,86,86,86,86],"card_choices":[{"not_picked":["True Grit","Sever Soul"],"picked":"Clothesline","floor":1},{"not_picked":["Cleave","Heavy Blade"],"picked":"Body Slam","floor":2},{"not_picked":["Iron Wave","Fire Breathing"],"picked":"Ghostly Armor","floor":3},{"not_picked":["Perfected Strike","Wild Strike"],"picked":"Rampage","floor":4},{"not_picked":["Thunderclap","Pummel"],"picked":"Carnage","floor":6},{"not_picked":["Pommel Strike","Body Slam"],"picked":"Headbutt","floor":8},{"not_picked":["True Grit","Sever Soul"],"picked":"Seeing Red","floor":12},{"not_picked":["Battle Trance","Havoc"],"picked":"Armaments","floor":14}],"player_experience":1097268,"relics_obtained":[{"floor":6,"key":"Darkstone Periapt"},{"floor":8,"key":"Blood Vial"},{"floor":9,"key":"Whetstone"}],"event_choices":[{"damage_healed":0,"gold_gain":0,"player_choice":"Donut","damage_taken":0,"max_hp_gain":5,"max_hp_loss":0,"event_name":"Big Fish","floor":5,"gold_loss":0},{"damage_healed":0,"gold_gain":0,"player_choice":"Take Wound","damage_taken":0,"relics_obtained":["Golden Idol"],"max_hp_gain":0,"max_hp_loss":0,"event_name":"Golden Idol","floor":11,"gold_loss":0,"cards_obtained":["Injury"]}],"is_beta":false,"boss_relics":[],"items_purged_floors":[13],"is_endless":false,"potions_floor_spawned":[6,12,14],"killed_by":"The Guardian","ascension_level":15}