{"gold_per_floor":[10,29,29,48,48,48,80,30,30,30,103,116,116,41,41,141,141,151,201,167,167,181,181,197,10,10,10,27,39,39,64,64,166,166,178,178,192,192],"floor_reached":38,"playtime":4295,"items_purged":["Strike_G"],"score":567,"play_id":"2ce89c41-6866-4f06-b3fe-edaaa90c6481","local_time":"20180804224601","is_ascension_mode":true,"campfire_choices":[{"data":"Neutralize","floor":6,"key":"SMITH"},{"data":"Crippling Poison","floor":10,"key":"SMITH"},{"data":"Blur","floor":13,"key":"SMITH"},{"data":"Dagger Throw","floor":15,"key":"SMITH"},{"floor":23,"key":"REST"},{"floor":27,"key":"REST"},{"floor":32,"key":"REST"}],"neow_cost":"NO_GOLD","seed_source_timestamp":1169285368627303,"circlet_count":0,"master_deck":["Defend_G","Defend_G","Defend_G","Defend_G","Defend_G","Strike_G+1","Strike_G","Survivor","Neutralize+1","Underhanded Strike+1","Dagger Throw+1","Blur+1","Escape Plan","PiercingWail","Crippling Poison+1","Noxious Fumes","Dash","Leg Sweep","Flying Knee+1","Catalyst","Bouncing Flask","Crippling Poison","A Thousand Cuts","Noxious Fumes+1","Tactician+1"],"relics":["Ring of the Snake","Singing Bowl","Blood Vial","Orrery","Regal Pillow","Lantern","Whetstone","HoveringKite"],"potions_floor_usage":[7,16,16,33,38],"damage_taken":[{"damage":0,"enemies":"2 Louse","floor":1,"turns":3},{"damage":0,"enemies":"Small Slimes","floor":2,"turns":4},{"damage":0,"enemies":"Jaw Worm","floor":4,"turns":3},{"damage":7,"enemies":"Lagavulin","floor":7,"turns":12},{"damage":0,"enemies":"Exordium Thugs","floor":12,"turns":5},{"damage":49,"enemies":"Slime Boss","floor":16,"turns":17},{"damage":13,"enemies":"Spheric Guardian","floor":18,"turns":5},{"damage":22,"enemies":"2 Thieves","floor":20,"turns":5},{"damage":19,"enemies":"Snake Plant","floor":22,"turns":6},{"damage":21,"enemies":"3 Cultists","floor":24,"turns":7},{"damage":7,"enemies":"Centurion and Healer","floor":28,"turns":8},{"damage":27,"enemies":"Cultist and Chosen","floor":29,"turns":9},{"damage":68,"enemies":"Automaton","floor":33,"turns":11},{"damage":0,"enemies":"3 Shapes","floor":35,"turns":5},{"damage":30,"enemies":"Flame Bruiser 1 Orb","floor":37,"turns":7},{"damage":43,"enemies":"Transient","floor":38,"turns":4}],"seed_played":"-804471914652374148","potions_obtained":[{"floor":4,"key":"Dexterity Potion"},{"floor":7,"key":"Energy Potion"},{"floor":16,"key":"Swift Potion"},{"floor":18,"key":"SteroidPotion"},{"floor":20,"key":"Poison Potion"},{"floor":33,"key":"LiquidBronze"}],"is_trial":false,"path_per_floor":["M","M","?","M","$","R","E","$","T","R","?","M","R","$","R","B",null,"M","?","M","?","M","R","M","$","T","R","M","M","$","T","R","B",null,"M","?","M"],"character_chosen":"THE_SILENT","items_purchased":["Fire Potion","Bouncing Flask","Regal Pillow"],"campfire_rested":3,"item_purchase_floors":[8,25,25],"current_hp_per_floor":[63,63,63,63,63,63,56,56,56,56,56,60,60,60,60,15,63,52,52,32,32,17,41,24,24,24,63,58,35,35,35,75,9,65,67,69,41,0],"gold":192,"neow_bonus":"TRANSFORM_TWO_CARDS","is_prod":false,"is_daily":false,"chose_seed":false,"campfire_upgraded":4,"win_rate":0,"timestamp":1533419161,"path_taken":["M","M","?","M","$","R","E","$","T","R","?","?","R","$","R","BOSS","M","?","?","?","M","R","M","$","T","R","M","M","$","?","R","BOSS","M","?","M","?"],"build_version":"2018-08-02","purchased_purges":1,"victory":false,"max_hp_per_floor":[70,70,70,70,70,70,70,70,70,70,70,72,72,72,72,74,78,78,78,78,78,80,80,82,82,82,82,82,84,84,84,84,84,84,84,86,86,86],"card_choices":[{"not_picked":["Quick Slash","Poisoned Stab"],"picked":"Blur","floor":1},{"not_picked":["Poisoned Stab","Quick Slash"],"picked":"Escape Plan","floor":2},{"not_picked":["Prepared","Flying Knee"],"picked":"PiercingWail","floor":4},{"not_picked":["Deflect","Dagger Spray"],"picked":"Crippling Poison","floor":7},{"not_picked":["Dodge and Roll","Dagger Spray","Expertise"],"picked":"Singing Bowl","floor":12},{"not_picked":["Bullet Time","Venomology","Wraith Form v2"],"picked":"Singing Bowl","floor":16},{"not_picked":["Concentrate","Dagger Throw"],"picked":"Noxious Fumes","floor":17},{"not_picked":["Deadly Poison","Concentrate"],"picked":"Dash","floor":17},{"not_picked":["Cloak And Dagger","Caltrops"],"picked":"Leg Sweep","floor":17},{"not_picked":["Riddle With Holes","Deflect","Dagger Spray"],"picked":"Singing Bowl","floor":17},{"not_picked":["Bane","Deflect","Dagger Spray"],"picked":"Singing Bowl","floor":17},{"not_picked":["Deadly Poison","Expertise"],"picked":"Flying Knee","floor":18},{"not_picked":["Distraction","Flechettes"],"picked":"Catalyst","floor":20},{"not_picked":["Underhanded Strike","Cloak And Dagger","Slice+1"],"picked":"Singing Bowl","floor":22},{"not_picked":["After Image","Flying Knee","Bane"],"picked":"Singing Bowl","floor":24},{"not_picked":["Concentrate","Catalyst"],"picked":"Crippling Poison","floor":28},{"not_picked":["Masterful Stab+1","Dodge and Roll","Quick Slash"],"picked":"Singing Bowl","floor":29},{"not_picked":["Grand Finale","Venomology"],"picked":"A Thousand Cuts","floor":33},{"not_picked":["Dodge and Roll+1","Slice+1"],"picked":"Noxious Fumes+1","floor":35},{"not_picked":["Dark Shackles","Good Instincts","Blind"],"picked":"Singing Bowl","floor":36},{"not_picked":["Finisher+1","Bane+1"],"picked":"Tactician+1","floor":37}],"player_experience":536777,"relics_obtained":[{"floor":7,"key":"Singing Bowl"},{"floor":9,"key":"Blood Vial"},{"floor":26,"key":"Lantern"},{"floor":31,"key":"Whetstone"}],"event_choices":[{"event_name":"Living Wall","player_choice":"Grow","floor":3,"damage_taken":0},{"event_name":"Golden Wing","player_choice":"Gained Gold","floor":11,"damage_taken":0},{"event_name":"The Joust","player_choice":"Bet on Murderer","floor":19,"damage_taken":0},{"event_name":"Beggar","player_choice":"Ignored","floor":21,"damage_taken":0},{"event_name":"SensoryStone","player_choice":"Memory 1","floor":36,"damage_taken":0}],"is_beta":false,"boss_relics":[{"not_picked":["Philosopher\u0027s Stone","Empty Cage"],"picked":"Orrery"},{"not_picked":["Snecko Eye","Velvet Choker"],"picked":"HoveringKite"}],"items_purged_floors":[14],"is_endless":false,"potions_floor_spawned":[4,7,16,18,20,33,35],"killed_by":"Transient","ascension_level":9}