{"gold_per_floor":[109,184,22,97,22,36,71,85,108,121,121,21,51,51,51,147,147,157,157,176,23,41,73,73,93,93,93,110,110,142,152,152,152],"floor_reached":33,"playtime":1217,"items_purged":["Strike_R","Strike_R"],"score":320,"play_id":"83a97b1f-c67e-4686-a881-dfa1dd97866e","local_time":"20190610185400","is_ascension_mode":false,"campfire_choices":[{"data":"Apotheosis","floor":11,"key":"SMITH"},{"data":"Whirlwind","floor":15,"key":"SMITH"},{"data":"Offering","floor":24,"key":"SMITH"},{"data":"Shrug It Off","floor":27,"key":"SMITH"},{"data":"Anger","floor":32,"key":"SMITH"}],"neow_cost":"NONE","seed_source_timestamp":145966990547563,"circlet_count":0,"master_deck":["Strike_R","Strike_R","Strike_R","Defend_R","Defend_R","Defend_R","Defend_R","Bash","Anger+1","Apotheosis+1","Shrug It Off+1","Anger","Whirlwind+1","Offering+1","Shrug It Off+1","Battle Trance+1"],"relics":["Burning Blood","NeowsBlessing","Regal Pillow","Pantograph","Coffee Dripper","Anchor","Orichalcum","Pear","Blood Vial"],"potions_floor_usage":[25,25,31],"damage_taken":[{"damage":0,"enemies":"Small Slimes","floor":1,"turns":1},{"damage":0,"enemies":"Cultist","floor":6,"turns":1},{"damage":0,"enemies":"Lagavulin","floor":7,"turns":1},{"damage":0,"enemies":"2 Louse","floor":8,"turns":2},{"damage":5,"enemies":"Blue Slaver","floor":10,"turns":4},{"damage":19,"enemies":"3 Sentries","floor":13,"turns":7},{"damage":60,"enemies":"The Guardian","floor":16,"turns":9},{"damage":18,"enemies":"Shell Parasite","floor":18,"turns":3},{"damage":6,"enemies":"Chosen","floor":20,"turns":3},{"damage":25,"enemies":"Sentry and Sphere","floor":22,"turns":5},{"damage":13,"enemies":"Slavers","floor":23,"turns":3},{"damage":8,"enemies":"Centurion and Healer","floor":25,"turns":8},{"damage":6,"enemies":"Snake Plant","floor":28,"turns":4},{"damage":12,"enemies":"Gremlin Leader","floor":30,"turns":6},{"damage":6,"enemies":"Snecko","floor":31,"turns":3},{"damage":98,"enemies":"Collector","floor":33,"turns":7}],"seed_played":"6010630975458833209","potions_obtained":[{"floor":1,"key":"EssenceOfSteel"},{"floor":7,"key":"Regen Potion"},{"floor":8,"key":"Explosive Potion"},{"floor":10,"key":"Regen Potion"},{"floor":18,"key":"SmokeBomb"},{"floor":25,"key":"Swift Potion"}],"is_trial":false,"path_per_floor":["M","?","$","?","$","M","E","M","T","M","R","$","E","$","R","B",null,"M","?","M","$","M","E","R","M","T","R","M","?","E","M","R","B"],"character_chosen":"IRONCLAD","items_purchased":["Apotheosis","Anchor"],"campfire_rested":0,"item_purchase_floors":[3,21],"current_hp_per_floor":[80,69,69,61,61,67,73,79,79,80,80,80,67,67,67,26,80,68,68,68,68,49,42,42,80,90,90,90,90,84,86,86,0],"gold":152,"neow_bonus":"THREE_ENEMY_KILL","is_prod":false,"is_daily":false,"chose_seed":false,"campfire_upgraded":5,"win_rate":0,"timestamp":1560207240,"path_taken":["M","?","$","?","$","M","E","?","T","M","R","$","E","?","R","BOSS","M","?","M","$","M","E","R","M","T","R","M","?","E","M","R","BOSS"],"build_version":"2019-01-23","purchased_purges":2,"victory":false,"max_hp_per_floor":[80,80,80,80,80,80,80,80,80,80,80,80,80,80,80,80,80,80,80,80,80,80,80,80,80,90,90,90,90,90,90,90,90],"card_choices":[{"not_picked":["Blood for Blood","Uppercut"],"picked":"Anger","floor":1},{"not_picked":["Sentinel","Thunderclap"],"picked":"Shrug It Off","floor":6},{"not_picked":["Combust","Rupture","Perfected Strike"],"picked":"SKIP","floor":7},{"not_picked":["True Grit","Wild Strike","Perfected Strike"],"picked":"SKIP","floor":8},{"not_picked":["Blood for Blood","Juggernaut"],"picked":"Anger","floor":10},{"not_picked":["Hemokinesis","Fire Breathing"],"picked":"Whirlwind","floor":13},{"not_picked":["Immolate","Limit Break"],"picked":"Offering","floor":16},{"not_picked":["Combust+1","Sword Boomerang","Havoc"],"picked":"SKIP","floor":18},{"not_picked":["Headbutt","Clothesline","Body Slam"],"picked":"SKIP","floor":20},{"not_picked":["Entrench","Armaments"],"picked":"Shrug It Off+1","floor":22},{"not_picked":["Sword Boomerang+1","Clash+1","Disarm"],"picked":"SKIP","floor":23},{"not_picked":["Clothesline","Iron Wave","Uppercut"],"picked":"SKIP","floor":25},{"not_picked":["Cleave","Clash","Flex"],"picked":"SKIP","floor":28},{"not_picked":["Wild Strike","Sever Soul","Barricade"],"picked":"SKIP","floor":30},{"not_picked":["Cleave","Clothesline"],"picked":"Battle Trance+1","floor":31}],"player_experience":198250,"relics_obtained":[{"floor":7,"key":"Regal Pillow"},{"floor":13,"key":"Pantograph"},{"floor":23,"key":"Orichalcum"},{"floor":26,"key":"Pear"},{"floor":30,"key":"Blood Vial"}],"event_choices":[{"damage_healed":0,"gold_gain":75,"player_choice":"Gather Gold","damage_taken":11,"max_hp_gain":0,"max_hp_loss":0,"event_name":"World of Goop","floor":2,"gold_loss":0},{"damage_healed":0,"gold_gain":75,"player_choice":"Touch","damage_taken":8,"max_hp_gain":0,"max_hp_loss":0,"event_name":"FaceTrader","floor":4,"gold_loss":0},{"damage_healed":0,"gold_gain":0,"player_choice":"Smashed Altar","damage_taken":0,"max_hp_gain":0,"max_hp_loss":0,"event_name":"Forgotten Altar","floor":19,"gold_loss":0,"cards_obtained":["Decay"]},{"cards_removed":["Decay"],"damage_healed":0,"gold_gain":0,"player_choice":"Removed Curses","damage_taken":0,"max_hp_gain":0,"max_hp_loss":0,"event_name":"Fountain of Cleansing","floor":29,"gold_loss":0}],"is_beta":false,"boss_relics":[{"not_picked":["Orrery","Black Blood"],"picked":"Coffee Dripper"}],"items_purged_floors":[5,12],"is_endless":false,"potions_floor_spawned":[1,7,8,10,16,18,22,25],"killed_by":"Collector","ascension_level":0}