{"gold_per_floor":[109,109,123,139,157,157,169,169,193,193,213,213,233,266,266,341,341,361,375,59,72,72],"floor_reached":22,"playtime":1203,"items_purged":["Strike_B"],"score":480,"play_id":"b62d4347-fcda-41c2-acd7-836435045c27","local_time":"20190724145617","is_ascension_mode":true,"campfire_choices":[{"data":"Zap","floor":6,"key":"SMITH"},{"data":"Barrage","floor":8,"key":"SMITH"},{"data":"Conserve Battery","floor":10,"key":"SMITH"},{"data":"Dualcast","floor":12,"key":"SMITH"},{"floor":15,"key":"REST"}],"neow_cost":"NONE","seed_source_timestamp":1185192097567486,"circlet_count":0,"master_deck":["AscendersBane","Strike_B","Strike_B","Strike_B","Defend_B","Defend_B","Defend_B","Defend_B","Zap+1","Dualcast+1","Conserve Battery+1","Leap","Capacitor","Coolheaded","Barrage+1","Core Surge","Beam Cell","Rainbow","Storm","All For One","FTL","Recycle"],"relics":["Runic Pyramid","Boot","Regal Pillow","Nuclear Battery"],"potions_floor_usage":[16,19,19],"damage_taken":[{"damage":0,"enemies":"2 Louse","floor":1,"turns":4},{"damage":0,"enemies":"Cultist","floor":3,"turns":5},{"damage":0,"enemies":"Jaw Worm","floor":4,"turns":4},{"damage":2,"enemies":"Exordium Wildlife","floor":5,"turns":6},{"damage":6,"enemies":"3 Louse","floor":7,"turns":5},{"damage":7,"enemies":"Large Slime","floor":11,"turns":5},{"damage":7,"enemies":"Blue Slaver","floor":13,"turns":3},{"damage":24,"enemies":"Gremlin Nob","floor":14,"turns":4},{"damage":0,"enemies":"The Guardian","floor":16,"turns":10},{"damage":4,"enemies":"Chosen","floor":18,"turns":5},{"damage":3,"enemies":"3 Byrds","floor":19,"turns":4},{"damage":15,"enemies":"Cultist and Chosen","floor":21,"turns":5},{"damage":62,"enemies":"3 Cultists","floor":22,"turns":4}],"seed_played":"-7708927325276669015","potions_obtained":[{"floor":2,"key":"Weak Potion"},{"floor":2,"key":"SpeedPotion"},{"floor":4,"key":"Energy Potion"},{"floor":5,"key":"Explosive Potion"},{"floor":13,"key":"PowerPotion"},{"floor":16,"key":"Regen Potion"}],"is_trial":false,"path_per_floor":["M","?","M","M","M","R","M","R","T","R","M","R","M","E","R","B",null,"M","M","$","M","M"],"character_chosen":"DEFECT","items_purchased":["All For One","FTL"],"campfire_rested":1,"item_purchase_floors":[20,20],"current_hp_per_floor":[64,64,64,64,62,62,56,56,56,56,49,49,42,18,54,54,67,63,71,71,56,0],"gold":72,"neow_bonus":"BOSS_RELIC","is_prod":false,"is_daily":false,"chose_seed":false,"campfire_upgraded":4,"win_rate":0,"timestamp":1563976577,"path_taken":["M","?","M","M","M","R","M","R","T","R","?","R","?","E","R","BOSS","M","?","$","?","M"],"build_version":"2019-07-17","purchased_purges":1,"victory":false,"max_hp_per_floor":[71,71,71,71,71,71,71,71,71,71,71,71,71,71,71,71,71,71,71,71,71,71],"card_choices":[{"not_picked":["Sweeping Beam","Storm"],"picked":"Conserve Battery","floor":1},{"not_picked":["Turbo","Storm"],"picked":"Leap","floor":3},{"not_picked":["Conserve Battery","Stack"],"picked":"Capacitor","floor":4},{"not_picked":["Fusion","Compile Driver"],"picked":"Coolheaded","floor":5},{"not_picked":["Double Energy","BootSequence"],"picked":"Barrage","floor":7},{"not_picked":["Streamline","Steam Power"],"picked":"Core Surge","floor":11},{"not_picked":["Cold Snap","Steam"],"picked":"Beam Cell","floor":13},{"not_picked":["Turbo","Storm","Barrage"],"picked":"SKIP","floor":14},{"not_picked":["Echo Form","Machine Learning"],"picked":"Rainbow","floor":16},{"not_picked":["Steam","Beam Cell+1"],"picked":"Storm","floor":18},{"not_picked":["Streamline","Redo","Scrape"],"picked":"SKIP","floor":19},{"not_picked":["Leap","Ball Lightning"],"picked":"Recycle","floor":21}],"player_experience":1189976,"relics_obtained":[{"floor":9,"key":"Boot"},{"floor":14,"key":"Regal Pillow"}],"event_choices":[{"damage_healed":0,"gold_gain":0,"player_choice":"Got Potions","damage_taken":0,"max_hp_gain":0,"max_hp_loss":0,"event_name":"Lab","floor":2,"gold_loss":0}],"is_beta":false,"boss_relics":[{"not_picked":["Empty Cage","Coffee Dripper"],"picked":"Nuclear Battery"}],"items_purged_floors":[20],"is_endless":false,"potions_floor_spawned":[3,4,5,13,16,18],"killed_by":"3 Cultists","ascension_level":20}