{"gold_per_floor":[113,113,63,63,73,73,73,148,148,69,69,95,106,106,106,210,210,228,228,114,114,130,130,157,157,157,157,189,189,205,218,218,316,316,330,259,259,273,29,64,64,95,95,95,0,0,15,29,29,29],"floor_reached":51,"playtime":2425,"items_purged":["Strike_G","Dagger Throw"],"score":1143,"play_id":"c0e0e866-0ff6-4829-9cce-3d93ada8113c","local_time":"20190929230156","is_ascension_mode":true,"campfire_choices":[{"data":"Dagger Spray","floor":6.0,"key":"SMITH"},{"data":"Noxious Fumes","floor":11.0,"key":"SMITH"},{"data":"Neutralize","floor":15.0,"key":"SMITH"},{"data":"Footwork","floor":23.0,"key":"SMITH"},{"data":"Bane","floor":27.0,"key":"SMITH"},{"data":"Bane","floor":29.0,"key":"SMITH"},{"data":"Sucker Punch","floor":32.0,"key":"SMITH"},{"data":"Footwork","floor":41,"key":"SMITH"},{"data":"Deflect","floor":44,"key":"SMITH"},{"data":"Dash","floor":49,"key":"SMITH"}],"neow_cost":"NONE","seed_source_timestamp":865248179150811,"circlet_count":0,"master_deck":["AscendersBane","Survivor","Neutralize+1","Dagger Spray+1","Noxious Fumes+1","Bane+1","Footwork+1","Ghostly","Ghostly","Ghostly","Ghostly","Ghostly","Bane+1","Sucker Punch+1","Footwork+1","Tools of the Trade","Adrenaline","Finesse","Deflect+1","Terror","Escape Plan","Bouncing Flask+1","Infinite Blades+1","Dash+1"],"special_seed":0,"relics":["Velvet Choker","Pantograph","Mummified Hand","Runic Pyramid","Boot","PreservedInsect","Potion Belt","Shuriken","Pandora\u0027s Box","Dream Catcher","The Courier","Blue Candle","Red Mask"],"potions_floor_usage":[50,50,50],"damage_taken":[{"damage":0.0,"enemies":"2 Louse","floor":1.0,"turns":4.0},{"damage":4.0,"enemies":"Small Slimes","floor":5.0,"turns":4.0},{"damage":7.0,"enemies":"Lagavulin","floor":12.0,"turns":7.0},{"damage":5.0,"enemies":"Jaw Worm","floor":13.0,"turns":4.0},{"damage":34.0,"enemies":"The Guardian","floor":16.0,"turns":11.0},{"damage":12.0,"enemies":"Shell Parasite","floor":18.0,"turns":8.0},{"damage":0.0,"enemies":"Chosen","floor":22.0,"turns":7.0},{"damage":4.0,"enemies":"Slavers","floor":24.0,"turns":7.0},{"damage":0.0,"enemies":"Book of Stabbing","floor":28.0,"turns":6.0},{"damage":1.0,"enemies":"Centurion and Healer","floor":30.0,"turns":6.0},{"damage":1.0,"enemies":"Snecko","floor":31.0,"turns":5.0},{"damage":8.0,"enemies":"Collector","floor":33.0,"turns":10.0},{"damage":5.0,"enemies":"3 Darklings","floor":35.0,"turns":4.0},{"damage":1,"enemies":"Orb Walker","floor":38,"turns":4},{"damage":1,"enemies":"Giant Head","floor":40,"turns":6},{"damage":2,"enemies":"Reptomancer","floor":42,"turns":5},{"damage":2,"enemies":"Spire Growth","floor":47,"turns":5},{"damage":0,"enemies":"Maw","floor":48,"turns":7},{"damage":18,"enemies":"Donu and Deca","floor":50,"turns":9}],"seed_played":"1774558471284261599","potions_obtained":[{"floor":5.0,"key":"SpeedPotion"},{"floor":13.0,"key":"Explosive Potion"},{"floor":24.0,"key":"GhostInAJar"},{"floor":30.0,"key":"Swift Potion"},{"floor":31.0,"key":"Energy Potion"},{"floor":33.0,"key":"AttackPotion"},{"floor":40,"key":"Fire Potion"},{"floor":46,"key":"Poison Potion"},{"floor":46,"key":"PowerPotion"},{"floor":46,"key":"PowerPotion"}],"is_trial":false,"path_per_floor":["M","?","?","$","M","R","$","?","T","$","R","E","M","?","R","B",null,"M","?","$","?","M","R","E","?","T","R","E","R","M","M","R","B",null,"M","$","?","M","$","E","R","E","T","R","?","?","M","M","R","B",null],"character_chosen":"THE_SILENT","items_purchased":["Noxious Fumes","Footwork","Adrenaline","Terror","Escape Plan"],"campfire_rested":0,"item_purchase_floors":[10,20,36,39,39],"current_hp_per_floor":[63,68,68,68,64,64,64,53,53,53,53,46,41,41,41,32,64,52,52,52,37,37,37,33,33,33,33,33,33,32,31,31,29,35,30,30,30,29,29,28,28,26,26,26,26,26,24,24,24,19],"gold":29,"neow_bonus":"BOSS_RELIC","is_prod":false,"is_daily":false,"chose_seed":false,"campfire_upgraded":10,"win_rate":0,"timestamp":1569823316,"path_taken":["M","?","?","$","M","R","$","?","T","$","R","E","M","?","R","BOSS","M","?","$","?","M","R","E","?","T","R","E","R","?","M","R","BOSS","M","$","?","M","$","E","R","E","T","R","?","?","?","M","R","BOSS"],"build_version":"2019-07-17","purchased_purges":2,"victory":true,"max_hp_per_floor":[70,75,75,75,75,75,75,75,75,75,75,75,75,75,75,75,75,75,75,75,37,37,37,37,37,37,37,37,37,37,37,37,37,37,37,37,37,37,37,37,37,37,37,37,37,37,37,37,37,37],"card_choices":[{"not_picked":["Deadly Poison","Slice"],"picked":"Dagger Throw","floor":1.0},{"not_picked":["Acrobatics","Deadly Poison"],"picked":"Dagger Spray","floor":5.0},{"not_picked":["Storm of Steel","Dagger Throw"],"picked":"Bane","floor":12.0},{"not_picked":["Bane","Cloak And Dagger","Dagger Spray"],"picked":"SKIP","floor":13.0},{"not_picked":["Finisher","PiercingWail+1","Deadly Poison"],"picked":"SKIP","floor":18.0},{"not_picked":["Well Laid Plans","Poisoned Stab","Bane"],"picked":"SKIP","floor":22.0},{"not_picked":["Dagger Throw","Choke+1","Outmaneuver+1"],"picked":"SKIP","floor":24.0},{"not_picked":["Distraction","Well Laid Plans"],"picked":"Bane","floor":28.0},{"not_picked":["Acrobatics","Expertise"],"picked":"Sucker Punch","floor":30.0},{"not_picked":["Accuracy","PiercingWail"],"picked":"Footwork","floor":31.0},{"not_picked":["Bullet Time","Grand Finale"],"picked":"Tools of the Trade","floor":33.0},{"not_picked":["Dagger Throw+1","Expertise","PiercingWail+1"],"picked":"SKIP","floor":35.0},{"not_picked":["Purity","HandOfGreed"],"picked":"Finesse","floor":37},{"not_picked":["Poisoned Stab","Expertise+1"],"picked":"Deflect","floor":38},{"not_picked":["Bouncing Flask+1","Endless Agony+1","Underhanded Strike"],"picked":"SKIP","floor":40},{"not_picked":["Endless Agony+1","Underhanded Strike"],"picked":"Bouncing Flask+1","floor":40},{"not_picked":["Infinite Blades+1","PiercingWail","Cloak And Dagger"],"picked":"SKIP","floor":42},{"not_picked":["PiercingWail","Cloak And Dagger"],"picked":"Infinite Blades+1","floor":42},{"not_picked":["Masterful Stab+1","Blade Dance+1"],"picked":"Dash","floor":47},{"not_picked":["Cloak And Dagger+1","Sucker Punch+1","Dagger Spray+1"],"picked":"SKIP","floor":48}],"player_experience":270851,"relics_obtained":[{"floor":9.0,"key":"Pantograph"},{"floor":12.0,"key":"Mummified Hand"},{"floor":24.0,"key":"PreservedInsect"},{"floor":26.0,"key":"Potion Belt"},{"floor":28.0,"key":"Shuriken"},{"floor":40,"key":"Dream Catcher"},{"floor":42,"key":"The Courier"},{"floor":43,"key":"Blue Candle"}],"event_choices":[{"damage_healed":0.0,"max_hp_gain":5.0,"max_hp_loss":0.0,"gold_gain":0.0,"event_name":"Big Fish","player_choice":"Donut","floor":2.0,"gold_loss":0.0,"damage_taken":0.0},{"cards_removed":["Strike_G"],"damage_healed":0.0,"max_hp_gain":0.0,"max_hp_loss":0.0,"gold_gain":0.0,"event_name":"The Cleric","player_choice":"Card Removal","floor":3.0,"gold_loss":50.0,"damage_taken":0.0},{"damage_healed":0.0,"max_hp_gain":0.0,"max_hp_loss":0.0,"gold_gain":75.0,"event_name":"World of Goop","player_choice":"Gather Gold","floor":8.0,"gold_loss":0.0,"damage_taken":11.0},{"damage_healed":0.0,"max_hp_gain":0.0,"max_hp_loss":0.0,"gold_gain":0.0,"event_name":"Liars Game","player_choice":"Ignored","floor":14.0,"gold_loss":0.0,"damage_taken":0.0},{"damage_healed":0.0,"max_hp_gain":0.0,"max_hp_loss":0.0,"gold_gain":0.0,"event_name":"The Mausoleum","player_choice":"Opened","floor":19.0,"gold_loss":0.0,"damage_taken":0.0,"relics_obtained":["Boot"]},{"damage_healed":0.0,"max_hp_gain":0.0,"max_hp_loss":38.0,"gold_gain":0.0,"event_name":"Ghosts","player_choice":"Became a Ghost","floor":21.0,"gold_loss":0.0,"damage_taken":0.0,"cards_obtained":["Ghostly","Ghostly","Ghostly","Ghostly","Ghostly"]},{"cards_removed":["Strike_G"],"damage_healed":0.0,"max_hp_gain":0.0,"max_hp_loss":0.0,"gold_gain":0.0,"event_name":"Back to Basics","player_choice":"Elegance","floor":25.0,"gold_loss":0.0,"damage_taken":0.0},{"damage_healed":0,"gold_gain":0,"player_choice":"Memory 1","damage_taken":0,"max_hp_gain":0,"max_hp_loss":0,"event_name":"SensoryStone","floor":37,"gold_loss":0},{"damage_healed":0,"gold_gain":0,"player_choice":"Paid","damage_taken":0,"relics_obtained":["Red Mask"],"max_hp_gain":0,"max_hp_loss":0,"event_name":"Tomb of Lord Red Mask","floor":45,"gold_loss":95},{"damage_healed":0,"gold_gain":0,"player_choice":"Got Potions","damage_taken":0,"max_hp_gain":0,"max_hp_loss":0,"event_name":"Lab","floor":46,"gold_loss":0}],"is_beta":false,"boss_relics":[{"not_picked":["WristBlade","Runic Dome"],"picked":"Runic Pyramid"},{"not_picked":["HoveringKite","Tiny House"],"picked":"Pandora\u0027s Box"}],"items_purged_floors":[20,39],"is_endless":false,"potions_floor_spawned":[5,13,24,30,31,33,40,48],"ascension_level":10}