{"path_per_floor":["M","?","M","$","M","R","$","M","T","M","R","M","M","E","R","B",null,"M","M","M","M","M","R","M","R","T","$","M","R","?","?","R","B",null,"M","?","?","M","M","R"],"character_chosen":"IRONCLAD","items_purchased":["Dramatic Entrance","Shuriken","Offering"],"gold_per_floor":[119,119,134,44,63,63,63,80,155,166,166,178,189,219,219,316,316,306,324,336,349,368,368,386,386,410,28,40,40,40,40,40,136,136,150,150,150,169,182,182,182],"floor_reached":41,"campfire_rested":1,"playtime":2573,"current_hp_per_floor":[72,60,61,61,67,67,67,73,73,71,71,77,71,60,60,80,80,74,80,78,37,30,30,20,20,20,20,12,51,51,77,77,38,80,71,66,66,78,78,78,0],"items_purged":[],"gold":182,"score":399,"play_id":"a3de0aaa-63ae-417d-8247-94d456359726","local_time":"20180519195444","is_prod":false,"is_daily":false,"chose_seed":false,"is_ascension_mode":false,"campfire_upgraded":7,"timestamp":1526756084,"campfire_choices":[{"data":"Pommel Strike","floor":6,"key":"SMITH"},{"data":"Uppercut","floor":11,"key":"SMITH"},{"data":"Disarm","floor":15,"key":"SMITH"},{"data":"Double Tap","floor":23,"key":"SMITH"},{"data":"Dramatic Entrance","floor":25,"key":"SMITH"},{"floor":29,"key":"REST"},{"data":"Rage","floor":32,"key":"SMITH"},{"data":"Jack Of All Trades","floor":40,"key":"SMITH"}],"path_taken":["M","?","M","$","M","R","$","M","T","?","R","M","M","E","R","BOSS","M","M","M","?","M","R","M","R","T","?","M","R","?","?","R","BOSS","M","?","?","M","M","R","E"],"build_version":"2018-05-17","seed_source_timestamp":176204655275025,"purchased_purges":0,"victory":false,"master_deck":["Strike_R","Strike_R","Strike_R","Defend_R","Defend_R","Bash","Warcry","Rage+1","Dramatic Entrance+1","Pommel Strike+1","Uppercut+1","Metallicize","Disarm+1","Double Tap+1","Second Wind","Iron Wave+1","Shrug It Off","Feel No Pain","Offering","Inflame","Reaper","Limit Break","Feel No Pain+1","Perfected Strike+1","Metallicize+1","Jack Of All Trades+1","Finesse","Sentinel+1","Metallicize"],"max_hp_per_floor":[80,80,80,80,80,80,80,80,80,80,80,80,80,80,80,80,80,80,80,80,80,80,80,80,80,80,80,80,80,80,80,80,80,80,80,80,80,80,80,80,80],"relics":["Burning Blood","Regal Pillow","Pantograph","Dream Catcher","Mark of Pain","Juzu Bracelet","Shuriken","Astrolabe"],"card_choices":[{"not_picked":["Searing Blow","Anger"],"picked":"Warcry","floor":1},{"not_picked":["Cleave","Havoc"],"picked":"Rage","floor":3},{"not_picked":["Headbutt","Reckless Charge"],"picked":"Pommel Strike","floor":5},{"not_picked":["Corruption","Metallicize"],"picked":"Uppercut","floor":8},{"not_picked":["Shrug It Off","Battle Trance"],"picked":"Metallicize","floor":10},{"not_picked":["Pummel","Entrench","Burning Pact"],"picked":"SKIP","floor":12},{"not_picked":["Cleave","Warcry","Anger"],"picked":"SKIP","floor":13},{"not_picked":["Warcry","Clash"],"picked":"Disarm","floor":14},{"not_picked":["Immolate","Impervious"],"picked":"Double Tap","floor":16},{"not_picked":["Pommel Strike","Armaments","Anger"],"picked":"SKIP","floor":18},{"not_picked":["Dual Wield","Combust"],"picked":"Second Wind","floor":19},{"not_picked":["Anger","Rage","Sword Boomerang"],"picked":"SKIP","floor":20},{"not_picked":["Infernal Blade+1","Entrench+1"],"picked":"Iron Wave+1","floor":21},{"not_picked":["Iron Wave","Headbutt"],"picked":"Shrug It Off","floor":22},{"not_picked":["Armaments+1","Blood for Blood"],"picked":"Feel No Pain","floor":24},{"not_picked":["Body Slam+1","Cleave"],"picked":"Inflame","floor":28},{"not_picked":["Clash","Disarm+1"],"picked":"Reaper","floor":29},{"not_picked":["Feed","Double Tap"],"picked":"Limit Break","floor":33},{"not_picked":["Bloodletting+1","Shrug It Off"],"picked":"Corruption+1","floor":35},{"not_picked":["Transmutation","Bandage Up"],"picked":"Jack Of All Trades","floor":36},{"not_picked":["Blind","Deep Breath"],"picked":"Finesse","floor":36},{"not_picked":["Cleave+1","Wild Strike"],"picked":"Sentinel+1","floor":38},{"not_picked":["Clash+1","Rampage"],"picked":"Metallicize","floor":39}],"player_experience":328362,"potions_floor_usage":[33,33,33,41],"damage_taken":[{"damage":14,"enemies":"Small Slimes","floor":1,"turns":4},{"damage":5,"enemies":"2 Louse","floor":3,"turns":3},{"damage":0,"enemies":"Cultist","floor":5,"turns":2},{"damage":0,"enemies":"Lots of Slimes","floor":8,"turns":3},{"damage":8,"enemies":"Red Slaver","floor":10,"turns":4},{"damage":0,"enemies":"Looter","floor":12,"turns":2},{"damage":12,"enemies":"Large Slime","floor":13,"turns":4},{"damage":17,"enemies":"Lagavulin","floor":14,"turns":6},{"damage":6,"enemies":"The Guardian","floor":16,"turns":14},{"damage":12,"enemies":"2 Thieves","floor":18,"turns":4},{"damage":0,"enemies":"3 Byrds","floor":19,"turns":5},{"damage":8,"enemies":"Snecko","floor":20,"turns":6},{"damage":47,"enemies":"Slaver and Parasite","floor":21,"turns":9},{"damage":13,"enemies":"Snake Plant","floor":22,"turns":6},{"damage":16,"enemies":"Cultist and Chosen","floor":24,"turns":9},{"damage":14,"enemies":"Snecko","floor":28,"turns":5},{"damage":48,"enemies":"Collector","floor":33,"turns":12},{"damage":35,"enemies":"3 Darklings","floor":35,"turns":7},{"damage":12,"enemies":"3 Shapes","floor":38,"turns":7},{"damage":42,"enemies":"3 Darklings","floor":39,"turns":7},{"damage":90,"enemies":"2 Orb Walkers","floor":41,"turns":8}],"relics_obtained":[{"floor":9,"key":"Pantograph"},{"floor":14,"key":"Dream Catcher"},{"floor":26,"key":"Juzu Bracelet"}],"event_choices":[{"event_name":"Scrap Ooze","player_choice":"success","floor":2,"damage_taken":12},{"event_name":"Beggar","player_choice":"Ignored","floor":30,"damage_taken":0},{"event_name":"The Library","player_choice":"Heal","floor":31,"damage_taken":0},{"event_name":"SensoryStone","player_choice":"Memory 2","floor":36,"damage_taken":0}],"boss_relics":[{"not_picked":["Black Star","Pandora\u0027s Box"],"picked":"Mark of Pain"},{"not_picked":["Philosopher\u0027s Stone","Orrery"],"picked":"Astrolabe"}],"potions_floor_spawned":[1,3,12,14,16,18,20,22,28,33,39],"seed_played":"-8121427942644516749","killed_by":"2 Orb Walkers","ascension_level":0,"potions_obtained":[{"floor":1,"key":"Fire Potion"},{"floor":3,"key":"EssenceOfSteel"},{"floor":12,"key":"Weak Potion"},{"floor":14,"key":"GamblersBrew"},{"floor":16,"key":"Strength Potion"},{"floor":33,"key":"Dexterity Potion"},{"floor":39,"key":"Swift Potion"}],"is_trial":false}