{"path_per_floor":["M","M","M","$","M","E","M","R","T","M","R","?","M","M","R","B",null,"M","M","?","?","?","R","E","M","T","R","?","M","R","$","R","B",null,"M","$","?","?","?","E","$","E","T","R","$","M","R","M","R","B"],"character_chosen":"IRONCLAD","items_purchased":["Feed","Lantern","Swift Strike","Omamori","Flash of Steel","Bandage Up"],"gold_per_floor":[113,133,146,79,93,122,136,136,136,156,156,207,218,231,231,326,326,346,363,363,363,363,363,398,412,412,412,412,429,429,174,174,276,276,296,43,43,43,43,73,73,106,106,106,19,32,32,42,42,42],"floor_reached":51,"campfire_rested":0,"playtime":2564,"current_hp_per_floor":[80,80,80,80,80,67,71,71,71,80,80,80,85,90,90,82,90,98,101,101,80,80,80,66,64,71,71,71,73,73,73,73,22,118,122,122,107,107,107,107,107,88,88,88,88,91,91,105,105,49],"items_purged":[],"gold":42,"score":800,"play_id":"26ec747c-d2dc-4139-856a-f967cd6d060e","local_time":"20180520020411","is_prod":false,"is_daily":false,"chose_seed":false,"is_ascension_mode":false,"campfire_upgraded":10,"timestamp":1526778251,"campfire_choices":[{"data":"Feed","floor":8,"key":"SMITH"},{"data":"Inflame","floor":11,"key":"SMITH"},{"data":"Flame Barrier","floor":15,"key":"SMITH"},{"data":"Flex","floor":23,"key":"SMITH"},{"data":"Metallicize","floor":27,"key":"SMITH"},{"data":"Bash","floor":30,"key":"SMITH"},{"data":"Swift Strike","floor":32,"key":"SMITH"},{"data":"Thunderclap","floor":44,"key":"SMITH"},{"data":"Uppercut","floor":47,"key":"SMITH"},{"data":"Dark Embrace","floor":49,"key":"SMITH"}],"path_taken":["M","M","M","$","?","E","M","R","T","M","R","?","M","M","R","BOSS","M","M","?","?","?","R","E","?","T","R","?","M","R","$","R","BOSS","M","$","?","?","?","E","$","E","T","R","$","?","R","M","R","BOSS"],"build_version":"2018-05-17","seed_source_timestamp":198373829065935,"purchased_purges":2,"victory":true,"master_deck":["Strike_R+1","Strike_R+1","Defend_R+1","Defend_R+1","Defend_R+1","Bash+1","Clothesline","Thunderclap+1","Feed+1","Inflame+1","Flame Barrier+1","Metallicize+1","Sword Boomerang","Brutality","Intimidate","Exhume","Flex+1","Shrug It Off","Corruption+1","Swift Strike+1","Bludgeon","Shockwave+1","Combust+1","Entrench+1","Rage+1","Flash of Steel","Madness","Madness","Dark Embrace+1","Shrug It Off+1","Bandage Up","Uppercut+1","Second Wind+1"],"max_hp_per_floor":[80,80,80,80,83,86,86,86,86,90,90,90,90,90,90,90,90,98,102,102,107,107,107,107,111,118,118,118,118,118,118,118,118,118,122,122,122,122,122,126,126,126,126,126,126,126,126,130,130,134],"relics":["Burning Blood","Boot","Torii","Thread and Needle","Sozu","Unceasing Top","Strawberry","Lantern","Astrolabe","Omamori","Darkstone Periapt","Bottled Flame","Toolbox"],"card_choices":[{"not_picked":["True Grit","Headbutt"],"picked":"Clothesline","floor":1},{"not_picked":["Sword Boomerang","Anger"],"picked":"Thunderclap","floor":2},{"not_picked":["Sword Boomerang","Wild Strike","Thunderclap"],"picked":"SKIP","floor":3},{"not_picked":["Wild Strike","Thunderclap"],"picked":"Sword Boomerang","floor":3},{"not_picked":["Wild Strike","Shrug It Off"],"picked":"Inflame","floor":5},{"not_picked":["Sword Boomerang","Searing Blow"],"picked":"Flame Barrier","floor":6},{"not_picked":["Wild Strike","Clash"],"picked":"Metallicize","floor":7},{"not_picked":["Headbutt","Thunderclap"],"picked":"Sword Boomerang","floor":10},{"not_picked":["Sword Boomerang","Reckless Charge"],"picked":"Brutality","floor":13},{"not_picked":["Shockwave","Burning Pact"],"picked":"Intimidate","floor":14},{"not_picked":["Impervious","Fiend Fire"],"picked":"Exhume","floor":16},{"not_picked":["Body Slam","Havoc"],"picked":"Flex","floor":18},{"not_picked":["Body Slam","Warcry","Infernal Blade"],"picked":"SKIP","floor":19},{"not_picked":["Double Tap","Shockwave"],"picked":"Corruption+1","floor":24},{"not_picked":["Clothesline","Cleave","Sever Soul"],"picked":"SKIP","floor":25},{"not_picked":["Burning Pact","Rampage","True Grit"],"picked":"SKIP","floor":29},{"not_picked":["Feed","Limit Break"],"picked":"Bludgeon","floor":33},{"not_picked":["Hemokinesis","Havoc+1"],"picked":"Rage+1","floor":35},{"not_picked":["Perfected Strike","Infernal Blade+1"],"picked":"Dark Embrace","floor":40},{"not_picked":["Blood for Blood","Feel No Pain"],"picked":"Shrug It Off+1","floor":42},{"not_picked":["Rage","Armaments"],"picked":"Uppercut","floor":46},{"not_picked":["Body Slam","Searing Blow"],"picked":"Second Wind+1","floor":48}],"player_experience":338239,"potions_floor_usage":[14,16,16,16,50],"damage_taken":[{"damage":6,"enemies":"Cultist","floor":1,"turns":3},{"damage":6,"enemies":"Jaw Worm","floor":2,"turns":3},{"damage":0,"enemies":"2 Louse","floor":3,"turns":3},{"damage":9,"enemies":"Blue Slaver","floor":5,"turns":3},{"damage":22,"enemies":"3 Sentries","floor":6,"turns":7},{"damage":2,"enemies":"Red Slaver","floor":7,"turns":5},{"damage":1,"enemies":"2 Fungi Beasts","floor":10,"turns":2},{"damage":1,"enemies":"Looter","floor":13,"turns":2},{"damage":0,"enemies":"Lots of Slimes","floor":14,"turns":1},{"damage":14,"enemies":"Hexaghost","floor":16,"turns":9},{"damage":5,"enemies":"3 Byrds","floor":18,"turns":4},{"damage":7,"enemies":"Shell Parasite","floor":19,"turns":4},{"damage":20,"enemies":"Book of Stabbing","floor":24,"turns":6},{"damage":12,"enemies":"Centurion and Healer","floor":25,"turns":7},{"damage":4,"enemies":"Snecko","floor":29,"turns":5},{"damage":57,"enemies":"Automaton","floor":33,"turns":8},{"damage":4,"enemies":"3 Shapes","floor":35,"turns":4},{"damage":10,"enemies":"Giant Head","floor":40,"turns":7},{"damage":25,"enemies":"Nemesis","floor":42,"turns":6},{"damage":7,"enemies":"3 Darklings","floor":46,"turns":4},{"damage":0,"enemies":"Sphere and 2 Shapes","floor":48,"turns":3},{"damage":70,"enemies":"Awakened One","floor":50,"turns":13}],"relics_obtained":[{"floor":6,"key":"Torii"},{"floor":9,"key":"Thread and Needle"},{"floor":24,"key":"Unceasing Top"},{"floor":26,"key":"Strawberry"},{"floor":40,"key":"Darkstone Periapt"},{"floor":42,"key":"Bottled Flame"},{"floor":43,"key":"Toolbox"}],"event_choices":[{"event_name":"Golden Wing","player_choice":"Gained Gold","floor":12,"damage_taken":0},{"event_name":"Vampires","player_choice":"Ignored","floor":20,"damage_taken":0},{"event_name":"Forgotten Altar","player_choice":"Shed Blood","floor":21,"damage_taken":0},{"event_name":"Transmorgrifier","player_choice":"Transform","floor":22,"damage_taken":0},{"event_name":"Back to Basics","player_choice":"Simplicity","floor":28,"damage_taken":0},{"event_name":"Winding Halls","player_choice":"Embrace Madness","floor":37,"damage_taken":0},{"event_name":"Accursed Blacksmith","player_choice":"Ignore","floor":39,"damage_taken":0}],"boss_relics":[{"not_picked":["Lizard Tail","Velvet Choker"],"picked":"Sozu"},{"not_picked":["Orrery","Calling Bell"],"picked":"Astrolabe"}],"potions_floor_spawned":[2,6,13,14,16,19,29,33,35,48],"seed_played":"-398859667760213718","ascension_level":0,"potions_obtained":[{"floor":2,"key":"SpeedPotion"},{"floor":6,"key":"Strength Potion"},{"floor":13,"key":"Explosive Potion"},{"floor":14,"key":"Energy Potion"},{"floor":16,"key":"Strength Potion"}],"is_trial":false}