{"gold_per_floor":[13,24,40,54,54,54,73,73,96,96,96,96,130,160,160,235,235,250,165,175,191,191,191,14,14,40,40,51,51,11,22,22,94,94,109,123,123],"floor_reached":37,"playtime":1918,"items_purged":["Strike_G"],"score":683,"play_id":"d47f5ab3-b817-4730-a76e-a4783ed0f4f4","local_time":"20190701100839","is_ascension_mode":true,"campfire_choices":[{"data":"A Thousand Cuts","floor":6,"key":"SMITH"},{"data":"Footwork","floor":8,"key":"SMITH"},{"data":"Neutralize","floor":10,"key":"SMITH"},{"data":"Leg Sweep","floor":12,"key":"SMITH"},{"data":"Bouncing Flask","floor":15,"key":"SMITH"},{"data":"A Thousand Cuts","floor":23,"key":"SMITH"},{"data":"Bullet Time","floor":27,"key":"SMITH"},{"floor":29,"key":"REST"},{"floor":32,"key":"REST"}],"neow_cost":"NO_GOLD","seed_source_timestamp":1157714315932500,"circlet_count":0,"master_deck":["AscendersBane","Defend_G","Defend_G","Defend_G","Defend_G","Defend_G","Strike_G","Strike_G","Survivor","Neutralize+1","A Thousand Cuts+1","Leg Sweep+1","Distraction","Footwork+1","Bouncing Flask+1","Deflect","Endless Agony","Tools of the Trade","Flying Knee","Blade Dance","Infinite Blades","A Thousand Cuts+1","Bullet Time+1","Well Laid Plans","Deflect","Clumsy","PiercingWail+1","Footwork","Finisher","Storm of Steel","Leg Sweep","Dodge and Roll+1"],"relics":["Ring of the Snake","Art of War","Ancient Tea Set","Tiny Chest","Cursed Key","Girya","Oddly Smooth Stone","Eternal Feather"],"potions_floor_usage":[4,7,7,21,28],"damage_taken":[{"damage":0,"enemies":"Small Slimes","floor":1,"turns":3},{"damage":2,"enemies":"Cultist","floor":2,"turns":6},{"damage":1,"enemies":"Jaw Worm","floor":3,"turns":5},{"damage":8,"enemies":"2 Fungi Beasts","floor":4,"turns":6},{"damage":0,"enemies":"Blue Slaver","floor":7,"turns":4},{"damage":15,"enemies":"Lagavulin","floor":13,"turns":11},{"damage":11,"enemies":"The Guardian","floor":16,"turns":11},{"damage":5,"enemies":"Shell Parasite","floor":18,"turns":7},{"damage":0,"enemies":"3 Byrds","floor":20,"turns":3},{"damage":13,"enemies":"Snecko","floor":21,"turns":5},{"damage":38,"enemies":"Shelled Parasite and Fungi","floor":28,"turns":5},{"damage":14,"enemies":"Cultist and Chosen","floor":31,"turns":7},{"damage":20,"enemies":"Champ","floor":33,"turns":11},{"damage":17,"enemies":"3 Shapes","floor":35,"turns":5},{"damage":25,"enemies":"3 Darklings","floor":36,"turns":5},{"damage":20,"enemies":"Writhing Mass","floor":37,"turns":4}],"seed_played":"6140757908634053726","potions_obtained":[{"floor":1,"key":"Energy Potion"},{"floor":2,"key":"Energy Potion"},{"floor":5,"key":"Energy Potion"},{"floor":5,"key":"Regen Potion"},{"floor":18,"key":"Block Potion"},{"floor":21,"key":"Regen Potion"},{"floor":36,"key":"GamblersBrew"}],"is_trial":false,"path_per_floor":["M","M","M","M","?","R","M","R","T","R","$","R","E","?","R","B",null,"M","?","M","M","?","R","$","$","T","R","M","R","$","M","R","B",null,"M","M","M"],"character_chosen":"THE_SILENT","items_purchased":["Well Laid Plans","Deflect","Footwork"],"campfire_rested":2,"item_purchase_floors":[24,24,30],"current_hp_per_floor":[59,57,56,48,48,48,60,60,60,60,60,60,45,40,40,29,57,52,52,52,39,39,39,39,39,39,39,15,34,34,20,39,19,54,37,12,0],"gold":123,"neow_bonus":"THREE_RARE_CARDS","is_prod":false,"is_daily":false,"chose_seed":false,"campfire_upgraded":7,"win_rate":0,"timestamp":1561968519,"path_taken":["M","M","M","M","?","R","?","R","T","R","$","R","E","?","R","BOSS","M","?","M","M","?","R","?","$","T","R","M","R","$","M","R","BOSS","M","M","M"],"build_version":"2019-01-23","purchased_purges":1,"victory":false,"max_hp_per_floor":[66,66,66,66,66,66,66,66,66,66,66,66,66,66,66,66,66,66,66,66,66,66,66,66,66,66,66,66,66,66,66,66,66,66,66,66,66],"card_choices":[{"not_picked":["Tools of the Trade","Malaise"],"picked":"A Thousand Cuts","floor":0},{"not_picked":["Flechettes","Underhanded Strike"],"picked":"Leg Sweep","floor":1},{"not_picked":["Sucker Punch","Choke"],"picked":"Distraction","floor":2},{"not_picked":["Dodge and Roll","Catalyst"],"picked":"Footwork","floor":3},{"not_picked":["Underhanded Strike","Malaise"],"picked":"Bouncing Flask","floor":4},{"not_picked":["Bane","Reflex"],"picked":"Deflect","floor":7},{"not_picked":["Cloak And Dagger","Expertise"],"picked":"Endless Agony","floor":13},{"not_picked":["Storm of Steel","Doppelganger"],"picked":"Tools of the Trade","floor":16},{"not_picked":["Poisoned Stab","Dodge and Roll"],"picked":"Flying Knee","floor":18},{"not_picked":["Bane","Deflect"],"picked":"Blade Dance","floor":20},{"not_picked":["Escape Plan","Deadly Poison"],"picked":"Infinite Blades","floor":21},{"not_picked":["Underhanded Strike","Cloak And Dagger"],"picked":"PiercingWail+1","floor":28},{"not_picked":["Leg Sweep","Masterful Stab"],"picked":"Finisher","floor":31},{"not_picked":["Die Die Die","Grand Finale"],"picked":"Storm of Steel","floor":33},{"not_picked":["Prepared","Sucker Punch+1"],"picked":"Leg Sweep","floor":35},{"not_picked":["Dagger Spray+1","Outmaneuver"],"picked":"Dodge and Roll+1","floor":36}],"player_experience":1537788,"relics_obtained":[{"floor":9,"key":"Art of War"},{"floor":13,"key":"Ancient Tea Set"},{"floor":26,"key":"Oddly Smooth Stone"}],"event_choices":[{"damage_healed":0,"gold_gain":0,"player_choice":"Got Potions","damage_taken":0,"max_hp_gain":0,"max_hp_loss":0,"event_name":"Lab","floor":5,"gold_loss":0},{"damage_healed":0,"gold_gain":0,"player_choice":"Success","damage_taken":5,"relics_obtained":["Tiny Chest"],"max_hp_gain":0,"max_hp_loss":0,"event_name":"Scrap Ooze","floor":14,"gold_loss":0},{"damage_healed":0,"gold_gain":0,"player_choice":"Obtained Relic","damage_taken":0,"relics_obtained":["Girya"],"max_hp_gain":0,"max_hp_loss":0,"event_name":"Addict","floor":19,"gold_loss":85},{"damage_healed":0,"gold_gain":0,"cards_transformed":["Strike_G","Strike_G"],"player_choice":"Became Test Subject","damage_taken":0,"max_hp_gain":0,"max_hp_loss":0,"event_name":"Drug Dealer","floor":22,"gold_loss":0,"cards_obtained":["A Thousand Cuts","Bullet Time"]}],"is_beta":false,"boss_relics":[{"not_picked":["White Beast Statue","Lizard Tail"],"picked":"Cursed Key"},{"not_picked":["Calling Bell","Fusion Hammer"],"picked":"Eternal Feather"}],"items_purged_floors":[24],"is_endless":false,"potions_floor_spawned":[1,2,18,21,36],"killed_by":"Writhing Mass","ascension_level":17}