{"gold_per_floor":[116,134,59,79,97,97,125,139,139,139,119,119,132,142,142,221,221,239,253,253,265,285,285,49,49],"floor_reached":25,"playtime":936,"items_purged":["Writhe"],"score":383,"play_id":"17169d39-a943-441e-9d65-217590fd27fd","local_time":"20190706121433","is_ascension_mode":true,"campfire_choices":[{"data":"Body Slam","floor":6,"key":"SMITH"},{"data":"Flex","floor":10,"key":"SMITH"},{"data":"Carnage","floor":12,"key":"SMITH"},{"data":"True Grit","floor":15,"key":"SMITH"},{"floor":23,"key":"REST"}],"neow_cost":"NONE","seed_source_timestamp":9570129394200,"circlet_count":0,"master_deck":["AscendersBane","Strike_R","Strike_R","Strike_R","Strike_R","Defend_R","Defend_R","Defend_R","Defend_R","Bash+1","Flex+1","Body Slam+1","Shrug It Off","Rampage","Carnage+1","Anger","True Grit+1","Iron Wave","Juggernaut","Shrug It Off","Armaments","Rage","Heavy Blade","Flex","Whirlwind","Body Slam"],"relics":["Burning Blood","Sundial","Torii","Busted Crown","Turnip"],"potions_floor_usage":[5,16,19,21,21,25],"damage_taken":[{"damage":9,"enemies":"Jaw Worm","floor":1,"turns":5},{"damage":9,"enemies":"2 Louse","floor":2,"turns":2},{"damage":1,"enemies":"Cultist","floor":4,"turns":3},{"damage":1,"enemies":"Blue Slaver","floor":5,"turns":2},{"damage":18,"enemies":"Gremlin Nob","floor":7,"turns":3},{"damage":21,"enemies":"Large Slime","floor":8,"turns":5},{"damage":2,"enemies":"2 Fungi Beasts","floor":13,"turns":3},{"damage":8,"enemies":"3 Louse","floor":14,"turns":3},{"damage":21,"enemies":"Hexaghost","floor":16,"turns":11},{"damage":0,"enemies":"Spheric Guardian","floor":18,"turns":3},{"damage":7,"enemies":"3 Byrds","floor":19,"turns":5},{"damage":1,"enemies":"Cultist and Chosen","floor":21,"turns":7},{"damage":57,"enemies":"Snecko","floor":22,"turns":8},{"damage":46,"enemies":"Chosen and Byrds","floor":25,"turns":7}],"seed_played":"-7240906922211683364","potions_obtained":[{"floor":2,"key":"Block Potion"},{"floor":11,"key":"Strength Potion"},{"floor":14,"key":"GamblersBrew"},{"floor":16,"key":"Poison Potion"},{"floor":19,"key":"PowerPotion"},{"floor":22,"key":"Block Potion"}],"is_trial":false,"path_per_floor":["M","M","?","M","M","R","E","M","T","R","?","R","M","M","R","B",null,"M","M","?","M","M","R","$","M"],"character_chosen":"IRONCLAD","items_purchased":["Flex","Whirlwind","Body Slam"],"campfire_rested":1,"item_purchase_floors":[24,24,24],"current_hp_per_floor":[65,62,62,67,72,72,60,45,45,45,45,45,49,47,47,32,64,70,69,69,74,23,45,45,0],"gold":49,"neow_bonus":"UPGRADE_CARD","is_prod":false,"is_daily":false,"chose_seed":false,"campfire_upgraded":4,"win_rate":0,"timestamp":1562408073,"path_taken":["M","M","?","M","M","R","E","M","T","R","?","R","M","?","R","BOSS","M","M","?","M","M","R","$","M"],"build_version":"2019-07-05","purchased_purges":1,"victory":false,"max_hp_per_floor":[75,75,75,75,75,75,75,75,75,75,75,75,75,75,75,75,75,75,75,75,75,75,75,75,75],"card_choices":[{"not_picked":["Entrench","Havoc"],"picked":"Flex","floor":1},{"not_picked":["Sword Boomerang","Flex"],"picked":"Body Slam","floor":2},{"not_picked":["Body Slam","Bloodletting"],"picked":"Shrug It Off","floor":4},{"not_picked":["Inflame","Havoc"],"picked":"Rampage","floor":5},{"not_picked":["Fire Breathing","Wild Strike","Carnage"],"picked":"SKIP","floor":7},{"not_picked":["Fire Breathing","Wild Strike"],"picked":"Carnage","floor":7},{"not_picked":["Wild Strike","Cleave"],"picked":"Anger","floor":8},{"not_picked":["Feed","Flex"],"picked":"True Grit","floor":13},{"not_picked":["Bloodletting","Reckless Charge"],"picked":"Iron Wave","floor":14},{"not_picked":["Bludgeon","Dark Embrace"],"picked":"Juggernaut","floor":16},{"not_picked":[],"picked":"Shrug It Off","floor":18},{"not_picked":[],"picked":"Armaments","floor":19},{"not_picked":[],"picked":"Rage","floor":21},{"not_picked":[],"picked":"Heavy Blade","floor":22}],"player_experience":1610150,"relics_obtained":[{"floor":7,"key":"Sundial"},{"floor":9,"key":"Torii"}],"event_choices":[{"cards_removed":["Strike_R"],"damage_healed":0,"gold_gain":0,"player_choice":"Card Removal","damage_taken":0,"max_hp_gain":0,"max_hp_loss":0,"event_name":"The Cleric","floor":3,"gold_loss":75},{"damage_healed":0,"gold_gain":0,"player_choice":"Bought 1 Potion","damage_taken":0,"max_hp_gain":0,"max_hp_loss":0,"event_name":"The Woman in Blue","floor":11,"gold_loss":0},{"damage_healed":0,"gold_gain":0,"player_choice":"Opened","damage_taken":0,"relics_obtained":["Turnip"],"max_hp_gain":0,"max_hp_loss":0,"event_name":"The Mausoleum","floor":20,"gold_loss":0,"cards_obtained":["Writhe"]}],"is_beta":false,"boss_relics":[{"not_picked":["Runic Cube","Velvet Choker"],"picked":"Busted Crown"}],"items_purged_floors":[24],"is_endless":false,"potions_floor_spawned":[2,14,16,19,22],"killed_by":"Chosen and Byrds","ascension_level":17}