{"gold_per_floor":[111,111,111,111,128,158,158,188,188,14,14,27,52,68,68,142,142,155,155,155,174,44,44,56,56,108,120,133,48,48],"floor_reached":30,"playtime":1147,"items_purged":["Strike_B"],"score":446,"play_id":"8256b240-08f3-4970-8bb6-acd238ba189e","local_time":"20190613030206","is_ascension_mode":true,"campfire_choices":[{"data":"Zap","floor":7,"key":"SMITH"},{"floor":15,"key":"REST"},{"data":"Self Repair","floor":23,"key":"SMITH"},{"data":"Genetic Algorithm","floor":25,"key":"SMITH"}],"neow_cost":"NONE","seed_source_timestamp":95597067019400,"circlet_count":0,"master_deck":["AscendersBane","Strike_B+1","Defend_B","Defend_B+1","Defend_B","Defend_B","Zap+1","Dualcast","Compile Driver","Self Repair+1","Cold Snap","Leap","Hologram","Genetic Algorithm+1","Ball Lightning","Auto Shields","Tempest","Sweeping Beam","Coolheaded","Electrodynamics","Loop+1","Necronomicurse","Reinforced Body","Defragment+1","Melter","Heatsinks+1","Stack"],"relics":["Cracked Core","Matryoshka","Ancient Tea Set","Potion Belt","Dodecahedron","Bird Faced Urn","White Beast Statue","Bottled Flame","Frozen Egg 2","Necronomicon","Happy Flower","Question Card"],"potions_floor_usage":[6,8,13,14,16,21,24,28,30],"damage_taken":[{"damage":1,"enemies":"2 Louse","floor":1,"turns":3},{"damage":2,"enemies":"Small Slimes","floor":5,"turns":3},{"damage":11,"enemies":"3 Sentries","floor":6,"turns":8},{"damage":26,"enemies":"Gremlin Nob","floor":8,"turns":5},{"damage":0,"enemies":"Cultist","floor":12,"turns":4},{"damage":17,"enemies":"3 Sentries","floor":13,"turns":5},{"damage":8,"enemies":"3 Louse","floor":14,"turns":3},{"damage":38,"enemies":"Slime Boss","floor":16,"turns":12},{"damage":13,"enemies":"Shell Parasite","floor":18,"turns":10},{"damage":9,"enemies":"3 Byrds","floor":21,"turns":5},{"damage":0,"enemies":"Snecko","floor":24,"turns":6},{"damage":15,"enemies":"Snake Plant","floor":27,"turns":4},{"damage":13,"enemies":"3 Cultists","floor":28,"turns":4},{"damage":48,"enemies":"Gremlin Leader","floor":30,"turns":3}],"seed_played":"-2893990231425366778","potions_obtained":[{"floor":1,"key":"Explosive Potion"},{"floor":4,"key":"GamblersBrew"},{"floor":6,"key":"Explosive Potion"},{"floor":13,"key":"Block Potion"},{"floor":14,"key":"AttackPotion"},{"floor":16,"key":"AttackPotion"},{"floor":18,"key":"EssenceOfSteel"},{"floor":21,"key":"SpeedPotion"},{"floor":24,"key":"SteroidPotion"},{"floor":27,"key":"Explosive Potion"},{"floor":28,"key":"FocusPotion"}],"is_trial":false,"path_per_floor":["M","?","?","?","M","E","R","E","T","$","?","M","E","M","R","B",null,"M","T","?","M","$","R","M","R","T","M","M","?","E"],"character_chosen":"DEFECT","items_purchased":["Ball Lightning","Auto Shields","Defragment+1","Melter"],"campfire_rested":1,"item_purchase_floors":[10,10,22,22],"current_hp_per_floor":[63,63,42,42,47,43,43,24,24,24,24,31,21,22,43,14,57,53,53,32,36,36,36,40,40,40,39,42,42,0],"gold":48,"neow_bonus":"THREE_CARDS","is_prod":false,"is_daily":false,"chose_seed":false,"campfire_upgraded":3,"win_rate":0,"timestamp":1560387726,"path_taken":["M","?","?","?","?","E","R","E","T","$","?","M","E","M","R","BOSS","M","?","?","M","$","R","M","R","T","M","M","?","E"],"build_version":"2019-01-23","purchased_purges":1,"victory":false,"max_hp_per_floor":[71,71,71,71,71,71,71,71,71,71,71,71,71,71,71,71,71,71,71,71,71,71,71,71,71,71,71,71,71,71],"card_choices":[{"not_picked":["Scrape","Turbo"],"picked":"Compile Driver","floor":0},{"not_picked":["Leap","Redo"],"picked":"Self Repair","floor":1},{"not_picked":["Turbo","Cold Snap"],"picked":"Leap","floor":5},{"not_picked":["Barrage","Heatsinks"],"picked":"Hologram","floor":6},{"not_picked":["Barrage","Turbo"],"picked":"Genetic Algorithm","floor":8},{"not_picked":["Hologram","Aggregate"],"picked":"Tempest","floor":12},{"not_picked":["Aggregate","All For One"],"picked":"Sweeping Beam","floor":13},{"not_picked":["Compile Driver","Steam"],"picked":"Coolheaded","floor":14},{"not_picked":["Rainbow","Core Surge"],"picked":"Electrodynamics","floor":16},{"not_picked":["Genetic Algorithm","Turbo"],"picked":"Loop+1","floor":18},{"not_picked":["Ball Lightning","Doom and Gloom"],"picked":"Reinforced Body","floor":21},{"not_picked":["Glacier","Turbo"],"picked":"Heatsinks+1","floor":24},{"not_picked":["Ball Lightning+1","Tempest","Barrage"],"picked":"SKIP","floor":27},{"not_picked":["Hologram","Auto Shields+1"],"picked":"Stack","floor":28}],"player_experience":1314241,"relics_obtained":[{"floor":6,"key":"Matryoshka"},{"floor":8,"key":"Ancient Tea Set"},{"floor":9,"key":"Potion Belt"},{"floor":9,"key":"Dodecahedron"},{"floor":13,"key":"Bird Faced Urn"},{"floor":19,"key":"Bottled Flame"},{"floor":19,"key":"Frozen Egg 2"},{"floor":20,"key":"Necronomicon"},{"floor":26,"key":"Happy Flower"}],"event_choices":[{"damage_healed":0,"gold_gain":0,"cards_transformed":["Strike_B"],"player_choice":"Change","damage_taken":0,"max_hp_gain":0,"max_hp_loss":0,"event_name":"Living Wall","floor":2,"gold_loss":0,"cards_obtained":["Cold Snap"]},{"damage_healed":0,"gold_gain":0,"player_choice":"Entered Light","damage_taken":21,"max_hp_gain":0,"max_hp_loss":0,"event_name":"Shining Light","floor":3,"gold_loss":0,"cards_upgraded":["Defend_B","Strike_B"]},{"damage_healed":0,"gold_gain":0,"player_choice":"Got Potions","damage_taken":0,"max_hp_gain":0,"max_hp_loss":0,"event_name":"Lab","floor":4,"gold_loss":0},{"cards_removed":["Strike_B"],"damage_healed":0,"gold_gain":0,"player_choice":"Offered Basic","damage_taken":0,"max_hp_gain":0,"max_hp_loss":0,"event_name":"Bonfire Elementals","floor":11,"gold_loss":0},{"damage_healed":0,"gold_gain":0,"player_choice":"Obtained Book","damage_taken":21,"max_hp_gain":0,"max_hp_loss":0,"event_name":"Cursed Tome","floor":20,"gold_loss":0},{"damage_healed":0,"gold_gain":0,"player_choice":"Obtained Relic","damage_taken":0,"relics_obtained":["Question Card"],"max_hp_gain":0,"max_hp_loss":0,"event_name":"Addict","floor":29,"gold_loss":85}],"is_beta":false,"boss_relics":[{"not_picked":["Snecko Eye","Sozu"],"picked":"White Beast Statue"}],"items_purged_floors":[10],"is_endless":false,"potions_floor_spawned":[1,6,13,14,16,18,21,24,27,28],"killed_by":"Gremlin Leader","ascension_level":16}