{"path_per_floor":["M","?","?","M","?","E","M","R","T","E","R","E","R","M","R","B",null,"M","$","M","M","M","R","E","M","T","?","R","E","?","M","R","B",null,"M","M","?","$","M","E","M","M","T","M","R","E","$","M","R","B"],"character_chosen":"IRONCLAD","items_purchased":["Dead Branch"],"gold_per_floor":[117,117,67,79,79,111,126,126,152,178,178,203,203,221,221,325,325,325,31,31,31,31,31,31,31,31,31,31,31,31,31,31,31,31,31,31,31,31,31,31,31,31,31,31,31,31,31,31,31,31],"floor_reached":51,"campfire_rested":0,"playtime":4720,"current_hp_per_floor":[78,78,78,80,85,85,84,84,84,46,46,52,52,62,62,50,79,77,77,84,90,89,89,77,79,79,79,79,80,64,68,68,75,95,97,103,103,103,105,109,109,109,109,113,113,113,113,113,113,113],"items_purged":[],"gold":31,"score":920,"play_id":"f5d43ed5-36de-48f1-abcf-3cdec0659469","is_prod":false,"is_daily":false,"is_ascension_mode":true,"campfire_upgraded":9,"path_taken":["M","?","?","?","?","E","?","R","T","E","R","E","R","M","R","BOSS","M","$","M","M","M","R","E","M","T","?","R","E","?","M","R","BOSS","M","M","?","$","M","E","M","M","T","M","R","E","$","M","R","BOSS"],"build_version":"2018-02-12-PROD1","purchased_purges":0,"victory":true,"master_deck":["Strike_R+1","Strike_R+1","Strike_R+1","Defend_R+1","Defend_R+1","Defend_R+1","Defend_R+1","Bash+1","Feel No Pain+1","Flame Barrier","Seeing Red+1","Warcry+1","Thunderclap+1","Feed+1","Shockwave+1","Dark Embrace+1","Sever Soul+1","Intimidate+1","Intimidate","Second Wind+1","Spot Weakness+1","Disarm+1","Offering+1","Corruption","Warcry","Sentinel+1","Exhume","Sentinel+1","Offering+1"],"max_hp_per_floor":[80,80,80,80,85,85,85,85,85,85,85,85,85,89,89,89,89,93,93,97,97,97,97,97,97,97,97,97,97,97,97,97,101,101,101,105,105,105,105,109,109,109,109,113,113,113,113,113,113,113],"relics":["Burning Blood","NeowsBlessing","Molten Egg 2","Oddly Smooth Stone","Ice Cream","Art of War","Ectoplasm","Dead Branch","Frozen Eye","Calipers","Gambling Chip","Nilry\u0027s Codex","Orrery","Charon\u0027s Ashes","Magic Flower","Anchor"],"card_choices":[{"not_picked":["Iron Wave","Havoc"],"picked":"Feel No Pain"},{"not_picked":["Headbutt","Blood for Blood"],"picked":"Flame Barrier"},{"not_picked":["Bludgeon","True Grit"],"picked":"Seeing Red"},{"not_picked":["Dual Wield","Armaments"],"picked":"Warcry"},{"not_picked":["Entrench","True Grit"],"picked":"Thunderclap"},{"not_picked":["True Grit","Cleave"],"picked":"Feed"},{"not_picked":["Havoc","Body Slam"],"picked":"Shockwave"},{"not_picked":["Demon Form","Double Tap"],"picked":"Dark Embrace"},{"not_picked":["Iron Wave","Sentinel"],"picked":"Sever Soul"},{"not_picked":["Ghostly Armor","Body Slam"],"picked":"Intimidate"},{"not_picked":["Sword Boomerang","Armaments"],"picked":"Intimidate"},{"not_picked":["Metallicize","Reckless Charge"],"picked":"Second Wind"},{"not_picked":["Whirlwind","Clothesline"],"picked":"Spot Weakness"},{"not_picked":["True Grit","Wild Strike"],"picked":"Disarm"},{"not_picked":["Brutality","Double Tap"],"picked":"Offering"},{"not_picked":["Headbutt","Clothesline"],"picked":"Corruption"},{"not_picked":["Iron Wave","Clash"],"picked":"Warcry"},{"not_picked":["Second Wind","Blood for Blood"],"picked":"Sentinel"},{"not_picked":["Flex","Sentinel"],"picked":"Exhume"},{"not_picked":["Heavy Blade","Pommel Strike"],"picked":"Sentinel"},{"not_picked":["Perfected Strike","Cleave"],"picked":"Offering"}],"player_experience":207238,"potions_floor_usage":[16,16,20,21,24,29,33,50,50,50],"damage_taken":[{"damage":0,"enemies":"Cultist","floor":1,"turns":1},{"damage":0,"enemies":"Small Slimes","floor":4,"turns":1},{"damage":0,"enemies":"3 Sentries","floor":6,"turns":1},{"damage":7,"enemies":"2 Louse","floor":7,"turns":3},{"damage":44,"enemies":"Lagavulin","floor":10,"turns":7},{"damage":0,"enemies":"3 Sentries","floor":12,"turns":8},{"damage":0,"enemies":"Exordium Wildlife","floor":14,"turns":4},{"damage":18,"enemies":"Slime Boss","floor":16,"turns":11},{"damage":12,"enemies":"3 Byrds","floor":18,"turns":5},{"damage":3,"enemies":"Shell Parasite","floor":20,"turns":3},{"damage":0,"enemies":"Cultist and Chosen","floor":21,"turns":5},{"damage":7,"enemies":"Snecko","floor":22,"turns":4},{"damage":27,"enemies":"Book of Stabbing","floor":24,"turns":5},{"damage":4,"enemies":"3 Cultists","floor":25,"turns":4},{"damage":5,"enemies":"Gremlin Leader","floor":29,"turns":6},{"damage":2,"enemies":"Snake Plant","floor":31,"turns":3},{"damage":3,"enemies":"Automaton","floor":33,"turns":9},{"damage":4,"enemies":"3 Darklings","floor":35,"turns":6},{"damage":4,"enemies":"3 Shapes","floor":36,"turns":4},{"damage":4,"enemies":"3 Darklings","floor":39,"turns":4},{"damage":4,"enemies":"Giant Head","floor":40,"turns":7},{"damage":0,"enemies":"4 Shapes","floor":41,"turns":2},{"damage":4,"enemies":"Maw","floor":42,"turns":3},{"damage":0,"enemies":"Sphere and 2 Shapes","floor":44,"turns":4},{"damage":4,"enemies":"Nemesis","floor":46,"turns":4},{"damage":7,"enemies":"3 Darklings","floor":48,"turns":3},{"damage":8,"enemies":"Time Eater","floor":50,"turns":3}],"event_choices":[{"event_name":"Living Wall","player_choice":"Grow","floor":2,"damage_taken":0},{"event_name":"The Cleric","player_choice":"Card Removal","floor":3,"damage_taken":0},{"event_name":"Big Fish","player_choice":"Donut","floor":5,"damage_taken":0},{"event_name":"Back to Basics","player_choice":"Simplicity","floor":27,"damage_taken":0},{"event_name":"Cursed Tome","player_choice":"Obtained Book","floor":30,"damage_taken":0}],"boss_relics":[{"not_picked":["Black Blood","Tiny House"],"picked":"Ectoplasm"},{"not_picked":["Astrolabe","Runic Dome"],"picked":"Orrery"}],"potions_floor_spawned":[4,7,12,18,22,24,31,35,36,44,46],"seed_played":"368042959914914401","ascension_level":6,"is_trial":false}