{"gold_per_floor":[110,110,110,35,56,56,56,70,70,104,123,123,142,42,42,172,235,251,241,241],"floor_reached":20,"playtime":1809,"items_purged":["Strike_R","Strike_R"],"score":199,"play_id":"9db4607a-4333-4989-b02b-354355b10b1c","local_time":"20190527220215","is_ascension_mode":false,"campfire_choices":[{"data":"Disarm","floor":7,"key":"SMITH"},{"data":"Barricade","floor":12,"key":"SMITH"},{"floor":15,"key":"REST"}],"neow_cost":"NONE","seed_source_timestamp":275227036864460,"circlet_count":0,"master_deck":["Strike_R","Strike_R+1","Defend_R","Defend_R","Defend_R","Defend_R","Bash+1","Disarm+1","Shockwave+1","Battle Trance","Barricade+1","Entrench+1","Offering","Shrug It Off","Uppercut"],"relics":["Burning Blood","Golden Idol","Shovel","Whetstone","Tiny House"],"potions_floor_usage":[10,10,10,17,20],"damage_taken":[{"damage":5,"enemies":"2 Louse","floor":1,"turns":3},{"damage":0,"enemies":"Small Slimes","floor":5,"turns":3},{"damage":1,"enemies":"Cultist","floor":8,"turns":4},{"damage":30,"enemies":"Lagavulin","floor":10,"turns":13},{"damage":3,"enemies":"2 Fungi Beasts","floor":11,"turns":4},{"damage":11,"enemies":"Looter","floor":13,"turns":4},{"damage":16,"enemies":"The Guardian","floor":16,"turns":28},{"damage":6,"enemies":"Chosen","floor":18,"turns":10},{"damage":10,"enemies":"2 Thieves","floor":19,"turns":5},{"damage":17,"enemies":"3 Cultists","floor":20,"turns":5}],"seed_played":"-7579416384640421924","potions_obtained":[{"floor":5,"key":"Ancient Potion"},{"floor":8,"key":"Explosive Potion"},{"floor":10,"key":"Fruit Juice"},{"floor":17,"key":"Fruit Juice"},{"floor":19,"key":"EntropicBrew"}],"is_trial":false,"path_per_floor":["M","$","?","$","M","?","R","M","T","E","M","R","M","$","R","B",null,"M","M","M"],"character_chosen":"IRONCLAD","items_purchased":[],"campfire_rested":1,"item_purchase_floors":[],"current_hp_per_floor":[80,80,60,60,66,66,66,71,71,52,55,55,50,50,75,65,95,95,91,74],"gold":241,"neow_bonus":"REMOVE_CARD","is_prod":false,"is_daily":false,"chose_seed":false,"campfire_upgraded":2,"win_rate":0,"timestamp":1559008935,"path_taken":["M","$","?","$","M","?","R","M","T","E","M","R","M","$","R","BOSS","M","M","M"],"build_version":"2019-01-23","purchased_purges":2,"victory":false,"max_hp_per_floor":[80,80,80,80,80,80,80,80,80,85,85,85,85,85,85,85,95,95,95,95],"card_choices":[{"not_picked":["Twin Strike","Wild Strike"],"picked":"Disarm","floor":1},{"not_picked":["Evolve","Pommel Strike"],"picked":"Shockwave","floor":5},{"not_picked":["Clash","Wild Strike"],"picked":"Battle Trance","floor":8},{"not_picked":["Feel No Pain","True Grit"],"picked":"Barricade","floor":10},{"not_picked":["Fire Breathing","Iron Wave","Evolve"],"picked":"SKIP","floor":11},{"not_picked":["Reckless Charge","Clash"],"picked":"Entrench","floor":13},{"not_picked":["Immolate","Bludgeon"],"picked":"Offering","floor":16},{"not_picked":["Searing Blow","Cleave"],"picked":"Shrug It Off","floor":17},{"not_picked":["Evolve","Pummel","True Grit"],"picked":"SKIP","floor":18},{"not_picked":["Inflame","Sever Soul+1"],"picked":"Uppercut","floor":19}],"player_experience":36860,"relics_obtained":[{"floor":9,"key":"Shovel"},{"floor":10,"key":"Whetstone"}],"event_choices":[{"damage_healed":0,"gold_gain":0,"player_choice":"Take Damage","damage_taken":20,"relics_obtained":["Golden Idol"],"max_hp_gain":0,"max_hp_loss":0,"event_name":"Golden Idol","floor":3,"gold_loss":0},{"damage_healed":0,"gold_gain":0,"player_choice":"Upgraded","damage_taken":0,"max_hp_gain":0,"max_hp_loss":0,"event_name":"Upgrade Shrine","floor":6,"gold_loss":0,"cards_upgraded":["Shockwave"]}],"is_beta":false,"boss_relics":[{"not_picked":["Lizard Tail","Snecko Eye"],"picked":"Tiny House"}],"items_purged_floors":[4,14],"is_endless":false,"potions_floor_spawned":[5,8,10,19],"killed_by":"3 Cultists","ascension_level":0}