{"gold_per_floor":[209,223,98,110,121,121,153,153,153,153,153],"floor_reached":11,"playtime":446,"items_purged":["Strike_B"],"score":146,"play_id":"e276c9bd-8112-464f-91b3-756ac029aff7","local_time":"20190921094839","is_ascension_mode":true,"campfire_choices":[{"data":"Streamline","floor":6,"key":"SMITH"},{"data":"Beam Cell","floor":8,"key":"SMITH"}],"neow_cost":"NONE","seed_source_timestamp":718085268360100,"circlet_count":0,"master_deck":["AscendersBane","Strike_B","Strike_B","Strike_B","Defend_B","Defend_B","Defend_B","Defend_B","Zap","Dualcast","Genetic Algorithm","Streamline+1","Gash","Beam Cell+1","Seek","Self Repair"],"relics":["Cracked Core","Centennial Puzzle","Blood Vial","GremlinMask"],"potions_floor_usage":[7],"damage_taken":[{"damage":3,"enemies":"Small Slimes","floor":1,"turns":2},{"damage":0,"enemies":"Cultist","floor":2,"turns":3},{"damage":0,"enemies":"2 Louse","floor":4,"turns":2},{"damage":3,"enemies":"Blue Slaver","floor":5,"turns":2},{"damage":33,"enemies":"Gremlin Nob","floor":7,"turns":4},{"damage":33,"enemies":"3 Sentries","floor":11,"turns":6}],"seed_played":"-7794104972742717752","potions_obtained":[{"floor":2,"key":"SkillPotion"},{"floor":7,"key":"FearPotion"}],"is_trial":false,"path_per_floor":["M","M","$","M","M","R","E","R","T","?","E"],"character_chosen":"DEFECT","items_purchased":["Gash"],"campfire_rested":0,"item_purchase_floors":[3],"current_hp_per_floor":[61,61,61,61,58,58,25,25,25,25,0],"gold":153,"neow_bonus":"HUNDRED_GOLD","is_prod":false,"is_daily":false,"chose_seed":false,"campfire_upgraded":2,"win_rate":0,"timestamp":1569055719,"path_taken":["M","M","$","M","M","R","E","R","T","?","E"],"build_version":"2019-07-17","purchased_purges":1,"victory":false,"max_hp_per_floor":[71,71,71,71,71,71,71,71,71,71,71],"card_choices":[{"not_picked":["Coolheaded","Go for the Eyes"],"picked":"Genetic Algorithm","floor":1},{"not_picked":["Barrage","Leap"],"picked":"Streamline","floor":2},{"not_picked":["Rebound","Steam"],"picked":"Beam Cell","floor":4},{"not_picked":["Stack","Hologram"],"picked":"Seek","floor":5},{"not_picked":["Storm","Redo"],"picked":"Self Repair","floor":7}],"player_experience":1204913,"relics_obtained":[{"floor":7,"key":"Centennial Puzzle"},{"floor":9,"key":"Blood Vial"}],"event_choices":[{"damage_healed":0,"gold_gain":0,"player_choice":"Trade","damage_taken":0,"relics_obtained":["GremlinMask"],"max_hp_gain":0,"max_hp_loss":0,"event_name":"FaceTrader","floor":10,"gold_loss":0}],"is_beta":false,"boss_relics":[],"items_purged_floors":[3],"is_endless":false,"potions_floor_spawned":[2,7],"killed_by":"3 Sentries","ascension_level":20}