{"path_per_floor":["M","?","M","$","M","R","M","R","T","?","R","M","M","$","R","B",null,"M","?","M","?","$","R","M","R","T","E","M","E","$","M","R"],"character_chosen":"THE_SILENT","items_purchased":["Skewer","Blue Candle","War Paint"],"gold_per_floor":[11,11,34,34,55,55,69,69,69,105,105,121,144,111,111,232,232,245,245,269,269,20,20,45,45,68,104,127,166,9,27,27],"floor_reached":33,"campfire_rested":1,"playtime":3252,"current_hp_per_floor":[70,53,53,53,53,53,46,46,46,44,44,44,43,43,43,28,70,63,63,63,63,63,63,50,50,50,16,6,6,6,6,42],"items_purged":[],"gold":27,"play_id":"29a12ecb-b461-43d5-8666-91c1f8a04537","is_prod":false,"is_daily":false,"campfire_rituals":0,"campfire_upgraded":3,"is_hardmode":false,"path_taken":["M","?","M","?","M","R","M","R","T","?","R","M","M","$","R","BOSS","M","?","M","?","$","R","M","R","T","E","M","E","$","M","R","BOSS"],"build_version":"2018-01-18-PROD4","purchased_purges":1,"victory":false,"master_deck":["Defend_G","Defend_G","Defend_G","Defend_G","Defend_G","Strike_G","Strike_G","Strike_G","Strike_G","Strike_G","Survivor","Neutralize","Crippling Poison","Poisoned Stab","Poisoned Stab","Sucker Punch","Well Laid Plans","Dash","Skewer","Skewer","Cloak And Dagger","Dagger Throw","Blade Dance","Prepared","Outmaneuver","Blade Dance"],"max_hp_per_floor":[70,70,70,70,70,70,70,70,70,70,70,70,70,70,70,70,70,70,70,70,70,70,70,70,70,70,70,70,70,70,70,70],"relics":["Ring of the Snake","Girya","Golden Idol","Sundial","Odd Mushroom","Black Star","Anchor","Blue Candle","Regal Pillow","Kunai","Toolbox","Smiling Mask","Paper Crane","War Paint"],"campfire_meditates":0,"card_choices":[{"not_picked":["Leg Sweep","Bane"],"picked":"Crippling Poison"},{"not_picked":["Outmaneuver","PiercingWail"],"picked":"Poisoned Stab"},{"not_picked":["Outmaneuver","Quick Slash"],"picked":"Poisoned Stab"},{"not_picked":["Outmaneuver","Slice"],"picked":"Sucker Punch"},{"not_picked":["Backflip","Calculated Gamble"],"picked":"Well Laid Plans"},{"not_picked":["Poisoned Stab","Backflip"],"picked":"Dash"},{"not_picked":["Quick Slash","Crippling Poison"],"picked":"Skewer"},{"not_picked":["Acrobatics","Finisher"],"picked":"Cloak And Dagger"},{"not_picked":["Poisoned Stab","Footwork"],"picked":"Dagger Throw"},{"not_picked":["Deflect","Caltrops"],"picked":"Blade Dance"},{"not_picked":["Eviscerate","Deadly Poison"],"picked":"Prepared"},{"not_picked":["Catalyst","Deflect"],"picked":"Outmaneuver"},{"not_picked":["Underhanded Strike","Flying Knee"],"picked":"Blade Dance"}],"player_experience":99319,"potions_floor_usage":[29,29,29,33],"damage_taken":[{"damage":0.0,"enemies":"Jaw Worm","floor":1.0,"turns":4.0},{"damage":0.0,"enemies":"Small Slimes","floor":3.0,"turns":4.0},{"damage":0.0,"enemies":"Cultist","floor":5.0,"turns":4.0},{"damage":7.0,"enemies":"Exordium Thugs","floor":7.0,"turns":6.0},{"damage":2.0,"enemies":"The Mushroom Lair","floor":10.0,"turns":5.0},{"damage":0.0,"enemies":"2 Fungi Beasts","floor":12.0,"turns":3.0},{"damage":1.0,"enemies":"Exordium Wildlife","floor":13.0,"turns":3.0},{"damage":15.0,"enemies":"Hexaghost","floor":16.0,"turns":8.0},{"damage":7.0,"enemies":"Chosen","floor":18.0,"turns":5.0},{"damage":0.0,"enemies":"Spheric Guardian","floor":20.0,"turns":3.0},{"damage":13.0,"enemies":"3 Cultists","floor":24.0,"turns":5.0},{"damage":34.0,"enemies":"Book of Stabbing","floor":27.0,"turns":6.0},{"damage":10,"enemies":"Snake Plant","floor":28,"turns":4},{"damage":0,"enemies":"Slavers","floor":29,"turns":6},{"damage":0,"enemies":"Snecko","floor":31,"turns":3},{"damage":50,"enemies":"Automaton","floor":33,"turns":12}],"event_choices":[{"event_name":"Golden Idol","player_choice":"Take Damage","floor":2.0,"damage_taken":0.0},{"event_name":"Mushrooms","player_choice":"Fought Mushrooms","floor":10.0,"damage_taken":0.0},{"event_name":"The Mausoleum","player_choice":"Yes","floor":19.0,"damage_taken":0.0},{"event_name":"Back to Basics","player_choice":"Simplicity","floor":21.0,"damage_taken":0.0}],"boss_relics":[],"potions_floor_spawned":[1,3,7,16,20,24,29],"seed_played":"-1585764613577443562","killed_by":"Automaton","is_trial":false}