{"gold_per_floor":[118,132,149,44,55,55,90,110,135,135,135,152,152,52,52,126,126,140,15,15,25,25,25,54,54,126,126,126,126,137,147,147,224,224,238,338,338,357,374,403,403,403,403,403,403,403,417,437,437,437,437,437,437,12,46,46],"floor_reached":57,"playtime":3786,"items_purged":["Doubt","Regret","Writhe"],"score":2675,"play_id":"1e62f869-c886-4e4c-9826-7d695709a02f","local_time":"20190321233257","is_ascension_mode":true,"campfire_choices":[{"data":"Neutralize","floor":6.0,"key":"SMITH"},{"floor":10.0,"key":"REST"},{"data":"Footwork","floor":15.0,"key":"SMITH"},{"data":"Reflex","floor":23.0,"key":"SMITH"},{"floor":25.0,"key":"REST"},{"data":"Reflex","floor":27.0,"key":"SMITH"},{"data":"Cloak And Dagger","floor":29.0,"key":"SMITH"},{"floor":32.0,"key":"REST"},{"floor":41.0,"key":"RECALL"},{"data":"Adrenaline","floor":44.0,"key":"SMITH"},{"data":"Caltrops","floor":49.0,"key":"SMITH"},{"data":"Sucker Punch","floor":53.0,"key":"SMITH"}],"neow_cost":"NONE","seed_source_timestamp":387570991621938,"circlet_count":0,"master_deck":["AscendersBane","Defend_G","Defend_G","Defend_G","Defend_G+1","Defend_G+1","Strike_G","Strike_G","Strike_G","Survivor","Neutralize+1","Injury","Footwork+1","Underhanded Strike","Adrenaline+1","Dagger Throw+1","Dagger Spray","Sucker Punch+1","Footwork+1","Dash+1","Adrenaline+1","Riddle With Holes","Necronomicurse","Reflex+1","Reflex+1","Underhanded Strike","Slice","Cloak And Dagger+1","Dash","Acrobatics","Malaise+1","Dodge and Roll+1","Predator","Blur","Writhe","Caltrops+1","Finisher+1"],"special_seed":0,"relics":["Calling Bell","Bag of Preparation","Shuriken","FossilizedHelix","Mercury Hourglass","Juzu Bracelet","War Paint","HoveringKite","Necronomicon","Snake Skull","Snecko Eye","Incense Burner","Orichalcum","Du-Vu Doll","Whetstone","Bottled Flame","Ninja Scroll"],"potions_floor_usage":[56],"damage_taken":[{"damage":4.0,"enemies":"Small Slimes","floor":1.0,"turns":5.0},{"damage":5.0,"enemies":"Jaw Worm","floor":2.0,"turns":8.0},{"damage":0.0,"enemies":"2 Louse","floor":3.0,"turns":3.0},{"damage":0.0,"enemies":"Large Slime","floor":5.0,"turns":6.0},{"damage":31.0,"enemies":"Lagavulin","floor":7.0,"turns":7.0},{"damage":0.0,"enemies":"Gremlin Gang","floor":8.0,"turns":3.0},{"damage":0.0,"enemies":"Looter","floor":12.0,"turns":3.0},{"damage":20.0,"enemies":"Hexaghost","floor":16.0,"turns":13.0},{"damage":0.0,"enemies":"Shell Parasite","floor":18.0,"turns":4.0},{"damage":3.0,"enemies":"3 Byrds","floor":21.0,"turns":4.0},{"damage":6.0,"enemies":"Gremlin Leader","floor":24.0,"turns":5.0},{"damage":0.0,"enemies":"Centurion and Healer","floor":30.0,"turns":4.0},{"damage":0.0,"enemies":"Cultist and Chosen","floor":31.0,"turns":3.0},{"damage":29.0,"enemies":"Collector","floor":33.0,"turns":8.0},{"damage":0.0,"enemies":"3 Shapes","floor":35.0,"turns":4.0},{"damage":0.0,"enemies":"Mind Bloom Boss Battle","floor":36.0,"turns":4.0},{"damage":0.0,"enemies":"Orb Walker","floor":38.0,"turns":2.0},{"damage":0.0,"enemies":"Sphere and 2 Shapes","floor":39.0,"turns":3.0},{"damage":0.0,"enemies":"Nemesis","floor":40.0,"turns":5.0},{"damage":0.0,"enemies":"Writhing Mass","floor":47.0,"turns":4.0},{"damage":0.0,"enemies":"Spire Growth","floor":48.0,"turns":3.0},{"damage":0.0,"enemies":"Awakened One","floor":50.0,"turns":8.0},{"damage":12.0,"enemies":"Donu and Deca","floor":51.0,"turns":7.0},{"damage":41.0,"enemies":"Shield and Spear","floor":55.0,"turns":5.0},{"damage":12,"enemies":"The Heart","floor":56,"turns":8}],"seed_played":"-3826076157260193179","potions_obtained":[{"floor":3.0,"key":"Ancient Potion"},{"floor":12.0,"key":"Ancient Potion"},{"floor":16.0,"key":"AttackPotion"},{"floor":21.0,"key":"Ancient Potion"},{"floor":55.0,"key":"SteroidPotion"}],"is_trial":false,"path_per_floor":["M","M","M","$","M","R","E","M","T","R","?","M","?","$","R","B",null,"M","$","?","M","?","R","E","R","T","R","?","R","M","M","R","B",null,"M","?","?","M","M","E","R","?","T","R","?","?","M","M","R","B","B",null,"R","$","E","B",null],"character_chosen":"THE_SILENT","items_purchased":["Dagger Throw","Whetstone","Bottled Flame"],"campfire_rested":3,"item_purchase_floors":[4,54,54],"current_hp_per_floor":[55,50,50,50,50,50,19,19,19,38,38,38,38,38,38,18,54,54,54,33,30,30,30,24,43,43,43,43,43,43,43,62,33,58,58,58,58,58,58,58,58,58,58,58,66,66,66,66,66,66,54,63,63,63,22,10],"gold":46,"neow_bonus":"BOSS_RELIC","is_prod":false,"is_daily":false,"chose_seed":false,"campfire_upgraded":8,"win_rate":0,"timestamp":1553207577,"path_taken":["M","M","M","$","M","R","E","M","T","R","?","M","?","$","R","BOSS","M","$","?","M","?","R","E","R","T","R","?","R","M","M","R","BOSS","M","?","?","M","M","E","R","?","T","R","?","?","M","M","R","BOSS","BOSS","R","$","E","BOSS"],"build_version":"2019-01-23","purchased_purges":3,"victory":true,"max_hp_per_floor":[66,66,66,66,66,66,66,66,66,66,66,66,66,66,66,66,66,66,66,66,66,66,66,66,66,66,66,66,66,66,66,66,66,66,66,66,66,66,66,66,66,66,66,66,66,66,66,66,66,66,66,66,66,66,66,66],"card_choices":[{"not_picked":["Deadly Poison","Skewer"],"picked":"Footwork","floor":1.0},{"not_picked":["Prepared","Acrobatics"],"picked":"Underhanded Strike","floor":2.0},{"not_picked":["Bane","Catalyst"],"picked":"Adrenaline","floor":3.0},{"not_picked":["Flying Knee","Heel Hook"],"picked":"Dagger Spray","floor":5.0},{"not_picked":["Acrobatics","Bane"],"picked":"Sucker Punch","floor":7.0},{"not_picked":["Bullet Time","Well Laid Plans"],"picked":"Footwork","floor":8.0},{"not_picked":["Sucker Punch","Tactician"],"picked":"Dash","floor":12.0},{"not_picked":["A Thousand Cuts","Grand Finale"],"picked":"Adrenaline","floor":16.0},{"not_picked":["Outmaneuver","Bouncing Flask"],"picked":"Riddle With Holes","floor":18.0},{"not_picked":["Expertise","Deadly Poison+1"],"picked":"Reflex","floor":21.0},{"not_picked":["Bane","Deadly Poison"],"picked":"Underhanded Strike","floor":24.0},{"not_picked":["Blade Dance","Underhanded Strike+1"],"picked":"Dash","floor":30.0},{"not_picked":["Underhanded Strike","Expertise"],"picked":"Acrobatics","floor":31.0},{"not_picked":["Storm of Steel","Tools of the Trade"],"picked":"Malaise","floor":33.0},{"not_picked":["Underhanded Strike","Blade Dance"],"picked":"Dodge and Roll+1","floor":35.0},{"not_picked":["Distraction","Dodge and Roll"],"picked":"Predator","floor":36.0},{"not_picked":["Endless Agony","Underhanded Strike","Expertise+1"],"picked":"SKIP","floor":38.0},{"not_picked":["Flying Knee","Blade Dance"],"picked":"Blur","floor":39.0},{"not_picked":["All Out Attack","Glass Knife","Calculated Gamble"],"picked":"SKIP","floor":40.0},{"not_picked":["Underhanded Strike","Bane"],"picked":"Caltrops","floor":47.0},{"not_picked":["Slice","Catalyst+1","Flying Knee"],"picked":"SKIP","floor":48.0},{"not_picked":["Deadly Poison","Catalyst"],"picked":"Finisher+1","floor":55.0}],"player_experience":725660,"relics_obtained":[{"floor":0.0,"key":"Bag of Preparation"},{"floor":0.0,"key":"Shuriken"},{"floor":0.0,"key":"FossilizedHelix"},{"floor":7.0,"key":"Mercury Hourglass"},{"floor":9.0,"key":"Juzu Bracelet"},{"floor":20.0,"key":"Necronomicon"},{"floor":24.0,"key":"Snake Skull"},{"floor":36.0,"key":"Incense Burner"},{"floor":40.0,"key":"Orichalcum"},{"floor":43.0,"key":"Du-Vu Doll"},{"floor":55.0,"key":"Ninja Scroll"}],"event_choices":[{"damage_healed":0.0,"max_hp_gain":0.0,"max_hp_loss":0.0,"gold_gain":0.0,"event_name":"Living Wall","player_choice":"Grow","floor":11.0,"gold_loss":0.0,"damage_taken":0.0,"cards_upgraded":["Footwork"]},{"damage_healed":0.0,"max_hp_gain":0.0,"max_hp_loss":0.0,"gold_gain":0.0,"event_name":"Big Fish","player_choice":"Box","floor":13.0,"gold_loss":0.0,"damage_taken":0.0,"relics_obtained":["War Paint"],"cards_obtained":["Regret"]},{"damage_healed":0.0,"max_hp_gain":0.0,"max_hp_loss":0.0,"gold_gain":0.0,"event_name":"Cursed Tome","player_choice":"Obtained Book","floor":20.0,"gold_loss":0.0,"damage_taken":21.0},{"damage_healed":0.0,"max_hp_gain":0.0,"max_hp_loss":0.0,"gold_gain":0.0,"event_name":"Duplicator","player_choice":"Copied","floor":22.0,"gold_loss":0.0,"damage_taken":0.0,"cards_obtained":["Reflex"]},{"damage_healed":0.0,"max_hp_gain":0.0,"max_hp_loss":0.0,"gold_gain":0.0,"cards_transformed":["Strike_G","Strike_G"],"event_name":"Drug Dealer","player_choice":"Became Test Subject","floor":28.0,"gold_loss":0.0,"damage_taken":0.0,"cards_obtained":["Slice","Cloak And Dagger"]},{"damage_healed":0.0,"max_hp_gain":0.0,"max_hp_loss":0.0,"gold_gain":0.0,"event_name":"MindBloom","player_choice":"Fight","floor":36.0,"gold_loss":0.0,"damage_taken":0.0},{"damage_healed":0.0,"max_hp_gain":0.0,"max_hp_loss":0.0,"gold_gain":0.0,"event_name":"Upgrade Shrine","player_choice":"Upgraded","floor":37.0,"gold_loss":0.0,"damage_taken":0.0,"cards_upgraded":["Malaise"]},{"damage_healed":0.0,"max_hp_gain":0.0,"max_hp_loss":0.0,"gold_gain":0.0,"event_name":"Mysterious Sphere","player_choice":"Ignored","floor":42.0,"gold_loss":0.0,"damage_taken":0.0},{"damage_healed":13.0,"max_hp_gain":0.0,"max_hp_loss":0.0,"gold_gain":0.0,"event_name":"Winding Halls","player_choice":"Writhe","floor":45.0,"gold_loss":0.0,"damage_taken":0.0,"cards_obtained":["Writhe"]},{"damage_healed":0.0,"max_hp_gain":0.0,"max_hp_loss":0.0,"gold_gain":0.0,"event_name":"Upgrade Shrine","player_choice":"Upgraded","floor":46.0,"gold_loss":0.0,"damage_taken":0.0,"cards_upgraded":["Adrenaline"]}],"is_beta":false,"boss_relics":[{"not_picked":["Ectoplasm","Lizard Tail"],"picked":"HoveringKite"},{"not_picked":["WristBlade","Runic Dome"],"picked":"Snecko Eye"}],"items_purged_floors":[4,14,19],"is_endless":false,"potions_floor_spawned":[3,12,16,21,31,36,40,47,55],"ascension_level":20}