{"gold_per_floor":[110,110,60,60,79,109,127,138,138,138,63,78,109,9,9,9],"floor_reached":16,"playtime":1352,"items_purged":["Strike_R","Strike_R"],"score":160,"play_id":"f790c26d-56ac-4fe6-aa1b-85265b5e96a6","local_time":"20190602163600","is_ascension_mode":false,"campfire_choices":[{"floor":10,"key":"REST"},{"floor":15,"key":"REST"}],"neow_cost":"","seed_source_timestamp":769626435267304,"circlet_count":0,"master_deck":["Strike_R","Defend_R","Defend_R","Defend_R","Defend_R","Bash","Body Slam","Body Slam","Shrug It Off","Pommel Strike","Ghostly Armor","Inflame"],"relics":["Burning Blood","Self Forming Clay","Dodecahedron","Mercury Hourglass"],"potions_floor_usage":[6,12,13],"damage_taken":[{"damage":20,"enemies":"Jaw Worm","floor":1,"turns":5},{"damage":1,"enemies":"Small Slimes","floor":5,"turns":4},{"damage":35,"enemies":"3 Sentries","floor":6,"turns":13},{"damage":0,"enemies":"2 Louse","floor":7,"turns":3},{"damage":18,"enemies":"Exordium Thugs","floor":8,"turns":8},{"damage":0,"enemies":"Gremlin Gang","floor":12,"turns":8},{"damage":28,"enemies":"Lagavulin","floor":13,"turns":9},{"damage":73,"enemies":"Slime Boss","floor":16,"turns":11}],"seed_played":"-510879752645271865","potions_obtained":[{"floor":5,"key":"PowerPotion"},{"floor":8,"key":"Dexterity Potion"},{"floor":12,"key":"Weak Potion"}],"is_trial":true,"path_per_floor":["M","?","?","?","M","E","M","M","T","R","$","M","E","$","R","B"],"character_chosen":"IRONCLAD","items_purchased":[],"campfire_rested":2,"item_purchase_floors":[],"current_hp_per_floor":[66,66,66,66,71,42,48,36,36,60,60,66,44,44,68,0],"gold":9,"neow_bonus":"","is_prod":false,"is_daily":false,"chose_seed":false,"campfire_upgraded":0,"win_rate":0,"timestamp":1559507760,"path_taken":["M","?","?","?","M","E","M","M","T","R","$","M","E","?","R","BOSS"],"build_version":"2019-01-23","purchased_purges":2,"victory":false,"max_hp_per_floor":[80,80,80,80,80,80,80,80,80,80,80,80,80,80,80,80],"card_choices":[{"not_picked":["Wild Strike","Cleave"],"picked":"Body Slam","floor":1},{"not_picked":["Cleave","Iron Wave"],"picked":"Body Slam","floor":5},{"not_picked":["Flex","Berserk"],"picked":"Shrug It Off","floor":6},{"not_picked":["Twin Strike","Thunderclap"],"picked":"Pommel Strike","floor":7},{"not_picked":["Clothesline","Iron Wave","Blood for Blood"],"picked":"SKIP","floor":8},{"not_picked":["Iron Wave","Flex"],"picked":"Ghostly Armor","floor":12},{"not_picked":["Feel No Pain","Armaments"],"picked":"Inflame","floor":13}],"player_experience":105740,"relics_obtained":[{"floor":6,"key":"Self Forming Clay"},{"floor":9,"key":"Dodecahedron"},{"floor":13,"key":"Mercury Hourglass"}],"event_choices":[{"damage_healed":0,"gold_gain":0,"player_choice":"Ignored","damage_taken":0,"max_hp_gain":0,"max_hp_loss":0,"event_name":"Liars Game","floor":2,"gold_loss":0},{"cards_removed":["Strike_R"],"damage_healed":0,"gold_gain":0,"player_choice":"Card Removal","damage_taken":0,"max_hp_gain":0,"max_hp_loss":0,"event_name":"The Cleric","floor":3,"gold_loss":50},{"cards_removed":["Strike_R"],"damage_healed":0,"gold_gain":0,"player_choice":"Forget","damage_taken":0,"max_hp_gain":0,"max_hp_loss":0,"event_name":"Living Wall","floor":4,"gold_loss":0}],"is_beta":false,"boss_relics":[],"items_purged_floors":[11,14],"is_endless":true,"potions_floor_spawned":[5,8,12],"killed_by":"Slime Boss","ascension_level":0}