{"gold_per_floor":[112,112,122,138,201,236,255,255,255,287,287,306,306,326,326,326],"floor_reached":16,"playtime":944,"items_purged":[],"score":224,"play_id":"a55a00bc-95b5-4150-934c-c56c8ac5e5f3","local_time":"20190329174159","is_ascension_mode":true,"campfire_choices":[{"floor":8.0,"key":"REST"},{"data":"Zap","floor":13.0,"key":"SMITH"},{"data":"Beam Cell","floor":15.0,"key":"SMITH"}],"neow_cost":"NONE","seed_source_timestamp":1062576629550854,"circlet_count":0,"master_deck":["AscendersBane","Strike_B","Strike_B","Strike_B","Strike_B","Defend_B+1","Defend_B","Defend_B","Defend_B","Zap+1","Dualcast","Self Repair+1","Compile Driver","Melter","Auto Shields","Multi-Cast+1","White Noise","Beam Cell+1","Go for the Eyes"],"special_seed":0,"relics":["Cracked Core","NeowsBlessing","Sundial","Shuriken"],"potions_floor_usage":[16],"damage_taken":[{"damage":0.0,"enemies":"Jaw Worm","floor":1.0,"turns":1.0},{"damage":0.0,"enemies":"Small Slimes","floor":3.0,"turns":1.0},{"damage":0.0,"enemies":"2 Louse","floor":4.0,"turns":1.0},{"damage":40.0,"enemies":"Lagavulin","floor":6.0,"turns":5.0},{"damage":6.0,"enemies":"Exordium Thugs","floor":7.0,"turns":5.0},{"damage":52.0,"enemies":"Gremlin Nob","floor":10.0,"turns":5.0},{"damage":2.0,"enemies":"Large Slime","floor":12.0,"turns":5.0},{"damage":6.0,"enemies":"Exordium Wildlife","floor":14.0,"turns":4.0},{"damage":48,"enemies":"Slime Boss","floor":16,"turns":6}],"seed_played":"-3570355228426806652","potions_obtained":[{"floor":1.0,"key":"Explosive Potion"},{"floor":3.0,"key":"Strength Potion"},{"floor":7.0,"key":"Block Potion"},{"floor":10.0,"key":"Regen Potion"},{"floor":14.0,"key":"FearPotion"}],"is_trial":false,"path_per_floor":["M","?","M","M","?","E","M","R","T","E","?","M","R","M","R","B"],"character_chosen":"DEFECT","items_purchased":[],"campfire_rested":1,"item_purchase_floors":[],"current_hp_per_floor":[64,43,53,63,63,33,37,58,58,16,16,36,36,40,40,0],"gold":326,"neow_bonus":"THREE_ENEMY_KILL","is_prod":false,"is_daily":false,"chose_seed":false,"campfire_upgraded":2,"win_rate":0,"timestamp":1553877719,"path_taken":["M","?","M","M","?","E","M","R","T","E","?","?","R","M","R","BOSS"],"build_version":"2019-01-23","purchased_purges":0,"victory":false,"max_hp_per_floor":[71,71,71,71,71,71,71,71,71,71,71,71,71,71,71,71],"card_choices":[{"not_picked":["Darkness","Stack"],"picked":"Self Repair","floor":1.0},{"not_picked":["Rip and Tear","Skim"],"picked":"Compile Driver","floor":3.0},{"not_picked":["Barrage","Capacitor"],"picked":"Melter","floor":4.0},{"not_picked":["Aggregate","Gash"],"picked":"Auto Shields","floor":6.0},{"not_picked":["Streamline","Darkness"],"picked":"Multi-Cast","floor":7.0},{"not_picked":["Gash","Turbo"],"picked":"White Noise","floor":10.0},{"not_picked":["Undo","Turbo"],"picked":"Beam Cell","floor":12.0},{"not_picked":["BootSequence","Leap"],"picked":"Go for the Eyes","floor":14.0}],"player_experience":740893,"relics_obtained":[{"floor":6.0,"key":"Sundial"},{"floor":10.0,"key":"Shuriken"}],"event_choices":[{"damage_healed":0.0,"max_hp_gain":0.0,"max_hp_loss":0.0,"gold_gain":0.0,"event_name":"Shining Light","player_choice":"Entered Light","floor":2.0,"gold_loss":0.0,"damage_taken":21.0,"cards_upgraded":["Self Repair","Defend_B"]},{"damage_healed":0.0,"max_hp_gain":0.0,"max_hp_loss":0.0,"gold_gain":63.0,"event_name":"Golden Wing","player_choice":"Gained Gold","floor":5.0,"gold_loss":0.0,"damage_taken":0.0},{"damage_healed":0.0,"max_hp_gain":0.0,"max_hp_loss":0.0,"gold_gain":0.0,"event_name":"Upgrade Shrine","player_choice":"Upgraded","floor":11.0,"gold_loss":0.0,"damage_taken":0.0,"cards_upgraded":["Multi-Cast"]}],"is_beta":false,"boss_relics":[],"items_purged_floors":[],"is_endless":false,"potions_floor_spawned":[1,3,7,10,14],"killed_by":"Slime Boss","ascension_level":20}