{"gold_per_floor":[13,13,0,12,26,57,57,92,167,202,202,227,251,271,271,361,361,377,427,452,291,15,15,50,50,74,87,87,103,103],"floor_reached":30,"playtime":1536,"items_purged":["Strike_G"],"score":540,"play_id":"32bda042-2c59-489b-bac8-f81b6d809682","local_time":"20190320230342","is_ascension_mode":true,"campfire_choices":[{"floor":11.0,"key":"REST"},{"floor":15.0,"key":"REST"},{"floor":23.0,"key":"REST"},{"floor":25.0,"key":"REST"},{"floor":28.0,"key":"REST"}],"neow_cost":"NO_GOLD","seed_source_timestamp":0,"circlet_count":0,"master_deck":["AscendersBane","Defend_G","Defend_G","Defend_G","Defend_G","Strike_G","Strike_G","Strike_G","Survivor","Neutralize","Cloak And Dagger","Deadly Poison","Quick Slash","Bouncing Flask","Bouncing Flask","Dagger Throw","Predator","Quick Slash","Infinite Blades","After Image","Tools of the Trade","Infinite Blades","Blur","Backflip","Backflip","Cloak And Dagger","Catalyst"],"special_seed":0,"relics":["Ring of the Snake","Pocketwatch","Golden Idol","Happy Flower","Shuriken","Blue Candle","Velvet Choker","DollysMirror","Shovel","Pen Nib"],"potions_floor_usage":[],"damage_taken":[{"damage":0.0,"enemies":"2 Louse","floor":1.0,"turns":3.0},{"damage":0.0,"enemies":"Small Slimes","floor":4.0,"turns":4.0},{"damage":1.0,"enemies":"Cultist","floor":5.0,"turns":3.0},{"damage":32.0,"enemies":"Gremlin Nob","floor":6.0,"turns":4.0},{"damage":16.0,"enemies":"Lagavulin","floor":8.0,"turns":5.0},{"damage":8.0,"enemies":"3 Sentries","floor":10.0,"turns":6.0},{"damage":10.0,"enemies":"Lots of Slimes","floor":12.0,"turns":4.0},{"damage":13.0,"enemies":"Blue Slaver","floor":13.0,"turns":4.0},{"damage":1.0,"enemies":"Looter","floor":14.0,"turns":3.0},{"damage":11.0,"enemies":"Hexaghost","floor":16.0,"turns":8.0},{"damage":0.0,"enemies":"Spheric Guardian","floor":18.0,"turns":3.0},{"damage":27.0,"enemies":"3 Byrds","floor":20.0,"turns":6.0},{"damage":15.0,"enemies":"Gremlin Leader","floor":24.0,"turns":7.0},{"damage":4.0,"enemies":"Centurion and Healer","floor":27.0,"turns":6.0},{"damage":29,"enemies":"Snake Plant","floor":29,"turns":4},{"damage":14,"enemies":"Chosen and Byrds","floor":30,"turns":7}],"seed_played":"-6011860817341044843","potions_obtained":[{"floor":5.0,"key":"Block Potion"},{"floor":6.0,"key":"Fire Potion"},{"floor":10.0,"key":"LiquidBronze"},{"floor":12.0,"key":"Regen Potion"},{"floor":13.0,"key":"Ancient Potion"},{"floor":16.0,"key":"GhostInAJar"}],"is_trial":false,"path_per_floor":["M","?","?","M","M","E","?","E","T","E","R","M","M","M","R","B",null,"M","?","M","$","$","R","E","R","T","M","R","M","M"],"character_chosen":"THE_SILENT","items_purchased":["GhostInAJar","Backflip","DollysMirror"],"campfire_rested":5,"item_purchase_floors":[21,22,22],"current_hp_per_floor":[59,59,59,59,58,26,26,10,10,2,20,10,11,10,28,17,49,49,43,16,16,16,34,19,37,37,33,51,22,8],"gold":103,"neow_bonus":"TRANSFORM_TWO_CARDS","is_prod":false,"is_daily":false,"chose_seed":false,"campfire_upgraded":0,"win_rate":0,"timestamp":1553119422,"path_taken":["M","?","?","M","M","E","?","E","T","E","R","M","M","M","R","BOSS","M","?","?","?","$","R","E","R","T","M","R","M","M"],"build_version":"2019-01-23","purchased_purges":1,"victory":false,"max_hp_per_floor":[66,66,66,66,66,66,60,60,60,60,60,60,60,60,60,60,60,60,60,60,60,60,60,60,60,60,60,60,60,60],"card_choices":[{"not_picked":["Accuracy","Acrobatics"],"picked":"Quick Slash","floor":1.0},{"not_picked":["Acrobatics","Concentrate"],"picked":"Bouncing Flask","floor":4.0},{"not_picked":["Masterful Stab","Calculated Gamble"],"picked":"Bouncing Flask","floor":5.0},{"not_picked":["Quick Slash","Dagger Spray"],"picked":"Dagger Throw","floor":6.0},{"not_picked":["Accuracy","Venomology"],"picked":"Predator","floor":8.0},{"not_picked":["Terror","Flying Knee"],"picked":"Quick Slash","floor":10.0},{"not_picked":["Outmaneuver","Dagger Throw"],"picked":"Infinite Blades","floor":12.0},{"not_picked":["Quick Slash","Sucker Punch"],"picked":"After Image","floor":13.0},{"not_picked":["Masterful Stab","Dagger Throw","Reflex"],"picked":"SKIP","floor":14.0},{"not_picked":["Doppelganger","Phantasmal Killer"],"picked":"Tools of the Trade","floor":16.0},{"not_picked":["Choke","Blade Dance"],"picked":"Infinite Blades","floor":18.0},{"not_picked":["Prepared+1","Eviscerate"],"picked":"Blur","floor":20.0},{"not_picked":["Deflect","Setup"],"picked":"Cloak And Dagger","floor":24.0},{"not_picked":["Tactician","Dagger Spray","Masterful Stab"],"picked":"SKIP","floor":27.0},{"not_picked":["Escape Plan","Acrobatics"],"picked":"Catalyst","floor":29}],"player_experience":723537,"relics_obtained":[{"floor":6.0,"key":"Pocketwatch"},{"floor":8.0,"key":"Happy Flower"},{"floor":9.0,"key":"Shuriken"},{"floor":10.0,"key":"Blue Candle"},{"floor":24.0,"key":"Shovel"},{"floor":26.0,"key":"Pen Nib"}],"event_choices":[{"damage_healed":0.0,"max_hp_gain":0.0,"max_hp_loss":0.0,"gold_gain":0.0,"event_name":"Scrap Ooze","player_choice":"Fled","floor":2.0,"gold_loss":0.0,"damage_taken":0.0},{"damage_healed":0.0,"max_hp_gain":0.0,"max_hp_loss":0.0,"gold_gain":0.0,"event_name":"World of Goop","player_choice":"Left Gold","floor":3.0,"gold_loss":13.0,"damage_taken":0.0},{"damage_healed":0.0,"max_hp_gain":0.0,"max_hp_loss":6.0,"gold_gain":0.0,"event_name":"Golden Idol","player_choice":"Lose Max HP","floor":7.0,"gold_loss":0.0,"damage_taken":0.0,"relics_obtained":["Golden Idol"]},{"damage_healed":0.0,"max_hp_gain":0.0,"max_hp_loss":0.0,"gold_gain":50.0,"event_name":"FaceTrader","player_choice":"Touch","floor":19.0,"gold_loss":0.0,"damage_taken":6.0}],"is_beta":false,"boss_relics":[{"not_picked":["Ring of the Serpent","Runic Dome"],"picked":"Velvet Choker"}],"items_purged_floors":[21],"is_endless":false,"potions_floor_spawned":[5,6,10,12,13,16,20],"killed_by":"Chosen and Byrds","ascension_level":20}