{"path_per_floor":["M","M","M","?","?","E","?","M","T","M","R","M","R","E","R","B",null,"M","?","M","M","$","R","E","R","T"],"character_chosen":"THE_SILENT","items_purchased":["Shuriken"],"gold_per_floor":[113,128,148,148,148,178,243,261,261,280,280,294,294,326,326,427,427,442,342,357,376,52,52,81,81,81],"floor_reached":27,"campfire_rested":4,"playtime":2311,"current_hp_per_floor":[65,63,63,63,60,30,30,27,27,29,50,50,50,52,70,56,70,60,60,55,32,32,53,16,37,37],"items_purged":["Writhe"],"gold":81,"play_id":"3a14f7b6-20e5-48ad-a233-4e5713d02699","is_prod":false,"is_daily":false,"campfire_rituals":0,"campfire_upgraded":1,"is_hardmode":false,"path_taken":["M","M","M","?","?","E","?","M","T","?","R","?","R","E","R","BOSS","M","?","?","M","$","R","E","R","T","M"],"build_version":"2018-01-11-PROD2","purchased_purges":1,"victory":false,"master_deck":["Defend_G","Defend_G","Defend_G","Defend_G","Defend_G","Strike_G","Strike_G","Strike_G","Strike_G","Survivor","Neutralize","Normality","Clumsy","Deadly Poison","Dash","Dash","All Out Attack","Crippling Poison","Dagger Throw","Bane","Poisoned Stab","Adrenaline","Corpse Explosion","Bouncing Flask","J.A.X.","Poisoned Stab"],"max_hp_per_floor":[70,70,70,70,70,70,70,70,70,70,70,70,70,70,70,70,70,70,70,70,70,70,70,70,70,70],"relics":["Calling Bell","Bag of Marbles","Anchor","Blood Vial","Vajra","Snake Skull","Orichalcum","Dodecahedron","The Specimen","Shuriken","Molten Egg","Gambling Chip"],"campfire_meditates":0,"card_choices":[{"not_picked":["All Out Attack","Infinite Blades"],"picked":"Deadly Poison"},{"not_picked":["Acrobatics","All Out Attack"],"picked":"Dash"},{"not_picked":["PiercingWail","Footwork"],"picked":"Dash"},{"not_picked":["Malaise","Flying Knee"],"picked":"Crippling Poison"},{"not_picked":["Slice","Eviscerate"],"picked":"Dagger Throw"},{"not_picked":["Venomology","Dodge and Roll"],"picked":"Bane"},{"not_picked":["Backstab","Blade Dance"],"picked":"Poisoned Stab"},{"not_picked":["Finisher","Escape Plan"],"picked":"Adrenaline"},{"not_picked":["Burst","Bullet Time"],"picked":"Corpse Explosion"},{"not_picked":["Well Laid Plans","Deadly Poison"],"picked":"Bouncing Flask"},{"not_picked":["Backflip","Catalyst"],"picked":"Poisoned Stab"}],"player_experience":16977,"potions_floor_usage":[6,14,18,24,27,27],"damage_taken":[{"damage":5,"enemies":"Jaw Worm","floor":1,"turns":5},{"damage":4,"enemies":"Blue Slaver","floor":2,"turns":5},{"damage":2,"enemies":"2 Louse","floor":3,"turns":4},{"damage":32,"enemies":"Lagavulin","floor":6,"turns":11},{"damage":5,"enemies":"Exordium Wildlife","floor":8,"turns":4},{"damage":0,"enemies":"3 Louse","floor":10,"turns":1},{"damage":2,"enemies":"Gremlin Gang","floor":12,"turns":5},{"damage":0,"enemies":"Gremlin Nob","floor":14,"turns":4},{"damage":14,"enemies":"Hexaghost","floor":16,"turns":9},{"damage":10,"enemies":"Spheric Guardian","floor":18,"turns":5},{"damage":7,"enemies":"Chosen","floor":20,"turns":5},{"damage":25,"enemies":"Centurion and Healer","floor":21,"turns":6},{"damage":39,"enemies":"Slavers","floor":24,"turns":4},{"damage":43,"enemies":"3 Cultists","floor":27,"turns":6}],"event_choices":[{"event_name":"Transmorgrifier","player_choice":"Transform","floor":4,"damage_taken":0},{"event_name":"Scrap Ooze","player_choice":"success","floor":5,"damage_taken":3},{"event_name":"Golden Wing","player_choice":"Gained Gold","floor":7,"damage_taken":0},{"event_name":"Drug Dealer","player_choice":"Got JAXXED","floor":19,"damage_taken":0}],"boss_relics":[{"not_picked":["Lizard Tail","Astrolabe"],"picked":"The Specimen"}],"potions_floor_spawned":[3,10,14,16,18,21],"seed_played":"8484207593321237882","killed_by":"3 Cultists","is_trial":false}