{"gold_per_floor":[115,115,128,128,128,128,171,171,171,189,189,227,296,321,321,415,478,501,426,439,53,53,53,73,73,73,73,73],"floor_reached":28,"playtime":798,"items_purged":["Injury"],"score":448,"play_id":"c414170a-ce36-47cf-afe9-dc8152eddc86","local_time":"20190622193016","is_ascension_mode":true,"campfire_choices":[{"data":"Zap","floor":6,"key":"SMITH"},{"data":"Conserve Battery","floor":8,"key":"SMITH"},{"data":"Self Repair","floor":11,"key":"SMITH"},{"data":"Glacier","floor":15,"key":"SMITH"},{"data":"Capacitor","floor":23,"key":"SMITH"},{"data":"Armaments","floor":25,"key":"SMITH"}],"neow_cost":"NONE","seed_source_timestamp":414915788779200,"circlet_count":0,"master_deck":["AscendersBane","Strike_B+1","Strike_B+1","Defend_B","Defend_B","Zap+1","Dualcast","Conserve Battery+1","Self Repair+1","Redo","Glacier+1","Storm","Cold Snap","Barrage+1","White Noise","Electrodynamics","Compile Driver","Genetic Algorithm","FTL","Capacitor+1","Undo","Conserve Battery","Armaments+1","Fusion"],"relics":["Cracked Core","NeowsBlessing","Golden Idol","Whetstone","Pantograph","Vajra","Potion Belt","Tiny House","PrismaticShard","The Courier"],"potions_floor_usage":[16,18,24,28],"damage_taken":[{"damage":0,"enemies":"Small Slimes","floor":1,"turns":1},{"damage":0,"enemies":"2 Louse","floor":3,"turns":1},{"damage":0,"enemies":"Gremlin Nob","floor":7,"turns":1},{"damage":0,"enemies":"Jaw Worm","floor":10,"turns":3},{"damage":6,"enemies":"Lagavulin","floor":12,"turns":9},{"damage":44,"enemies":"Gremlin Nob","floor":13,"turns":5},{"damage":0,"enemies":"2 Fungi Beasts","floor":14,"turns":4},{"damage":5,"enemies":"The Guardian","floor":16,"turns":8},{"damage":3,"enemies":"Chosen","floor":18,"turns":4},{"damage":20,"enemies":"Shell Parasite","floor":20,"turns":7},{"damage":33,"enemies":"Snake Plant","floor":24,"turns":4},{"damage":43,"enemies":"Slavers","floor":28,"turns":4}],"seed_played":"6322537022398288908","potions_obtained":[{"floor":3,"key":"SteroidPotion"},{"floor":13,"key":"EssenceOfSteel"},{"floor":14,"key":"FearPotion"},{"floor":17,"key":"SpeedPotion"},{"floor":20,"key":"PowerPotion"}],"is_trial":false,"path_per_floor":["M","$","M","?","?","R","E","R","T","M","R","E","?","M","R","B",null,"M","?","M","$","?","R","M","R","T","?","E"],"character_chosen":"DEFECT","items_purchased":["Capacitor","PrismaticShard"],"campfire_rested":0,"item_purchase_floors":[21,21],"current_hp_per_floor":[64,64,64,64,64,64,64,64,64,71,71,71,37,47,47,71,76,76,76,66,66,66,66,43,43,43,43,0],"gold":73,"neow_bonus":"THREE_ENEMY_KILL","is_prod":false,"is_daily":false,"chose_seed":false,"campfire_upgraded":6,"win_rate":0,"timestamp":1561224616,"path_taken":["M","$","M","?","?","R","E","R","T","M","R","E","?","?","R","BOSS","M","?","M","$","?","R","M","R","T","?","E"],"build_version":"2019-01-23","purchased_purges":1,"victory":false,"max_hp_per_floor":[71,71,71,71,71,71,71,71,71,71,71,71,71,71,71,71,76,76,76,76,76,76,76,76,76,76,76,76],"card_choices":[{"not_picked":["Leap","Steam"],"picked":"Conserve Battery","floor":1},{"not_picked":["Go for the Eyes","Loop"],"picked":"Self Repair","floor":3},{"not_picked":["All For One","Force Field"],"picked":"Glacier","floor":7},{"not_picked":["Lockon","Barrage"],"picked":"Storm","floor":10},{"not_picked":["Barrage","Streamline"],"picked":"Cold Snap","floor":12},{"not_picked":["Reprogram","Steam Power"],"picked":"Barrage","floor":13},{"not_picked":["Redo","Conserve Battery"],"picked":"White Noise","floor":14},{"not_picked":["Multi-Cast","Amplify"],"picked":"Electrodynamics","floor":16},{"not_picked":["Double Energy","Barrage"],"picked":"Compile Driver","floor":17},{"not_picked":["Melter","White Noise"],"picked":"Genetic Algorithm","floor":18},{"not_picked":["Streamline","Double Energy"],"picked":"FTL","floor":20},{"not_picked":["Hologram","Dark Shackles+1"],"picked":"Armaments","floor":24}],"player_experience":1441098,"relics_obtained":[{"floor":7,"key":"Whetstone"},{"floor":9,"key":"Pantograph"},{"floor":12,"key":"Vajra"},{"floor":26,"key":"The Courier"}],"event_choices":[{"damage_healed":0,"gold_gain":0,"player_choice":"Take Wound","damage_taken":0,"relics_obtained":["Golden Idol"],"max_hp_gain":0,"max_hp_loss":0,"event_name":"Golden Idol","floor":4,"gold_loss":0,"cards_obtained":["Injury"]},{"damage_healed":0,"gold_gain":0,"cards_transformed":["Strike_B"],"player_choice":"Change","damage_taken":0,"max_hp_gain":0,"max_hp_loss":0,"event_name":"Living Wall","floor":5,"gold_loss":0,"cards_obtained":["Redo"]},{"damage_healed":0,"gold_gain":0,"player_choice":"Searched \u00273\u0027 times","damage_taken":0,"relics_obtained":["Potion Belt"],"max_hp_gain":0,"max_hp_loss":0,"event_name":"Dead Adventurer","floor":13,"gold_loss":0},{"cards_removed":["Strike_B"],"damage_healed":0,"gold_gain":0,"player_choice":"Gave Gold","damage_taken":0,"max_hp_gain":0,"max_hp_loss":0,"event_name":"Beggar","floor":19,"gold_loss":75},{"damage_healed":0,"gold_gain":0,"cards_transformed":["Defend_B","Defend_B"],"player_choice":"Became Test Subject","damage_taken":0,"max_hp_gain":0,"max_hp_loss":0,"event_name":"Drug Dealer","floor":22,"gold_loss":0,"cards_obtained":["Undo","Conserve Battery"]},{"damage_healed":0,"gold_gain":0,"player_choice":"Read","damage_taken":0,"max_hp_gain":0,"max_hp_loss":0,"event_name":"The Library","floor":27,"gold_loss":0,"cards_obtained":["Fusion"]}],"is_beta":false,"boss_relics":[{"not_picked":["Fusion Hammer","Orrery"],"picked":"Tiny House"}],"items_purged_floors":[21],"is_endless":false,"potions_floor_spawned":[3,13,14,20],"killed_by":"Slavers","ascension_level":16}