{"gold_per_floor":[116,116,116,266,266,292,311,322,390,419,433,433,451,463,463,542,542,554,554,554,554,570,570,570,570,570,570,570,120,120],"floor_reached":30,"playtime":752,"items_purged":["Strike_G+1"],"score":470,"play_id":"525c2997-37b6-4b2b-ab15-0be50a72fd12","local_time":"20190524200343","is_ascension_mode":true,"campfire_choices":[{"floor":12,"key":"REST"},{"data":"Noxious Fumes","floor":15,"key":"SMITH"},{"data":"Bullet Time","floor":23,"key":"SMITH"},{"data":"RitualDagger","floor":25,"key":"SMITH"},{"data":"Blade Dance","floor":27,"key":"SMITH"}],"neow_cost":"NONE","seed_source_timestamp":938898041474300,"circlet_count":0,"master_deck":["AscendersBane","Defend_G+1","Defend_G+1","Defend_G+1","Defend_G+1","Defend_G+1","Strike_G+1","Strike_G+1","Strike_G+1","Strike_G+1","Survivor+1","Neutralize","Blade Dance+1","Well Laid Plans","Noxious Fumes+1","Footwork","Backstab","Deadly Poison","Poisoned Stab","Bullet Time+1","Finisher","Infinite Blades+1","Terror","Blur","Caltrops+1","Leg Sweep+1","RitualDagger+1","Footwork+1","Accuracy+1"],"relics":["Ring of the Snake","NeowsBlessing","Smiling Mask","Frozen Egg 2","Nunchaku","Orrery","Juzu Bracelet","Girya","Nilry\u0027s Codex","Ninja Scroll"],"potions_floor_usage":[10,16,18,30],"damage_taken":[{"damage":0,"enemies":"Jaw Worm","floor":1,"turns":1},{"damage":0,"enemies":"Lagavulin","floor":6,"turns":1},{"damage":0,"enemies":"2 Louse","floor":7,"turns":1},{"damage":0,"enemies":"Small Slimes","floor":8,"turns":4},{"damage":39,"enemies":"Gremlin Nob","floor":10,"turns":5},{"damage":6,"enemies":"Exordium Wildlife","floor":11,"turns":4},{"damage":0,"enemies":"Large Slime","floor":13,"turns":7},{"damage":7,"enemies":"Looter","floor":14,"turns":4},{"damage":2,"enemies":"Slime Boss","floor":16,"turns":7},{"damage":19,"enemies":"Shell Parasite","floor":18,"turns":5},{"damage":15,"enemies":"3 Byrds","floor":22,"turns":4},{"damage":18,"enemies":"Book of Stabbing","floor":30,"turns":3}],"seed_played":"-3846058002518502382","potions_obtained":[{"floor":6,"key":"Dexterity Potion"},{"floor":8,"key":"Regen Potion"},{"floor":10,"key":"Strength Potion"},{"floor":13,"key":"GhostInAJar"},{"floor":22,"key":"Ancient Potion"}],"is_trial":false,"path_per_floor":["M","?","$","?","?","E","M","M","T","E","M","R","M","M","R","B",null,"M","?","?","?","M","R","?","R","T","R","?","$","E"],"character_chosen":"THE_SILENT","items_purchased":["Ninja Scroll","Accuracy+1","Regen Potion"],"campfire_rested":1,"item_purchase_floors":[29,29,29],"current_hp_per_floor":[59,39,39,39,32,32,32,32,32,8,2,21,21,14,14,12,53,34,34,34,28,13,13,26,26,26,26,5,5,0],"gold":120,"neow_bonus":"THREE_ENEMY_KILL","is_prod":false,"is_daily":false,"chose_seed":false,"campfire_upgraded":4,"win_rate":0,"timestamp":1558721023,"path_taken":["M","?","$","?","?","E","?","M","T","E","M","R","M","M","R","BOSS","M","?","?","?","M","R","?","R","T","R","?","$","E"],"build_version":"2019-01-23","purchased_purges":1,"victory":false,"max_hp_per_floor":[66,66,66,66,66,66,66,66,66,66,66,66,66,66,66,66,66,66,66,66,66,66,66,66,66,66,66,66,66,66],"card_choices":[{"not_picked":["Slice","Underhanded Strike"],"picked":"Blade Dance","floor":1},{"not_picked":["Tactician","Flying Knee"],"picked":"Well Laid Plans","floor":6},{"not_picked":["Backflip","All Out Attack"],"picked":"Noxious Fumes","floor":7},{"not_picked":["PiercingWail","Deadly Poison"],"picked":"Footwork","floor":8},{"not_picked":["Quick Slash","Escape Plan"],"picked":"Backstab","floor":10},{"not_picked":["Underhanded Strike","Unload"],"picked":"Deadly Poison","floor":11},{"not_picked":["Quick Slash","Concentrate"],"picked":"Poisoned Stab","floor":13},{"not_picked":["Underhanded Strike","Slice"],"picked":"Poisoned Stab","floor":14},{"not_picked":["Die Die Die","Storm of Steel"],"picked":"Bullet Time","floor":16},{"not_picked":["Poisoned Stab","Blade Dance"],"picked":"Finisher","floor":17},{"not_picked":["Reflex","Flying Knee"],"picked":"Infinite Blades+1","floor":17},{"not_picked":["Slice","Choke"],"picked":"Terror","floor":17},{"not_picked":["Flechettes","Blade Dance"],"picked":"Blur","floor":17},{"not_picked":["Sucker Punch","Bane"],"picked":"Caltrops+1","floor":17},{"not_picked":["Deflect","Dodge and Roll"],"picked":"Leg Sweep+1","floor":18},{"not_picked":["Dagger Throw","Outmaneuver+1"],"picked":"Footwork+1","floor":22}],"player_experience":1196093,"relics_obtained":[{"floor":6,"key":"Smiling Mask"},{"floor":9,"key":"Frozen Egg 2"},{"floor":10,"key":"Nunchaku"},{"floor":26,"key":"Girya"},{"floor":28,"key":"Nilry\u0027s Codex"}],"event_choices":[{"damage_healed":0,"gold_gain":0,"player_choice":"Entered Light","damage_taken":20,"max_hp_gain":0,"max_hp_loss":0,"event_name":"Shining Light","floor":2,"gold_loss":0,"cards_upgraded":["Survivor","Defend_G"]},{"damage_healed":0,"gold_gain":150,"player_choice":"AGREE","damage_taken":0,"max_hp_gain":0,"max_hp_loss":0,"event_name":"Liars Game","floor":4,"gold_loss":0,"cards_obtained":["Doubt"]},{"cards_removed":["Doubt"],"damage_healed":0,"gold_gain":0,"player_choice":"Card Removal","damage_taken":7,"max_hp_gain":0,"max_hp_loss":0,"event_name":"Golden Wing","floor":5,"gold_loss":0},{"damage_healed":0,"gold_gain":0,"player_choice":"Simplicity","damage_taken":0,"max_hp_gain":0,"max_hp_loss":0,"event_name":"Back to Basics","floor":19,"gold_loss":0,"cards_upgraded":["Defend_G","Defend_G","Defend_G","Defend_G","Strike_G","Strike_G","Strike_G","Strike_G","Strike_G"]},{"cards_removed":["Poisoned Stab"],"damage_healed":0,"gold_gain":0,"player_choice":"Gave Card","damage_taken":0,"relics_obtained":["Juzu Bracelet"],"max_hp_gain":0,"max_hp_loss":0,"event_name":"WeMeetAgain","floor":20,"gold_loss":0},{"damage_healed":0,"gold_gain":0,"player_choice":"Joined the Cult","damage_taken":6,"max_hp_gain":0,"max_hp_loss":0,"event_name":"Nest","floor":21,"gold_loss":0,"cards_obtained":["RitualDagger"]},{"damage_healed":13,"gold_gain":0,"player_choice":"Heal","damage_taken":0,"max_hp_gain":0,"max_hp_loss":0,"event_name":"The Library","floor":24,"gold_loss":0},{"damage_healed":0,"gold_gain":0,"player_choice":"Obtained Book","damage_taken":21,"max_hp_gain":0,"max_hp_loss":0,"event_name":"Cursed Tome","floor":28,"gold_loss":0}],"is_beta":false,"boss_relics":[{"not_picked":["Velvet Choker","Fusion Hammer"],"picked":"Orrery"}],"items_purged_floors":[29],"is_endless":false,"potions_floor_spawned":[6,8,10,13,14,22],"killed_by":"Book of Stabbing","ascension_level":16}