{"gold_per_floor":[113,132,152,152,152,186,186,214,214,233,244,244,244,262,262,357,357,373,90,90,109,119,119,145,155,155,165,165,181,7,18,18,123,123,143,76,76,76,93,93,126,126,126,138,138,168,18,29,29,29,29,29,29,56,56],"floor_reached":55,"playtime":2663,"items_purged":["Pain","Strike_B"],"score":769,"play_id":"85a34275-0a5f-45bd-b9ab-176a7656b840","local_time":"20190625184915","is_ascension_mode":true,"campfire_choices":[{"floor":7,"key":"REST"},{"data":"White Noise","floor":12,"key":"SMITH"},{"floor":15,"key":"REST"},{"data":"Skim","floor":23,"key":"SMITH"},{"floor":28,"key":"REST"},{"floor":32,"key":"REST"},{"floor":40,"key":"RECALL"},{"data":"Skim","floor":42,"key":"SMITH"},{"data":"Turbo","floor":45,"key":"SMITH"},{"data":"Seek","floor":49,"key":"SMITH"},{"data":"Turbo","floor":52,"key":"SMITH"}],"neow_cost":"PERCENT_DAMAGE","seed_source_timestamp":1131814178476079,"circlet_count":0,"master_deck":["Strike_B","Strike_B","Defend_B","Defend_B","Defend_B","Defend_B","Zap+1","Dualcast","Melter","Leap","Compile Driver","Genetic Algorithm","White Noise+1","Turbo+1","Storm","Electrodynamics","Static Discharge+1","Creative AI+1","Skim+1","Steam","Storm+1","Auto Shields","Defragment+1","Conserve Battery+1","Turbo+1","Steam","Skim+1","Biased Cognition+1","Sunder+1","Melter+1","Recycle+1","Leap","Seek+1"],"relics":["Cracked Core","Dead Branch","Singing Bowl","Omamori","Calling Bell","PreservedInsect","Frozen Egg 2","FossilizedHelix","Centennial Puzzle","Molten Egg 2","Busted Crown","Kunai","Bottled Flame","Bag of Marbles","Pocketwatch"],"potions_floor_usage":[6,8,16,33,46,55,55],"damage_taken":[{"damage":1,"enemies":"2 Louse","floor":1,"turns":2},{"damage":0,"enemies":"Small Slimes","floor":2,"turns":2},{"damage":0,"enemies":"Cultist","floor":3,"turns":2},{"damage":26,"enemies":"Gremlin Nob","floor":6,"turns":4},{"damage":17,"enemies":"Lagavulin","floor":8,"turns":7},{"damage":0,"enemies":"2 Fungi Beasts","floor":10,"turns":2},{"damage":0,"enemies":"Red Slaver","floor":11,"turns":4},{"damage":5,"enemies":"Looter","floor":14,"turns":3},{"damage":29,"enemies":"Hexaghost","floor":16,"turns":8},{"damage":0,"enemies":"Spheric Guardian","floor":18,"turns":1},{"damage":5,"enemies":"2 Thieves","floor":21,"turns":4},{"damage":21,"enemies":"Shelled Parasite and Fungi","floor":22,"turns":4},{"damage":13,"enemies":"Slavers","floor":24,"turns":3},{"damage":0,"enemies":"Sentry and Sphere","floor":25,"turns":2},{"damage":8,"enemies":"Snecko","floor":27,"turns":6},{"damage":2,"enemies":"Snake Plant","floor":29,"turns":3},{"damage":9,"enemies":"Shelled Parasite and Fungi","floor":31,"turns":3},{"damage":12,"enemies":"Champ","floor":33,"turns":8},{"damage":0,"enemies":"3 Darklings","floor":35,"turns":2},{"damage":0,"enemies":"Orb Walker","floor":39,"turns":3},{"damage":2,"enemies":"Giant Head","floor":41,"turns":4},{"damage":0,"enemies":"Spire Growth","floor":44,"turns":5},{"damage":10,"enemies":"Reptomancer","floor":46,"turns":3},{"damage":0,"enemies":"Jaw Worm Horde","floor":48,"turns":3},{"damage":10,"enemies":"Donu and Deca","floor":50,"turns":4},{"damage":30,"enemies":"Shield and Spear","floor":54,"turns":4},{"damage":73,"enemies":"The Heart","floor":55,"turns":5}],"seed_played":"-8607594819292571057","potions_obtained":[{"floor":1,"key":"Ancient Potion"},{"floor":2,"key":"SneckoOil"},{"floor":5,"key":"FearPotion"},{"floor":5,"key":"SpeedPotion"},{"floor":10,"key":"Weak Potion"},{"floor":16,"key":"Fruit Juice"},{"floor":18,"key":"Ancient Potion"},{"floor":22,"key":"FearPotion"},{"floor":31,"key":"Fire Potion"},{"floor":41,"key":"SkillPotion"},{"floor":44,"key":"Weak Potion"}],"is_trial":false,"path_per_floor":["M","M","M","?","?","E","R","E","T","M","M","R","?","M","R","B",null,"M","$","?","M","M","R","E","M","T","M","R","M","$","M","R","B",null,"M","$","?","?","M","R","E","R","T","M","R","E","$","M","R","B",null,"R","$","E","B"],"character_chosen":"DEFECT","items_purchased":["Creative AI+1","Skim","Turbo","Steam","Melter+1","Seek"],"campfire_rested":4,"item_purchase_floors":[19,19,30,30,36,47],"current_hp_per_floor":[53,53,53,53,53,27,49,32,32,32,32,32,32,27,49,25,80,80,80,80,75,54,54,41,41,41,35,59,59,59,50,75,63,84,84,84,84,84,84,84,84,84,84,84,84,76,76,78,78,68,90,90,90,62,0],"gold":56,"neow_bonus":"ONE_RARE_RELIC","is_prod":false,"is_daily":false,"chose_seed":false,"campfire_upgraded":6,"win_rate":0,"timestamp":1561502955,"path_taken":["M","M","M","?","?","E","R","E","T","M","?","R","?","?","R","BOSS","M","$","?","?","M","R","E","M","T","M","R","M","$","M","R","BOSS","M","$","?","?","M","R","E","R","T","M","R","E","$","?","R","BOSS","R","$","E","BOSS"],"build_version":"2019-01-23","purchased_purges":2,"victory":false,"max_hp_per_floor":[75,75,75,75,75,75,75,75,75,75,75,75,75,75,75,80,80,80,80,80,80,80,80,80,80,80,82,82,84,84,84,84,84,84,84,84,84,84,84,84,86,86,86,86,86,88,88,90,90,90,90,90,90,92,92],"card_choices":[{"not_picked":["Leap","Barrage"],"picked":"Melter","floor":1},{"not_picked":["Skim","Capacitor"],"picked":"Leap","floor":2},{"not_picked":["Redo","Coolheaded"],"picked":"Compile Driver","floor":3},{"not_picked":["Turbo","Ball Lightning"],"picked":"Genetic Algorithm","floor":6},{"not_picked":["Beam Cell","Leap"],"picked":"White Noise","floor":8},{"not_picked":["Capacitor","Rebound"],"picked":"Auto Shields","floor":10},{"not_picked":["Stack","Aggregate"],"picked":"Turbo","floor":11},{"not_picked":["Double Energy","Gash"],"picked":"Storm","floor":14},{"not_picked":["Multi-Cast","Rainbow"],"picked":"Electrodynamics","floor":16},{"not_picked":["Sweeping Beam","Conserve Battery"],"picked":"Static Discharge+1","floor":18},{"not_picked":["Conserve Battery","Stack+1"],"picked":"Storm+1","floor":21},{"not_picked":["Gash","Conserve Battery"],"picked":"Auto Shields","floor":22},{"not_picked":["Rebound","Hologram"],"picked":"Defragment+1","floor":24},{"not_picked":["Barrage","Compile Driver"],"picked":"Conserve Battery+1","floor":25},{"not_picked":["Consume","Melter+1","Scrape+1"],"picked":"Singing Bowl","floor":27},{"not_picked":["Rebound+1","Conserve Battery","Multi-Cast"],"picked":"Singing Bowl","floor":29},{"not_picked":["Coolheaded","Static Discharge+1"],"picked":"Skim","floor":31},{"not_picked":["Meteor Strike+1","Hyperbeam+1"],"picked":"Biased Cognition+1","floor":33},{"not_picked":[],"picked":"Sunder+1","floor":35},{"not_picked":[],"picked":"Recycle+1","floor":39},{"not_picked":["Ball Lightning+1"],"picked":"Singing Bowl","floor":41},{"not_picked":[],"picked":"Leap","floor":44},{"not_picked":["Gash+1"],"picked":"Singing Bowl","floor":46},{"not_picked":["Coolheaded"],"picked":"Singing Bowl","floor":48},{"not_picked":["Meteor Strike+1"],"picked":"Singing Bowl","floor":54}],"player_experience":242058,"relics_obtained":[{"floor":6,"key":"Singing Bowl"},{"floor":8,"key":"Omamori"},{"floor":17,"key":"PreservedInsect"},{"floor":17,"key":"Frozen Egg 2"},{"floor":17,"key":"FossilizedHelix"},{"floor":24,"key":"Centennial Puzzle"},{"floor":26,"key":"Molten Egg 2"},{"floor":41,"key":"Kunai"},{"floor":43,"key":"Bottled Flame"},{"floor":46,"key":"Bag of Marbles"},{"floor":54,"key":"Pocketwatch"}],"event_choices":[{"damage_healed":0,"gold_gain":0,"player_choice":"Ignored","damage_taken":0,"max_hp_gain":0,"max_hp_loss":0,"event_name":"Liars Game","floor":4,"gold_loss":0},{"damage_healed":0,"gold_gain":0,"player_choice":"Got Potions","damage_taken":0,"max_hp_gain":0,"max_hp_loss":0,"event_name":"Lab","floor":5,"gold_loss":0},{"cards_removed":["Strike_B"],"damage_healed":0,"gold_gain":0,"player_choice":"Purged","damage_taken":0,"max_hp_gain":0,"max_hp_loss":0,"event_name":"Purifier","floor":13,"gold_loss":0},{"damage_healed":0,"gold_gain":0,"player_choice":"1 cards matched","damage_taken":0,"max_hp_gain":0,"max_hp_loss":0,"event_name":"Match and Keep!","floor":20,"gold_loss":0,"cards_obtained":["Steam"]},{"cards_removed":["Auto Shields"],"damage_healed":0,"gold_gain":0,"player_choice":"Removed Skill","damage_taken":0,"max_hp_gain":0,"max_hp_loss":0,"event_name":"Falling","floor":37,"gold_loss":0},{"damage_healed":0,"gold_gain":0,"player_choice":"Upgraded","damage_taken":0,"max_hp_gain":0,"max_hp_loss":0,"event_name":"Upgrade Shrine","floor":38,"gold_loss":0,"cards_upgraded":["Zap"]}],"is_beta":false,"boss_relics":[{"not_picked":["Tiny House","Eternal Feather"],"picked":"Calling Bell"},{"not_picked":["Nuclear Battery","Velvet Choker"],"picked":"Busted Crown"}],"items_purged_floors":[19,30],"is_endless":false,"potions_floor_spawned":[1,2,10,16,18,22,24,31,41,44],"killed_by":"The Heart","ascension_level":1}