{"gold_per_floor":[16,16,16,91,107,107,119,119,119,146,158,158,190,206,206,206],"floor_reached":16,"playtime":599,"items_purged":[],"score":193,"play_id":"2bc0e28d-b2f0-4fce-a83e-950146fac1a4","local_time":"20190514084353","is_ascension_mode":true,"campfire_choices":[{"data":"Neutralize","floor":6,"key":"SMITH"},{"data":"Die Die Die","floor":8,"key":"SMITH"},{"floor":12,"key":"REST"},{"floor":15,"key":"REST"}],"neow_cost":"NO_GOLD","seed_source_timestamp":34240242353200,"circlet_count":0,"master_deck":["AscendersBane","Defend_G","Defend_G","Defend_G","Defend_G","Defend_G","Strike_G","Strike_G","Strike_G","Strike_G","Strike_G","Survivor","Neutralize+1","Die Die Die+1","Backflip","Prepared","Dagger Throw","Corpse Explosion","Flying Knee","PiercingWail","Acrobatics"],"relics":["Ring of the Snake","Tingsha","Darkstone Periapt","Mummified Hand","Regal Pillow"],"potions_floor_usage":[7,10],"damage_taken":[{"damage":1,"enemies":"Jaw Worm","floor":1,"turns":6},{"damage":0,"enemies":"Small Slimes","floor":5,"turns":3},{"damage":0,"enemies":"2 Louse","floor":7,"turns":1},{"damage":12,"enemies":"3 Sentries","floor":10,"turns":8},{"damage":0,"enemies":"Blue Slaver","floor":11,"turns":3},{"damage":23,"enemies":"Lagavulin","floor":13,"turns":7},{"damage":0,"enemies":"Looter","floor":14,"turns":3},{"damage":47,"enemies":"The Guardian","floor":16,"turns":10}],"seed_played":"59129849982332735","potions_obtained":[{"floor":1,"key":"Explosive Potion"},{"floor":5,"key":"Energy Potion"}],"is_trial":false,"path_per_floor":["M","$","?","?","M","R","M","R","T","E","M","R","E","M","R","B"],"character_chosen":"THE_SILENT","items_purchased":[],"campfire_rested":2,"item_purchase_floors":[],"current_hp_per_floor":[58,58,40,29,29,29,29,29,29,17,17,36,13,13,47,0],"gold":206,"neow_bonus":"THREE_RARE_CARDS","is_prod":false,"is_daily":false,"chose_seed":false,"campfire_upgraded":2,"win_rate":0,"timestamp":1557816233,"path_taken":["M","$","?","?","M","R","M","R","T","E","M","R","E","M","R","BOSS"],"build_version":"2019-01-23","purchased_purges":0,"victory":false,"max_hp_per_floor":[66,66,66,66,66,66,66,66,66,66,66,66,66,66,66,66],"card_choices":[{"not_picked":["Grand Finale","Unload"],"picked":"Die Die Die","floor":0},{"not_picked":["Slice","Choke"],"picked":"Backflip","floor":1},{"not_picked":["Flechettes","Concentrate"],"picked":"Prepared","floor":5},{"not_picked":["Blade Dance","Doppelganger"],"picked":"Dagger Throw","floor":7},{"not_picked":["Quick Slash","Sucker Punch"],"picked":"Corpse Explosion","floor":10},{"not_picked":["Eviscerate","Dodge and Roll"],"picked":"Flying Knee","floor":11},{"not_picked":["Sucker Punch","Accuracy"],"picked":"PiercingWail","floor":13},{"not_picked":["Cloak And Dagger","Terror"],"picked":"Acrobatics","floor":14}],"player_experience":1084427,"relics_obtained":[{"floor":9,"key":"Darkstone Periapt"},{"floor":10,"key":"Mummified Hand"},{"floor":13,"key":"Regal Pillow"}],"event_choices":[{"damage_healed":0,"gold_gain":0,"player_choice":"Success","damage_taken":18,"relics_obtained":["Tingsha"],"max_hp_gain":0,"max_hp_loss":0,"event_name":"Scrap Ooze","floor":3,"gold_loss":0},{"damage_healed":0,"gold_gain":75,"player_choice":"Gather Gold","damage_taken":11,"max_hp_gain":0,"max_hp_loss":0,"event_name":"World of Goop","floor":4,"gold_loss":0}],"is_beta":false,"boss_relics":[],"items_purged_floors":[],"is_endless":false,"potions_floor_spawned":[1,5],"killed_by":"The Guardian","ascension_level":15}