{"gold_per_floor":[119,132,132,57,57,57,88,99,124,124,124,184,184,21,21,94,94,109,109,109,129,140,140,33,33,33,83,83,83,98,112,112,112],"floor_reached":33,"playtime":955,"items_purged":["Strike_R"],"score":482,"play_id":"2a13b34d-415b-4c22-9257-fe5065b3af3e","local_time":"20181114193103","is_ascension_mode":true,"campfire_choices":[{"data":"Berserk","floor":6.0,"key":"SMITH"},{"floor":11.0,"key":"REST"},{"floor":13.0,"key":"REST"},{"data":"Carnage","floor":15.0,"key":"SMITH"},{"floor":23.0,"key":"REST"},{"floor":28.0,"key":"REST"},{"data":"Inflame","floor":32.0,"key":"SMITH"}],"neow_cost":"NONE","seed_source_timestamp":1860123091230,"circlet_count":0,"master_deck":["AscendersBane","Defend_R","Defend_R","Defend_R","Corruption+1","Thunderclap+1","Anger+1","Shrug It Off","Whirlwind","Carnage+1","Headbutt","Metallicize","Double Tap","Pommel Strike","Clash","Disarm","Dramatic Entrance","Necronomicurse","Iron Wave","Inflame+1"],"special_seed":0,"relics":["Astrolabe","Centennial Puzzle","Regal Pillow","Anchor","Mercury Hourglass","Empty Cage","Necronomicon","Pear"],"potions_floor_usage":[],"damage_taken":[{"damage":8.0,"enemies":"2 Louse","floor":1.0,"turns":3.0},{"damage":4.0,"enemies":"Small Slimes","floor":2.0,"turns":3.0},{"damage":37.0,"enemies":"Gremlin Nob","floor":7.0,"turns":4.0},{"damage":0.0,"enemies":"Cultist","floor":8.0,"turns":3.0},{"damage":50.0,"enemies":"Lagavulin Event","floor":12.0,"turns":6.0},{"damage":34.0,"enemies":"The Guardian","floor":16.0,"turns":7.0},{"damage":21.0,"enemies":"Chosen","floor":18.0,"turns":4.0},{"damage":15.0,"enemies":"2 Thieves","floor":21.0,"turns":3.0},{"damage":5.0,"enemies":"Snecko","floor":22.0,"turns":4.0},{"damage":13.0,"enemies":"Chosen and Byrds","floor":30.0,"turns":5.0},{"damage":12.0,"enemies":"Sentry and Sphere","floor":31.0,"turns":4.0},{"damage":74,"enemies":"Automaton","floor":33,"turns":6}],"seed_played":"3431799257851748533","potions_obtained":[{"floor":1.0,"key":"SpeedPotion"},{"floor":8.0,"key":"SpeedPotion"},{"floor":21.0,"key":"Explosive Potion"},{"floor":22.0,"key":"Explosive Potion"}],"is_trial":false,"path_per_floor":["M","M","?","?","?","R","E","M","T","?","R","?","R","$","R","B",null,"M","?","?","M","M","R","$","?","T","?","R","?","M","M","R","B"],"character_chosen":"IRONCLAD","items_purchased":["Metallicize","Dramatic Entrance"],"campfire_rested":4,"item_purchase_floors":[14,24],"current_hp_per_floor":[60,56,56,56,56,56,19,19,19,19,56,6,43,43,43,9,59,38,53,32,17,12,51,51,30,40,40,82,82,69,57,57,0],"gold":112,"neow_bonus":"BOSS_RELIC","is_prod":false,"is_daily":false,"chose_seed":false,"campfire_upgraded":3,"win_rate":0,"timestamp":1542220263,"path_taken":["M","M","?","?","?","R","E","?","T","?","R","?","R","?","R","BOSS","M","?","?","M","M","R","$","?","T","?","R","?","?","M","R","BOSS"],"build_version":"2018-11-08","purchased_purges":1,"victory":false,"max_hp_per_floor":[75,75,75,75,75,75,75,75,75,75,75,75,75,75,75,75,75,75,75,80,80,80,80,80,80,90,90,90,90,90,90,90,90],"card_choices":[{"not_picked":["Warcry","Clothesline","Bloodletting"],"picked":"SKIP","floor":1.0},{"not_picked":["Seeing Red","Perfected Strike"],"picked":"Shrug It Off","floor":2.0},{"not_picked":["Body Slam","Dual Wield"],"picked":"Whirlwind","floor":7.0},{"not_picked":["Flame Barrier","Clash"],"picked":"Carnage","floor":8.0},{"not_picked":["Cleave","Twin Strike"],"picked":"Headbutt","floor":12.0},{"not_picked":["Berserk","Juggernaut"],"picked":"Double Tap","floor":16.0},{"not_picked":["Seeing Red","Warcry"],"picked":"Pommel Strike","floor":18.0},{"not_picked":["Perfected Strike","Limit Break"],"picked":"Clash","floor":21.0},{"not_picked":["Combust","Heavy Blade"],"picked":"Disarm","floor":22.0},{"not_picked":["Flex","Pommel Strike+1"],"picked":"Iron Wave","floor":30.0},{"not_picked":["Shrug It Off","Infernal Blade"],"picked":"Inflame","floor":31.0}],"player_experience":493084,"relics_obtained":[{"floor":7.0,"key":"Regal Pillow"},{"floor":9.0,"key":"Anchor"},{"floor":12.0,"key":"Mercury Hourglass"},{"floor":25.0,"key":"Necronomicon"},{"floor":26.0,"key":"Pear"}],"event_choices":[{"damage_healed":0.0,"max_hp_gain":0.0,"max_hp_loss":0.0,"gold_gain":0.0,"event_name":"Big Fish","player_choice":"Box","floor":3.0,"gold_loss":0.0,"damage_taken":0.0,"relics_obtained":["Centennial Puzzle"],"cards_obtained":["Regret"]},{"cards_removed":["Regret"],"damage_healed":0.0,"max_hp_gain":0.0,"max_hp_loss":0.0,"gold_gain":0.0,"event_name":"The Cleric","player_choice":"Card Removal","floor":4.0,"gold_loss":75.0,"damage_taken":0.0},{"damage_healed":0.0,"max_hp_gain":0.0,"max_hp_loss":0.0,"gold_gain":0.0,"event_name":"Match and Keep!","player_choice":"1 cards matched","floor":5.0,"gold_loss":0.0,"damage_taken":0.0,"cards_obtained":["Berserk"]},{"cards_removed":["Strike_R"],"damage_healed":0.0,"max_hp_gain":0.0,"max_hp_loss":0.0,"gold_gain":0.0,"event_name":"Living Wall","player_choice":"Forget","floor":10.0,"gold_loss":0.0,"damage_taken":0.0},{"damage_healed":0.0,"max_hp_gain":0.0,"max_hp_loss":0.0,"gold_gain":30.0,"event_name":"Dead Adventurer","player_choice":"Searched \u00272\u0027 times","floor":12.0,"gold_loss":0.0,"damage_taken":0.0},{"damage_healed":15.0,"max_hp_gain":0.0,"max_hp_loss":0.0,"gold_gain":0.0,"event_name":"The Library","player_choice":"Heal","floor":19.0,"gold_loss":0.0,"damage_taken":0.0},{"damage_healed":0.0,"max_hp_gain":5.0,"max_hp_loss":0.0,"gold_gain":0.0,"event_name":"Forgotten Altar","player_choice":"Shed Blood","floor":20.0,"gold_loss":0.0,"damage_taken":26.0},{"damage_healed":0.0,"max_hp_gain":0.0,"max_hp_loss":0.0,"gold_gain":0.0,"event_name":"Cursed Tome","player_choice":"Obtained Book","floor":25.0,"gold_loss":0.0,"damage_taken":21.0},{"damage_healed":0.0,"max_hp_gain":0.0,"max_hp_loss":0.0,"gold_gain":50.0,"event_name":"Nest","player_choice":"Stole From Cult","floor":27.0,"gold_loss":0.0,"damage_taken":0.0},{"cards_removed":["Berserk"],"damage_healed":0.0,"max_hp_gain":0.0,"max_hp_loss":0.0,"gold_gain":0.0,"event_name":"Back to Basics","player_choice":"Elegance","floor":29.0,"gold_loss":0.0,"damage_taken":0.0}],"is_beta":false,"boss_relics":[{"not_picked":["White Beast Statue","Sozu"],"picked":"Empty Cage"}],"items_purged_floors":[14],"is_endless":false,"potions_floor_spawned":[1,8,21,22,30],"killed_by":"Automaton","ascension_level":20}