{"gold_per_floor":[112,124,124,124,144,175,175,185,211,223],"floor_reached":10,"playtime":398,"items_purged":[],"score":136,"play_id":"3a18fa78-f2b8-4f0c-a019-c0cea1846adc","local_time":"20190308213230","is_ascension_mode":true,"campfire_choices":[{"floor":7.0,"key":"REST"}],"neow_cost":"PERCENT_DAMAGE","seed_source_timestamp":1762555317948872,"circlet_count":0,"master_deck":["AscendersBane","Strike_B","Strike_B","Defend_B","Defend_B","Defend_B","Defend_B","Zap","Dualcast","Echo Form","Gash","Tempest","Redo","Coolheaded","Conserve Battery","Glacier"],"special_seed":0,"relics":["Cracked Core","Potion Belt","MawBank"],"potions_floor_usage":[],"damage_taken":[{"damage":4.0,"enemies":"Small Slimes","floor":1.0,"turns":3.0},{"damage":6.0,"enemies":"Cultist","floor":2.0,"turns":3.0},{"damage":7.0,"enemies":"Jaw Worm","floor":5.0,"turns":3.0},{"damage":20.0,"enemies":"3 Sentries","floor":6.0,"turns":8.0},{"damage":19,"enemies":"Large Slime","floor":8,"turns":5},{"damage":11,"enemies":"Exordium Wildlife","floor":10,"turns":3}],"seed_played":"7561450592493071324","potions_obtained":[{"floor":2.0,"key":"Dexterity Potion"},{"floor":5.0,"key":"Explosive Potion"},{"floor":8,"key":"Fruit Juice"}],"is_trial":false,"path_per_floor":["M","M","?","?","M","E","R","M","T","M"],"character_chosen":"DEFECT","items_purchased":[],"campfire_rested":1,"item_purchase_floors":[],"current_hp_per_floor":[42,36,36,36,29,9,30,11,11,0],"gold":223,"neow_bonus":"THREE_RARE_CARDS","is_prod":false,"is_daily":false,"chose_seed":false,"campfire_upgraded":0,"win_rate":0,"timestamp":1552077150,"path_taken":["M","M","?","?","?","E","R","M","T","M"],"build_version":"2019-01-23","purchased_purges":0,"victory":false,"max_hp_per_floor":[71,71,71,71,71,71,71,71,71,71],"card_choices":[{"not_picked":["Hyperbeam","Thunder Strike"],"picked":"Echo Form","floor":0.0},{"not_picked":["Cold Snap","Fusion"],"picked":"Gash","floor":1.0},{"not_picked":["Steam","Fusion"],"picked":"Tempest","floor":2.0},{"not_picked":["Beam Cell","Loop"],"picked":"Coolheaded","floor":5.0},{"not_picked":["Compile Driver","BootSequence"],"picked":"Conserve Battery","floor":6.0},{"not_picked":["Genetic Algorithm","Fission"],"picked":"Glacier","floor":8}],"player_experience":687510,"relics_obtained":[{"floor":6.0,"key":"Potion Belt"},{"floor":9,"key":"MawBank"}],"event_choices":[{"cards_removed":["Strike_B"],"damage_healed":0.0,"max_hp_gain":0.0,"max_hp_loss":0.0,"gold_gain":0.0,"event_name":"Living Wall","player_choice":"Forget","floor":3.0,"gold_loss":0.0,"damage_taken":0.0},{"damage_healed":0.0,"max_hp_gain":0.0,"max_hp_loss":0.0,"gold_gain":0.0,"cards_transformed":["Strike_B"],"event_name":"Transmorgrifier","player_choice":"Transformed","floor":4.0,"gold_loss":0.0,"damage_taken":0.0,"cards_obtained":["Redo"]}],"is_beta":false,"boss_relics":[],"items_purged_floors":[],"is_endless":false,"potions_floor_spawned":[2,5,8],"killed_by":"Exordium Wildlife","ascension_level":20}