{"gold_per_floor":[113,113,113,126,126,165,165,205,231,231,250,275,311,324,324,418,418,431,481,496,98,121,121,135,149,149,149,73,87,137,37,37,132,132,152,167,42,42,167,167,167],"floor_reached":41,"playtime":2467,"items_purged":["Strike_R","Cleave","Pain"],"score":922,"play_id":"47a0b7f3-5ae0-471a-b9cb-2a9eb61a52c8","local_time":"20190202095630","is_ascension_mode":true,"campfire_choices":[{"data":"Bash","floor":7.0,"key":"SMITH"},{"floor":10.0,"key":"REST"},{"data":"Evolve","floor":15.0,"key":"SMITH"},{"data":"Body Slam","floor":23.0,"key":"SMITH"},{"data":"Disarm","floor":27.0,"key":"SMITH"},{"data":"Limit Break","floor":32.0,"key":"SMITH"},{"data":"Barricade","floor":40.0,"key":"SMITH"}],"neow_cost":"NONE","seed_source_timestamp":0,"circlet_count":0,"master_deck":["AscendersBane","Strike_R+1","Strike_R+1","Defend_R","Defend_R","Defend_R","Defend_R","Bash+1","Evolve+1","Disarm+1","Shockwave","Shrug It Off","Shrug It Off","Dropkick","Cleave","Limit Break+1","Shockwave+1","Reckless Charge","Body Slam+1","Armaments+1","Iron Wave","Reckless Charge","Clothesline+1","Barricade+1","Decay","Clumsy","Reckless Charge+1","Flame Barrier","Uppercut+1"],"special_seed":0,"relics":["Burning Blood","NeowsBlessing","Golden Idol","Happy Flower","Pen Nib","Red Skull","Whetstone","Mark of Pain","Pantograph","Calling Bell","Boot","Molten Egg 2","Unceasing Top","FossilizedHelix"],"potions_floor_usage":[41],"damage_taken":[{"damage":0.0,"enemies":"2 Louse","floor":1.0,"turns":2.0},{"damage":0.0,"enemies":"Small Slimes","floor":4.0,"turns":1.0},{"damage":0.0,"enemies":"Gremlin Nob","floor":6.0,"turns":1.0},{"damage":46.0,"enemies":"Lagavulin","floor":8.0,"turns":7.0},{"damage":1.0,"enemies":"Cultist","floor":11.0,"turns":4.0},{"damage":16.0,"enemies":"Lots of Slimes","floor":12.0,"turns":7.0},{"damage":11.0,"enemies":"3 Sentries","floor":13.0,"turns":10.0},{"damage":6.0,"enemies":"Large Slime","floor":14.0,"turns":4.0},{"damage":19.0,"enemies":"Slime Boss","floor":16.0,"turns":7.0},{"damage":12.0,"enemies":"Chosen","floor":18.0,"turns":6.0},{"damage":7.0,"enemies":"Shell Parasite","floor":20.0,"turns":6.0},{"damage":14.0,"enemies":"3 Cultists","floor":22.0,"turns":5.0},{"damage":5.0,"enemies":"Cultist and Chosen","floor":24.0,"turns":5.0},{"damage":20.0,"enemies":"Chosen and Byrds","floor":25.0,"turns":7.0},{"damage":0.0,"enemies":"Centurion and Healer","floor":29.0,"turns":4.0},{"damage":41.0,"enemies":"Champ","floor":33.0,"turns":13.0},{"damage":19.0,"enemies":"3 Shapes","floor":35.0,"turns":10.0},{"damage":19.0,"enemies":"Orb Walker","floor":36.0,"turns":4.0},{"damage":5.0,"enemies":"Mind Bloom Boss Battle","floor":39.0,"turns":9.0},{"damage":70,"enemies":"Giant Head","floor":41,"turns":7}],"seed_played":"-3186933342467140350","potions_obtained":[{"floor":6.0,"key":"Fire Potion"},{"floor":8.0,"key":"Swift Potion"},{"floor":12.0,"key":"Swift Potion"},{"floor":18.0,"key":"Fire Potion"},{"floor":25.0,"key":"Poison Potion"},{"floor":29.0,"key":"SpeedPotion"},{"floor":39.0,"key":"Block Potion"}],"is_trial":false,"path_per_floor":["M","?","?","M","?","E","R","E","T","R","M","M","E","M","R","B",null,"M","?","M","$","M","R","M","M","T","R","$","M","?","$","R","B",null,"M","M","$","?","?","R","E"],"character_chosen":"IRONCLAD","items_purchased":["Pantograph","Body Slam","Reckless Charge"],"campfire_rested":1,"item_purchase_floors":[21,21,28],"current_hp_per_floor":[74,68,61,67,67,68,68,28,28,48,53,43,38,38,38,25,57,51,51,50,50,42,42,43,29,29,29,29,35,29,29,29,19,56,43,30,30,30,56,56,0],"gold":167,"neow_bonus":"THREE_ENEMY_KILL","is_prod":false,"is_daily":false,"chose_seed":false,"campfire_upgraded":6,"win_rate":0,"timestamp":1549097790,"path_taken":["M","?","?","M","?","E","R","E","T","R","M","M","E","M","R","BOSS","M","?","M","$","M","R","?","M","T","R","?","M","?","$","R","BOSS","M","M","$","?","?","R","E"],"build_version":"2019-01-23","purchased_purges":3,"victory":false,"max_hp_per_floor":[75,68,68,68,68,68,68,68,68,68,68,68,68,68,68,68,68,68,68,68,68,68,68,68,68,68,68,68,68,68,68,68,68,68,68,68,68,65,65,65,65],"card_choices":[{"not_picked":["Sword Boomerang","Power Through"],"picked":"Evolve","floor":1.0},{"not_picked":["Burning Pact","Cleave"],"picked":"Disarm","floor":4.0},{"not_picked":["Rage","Metallicize"],"picked":"Shockwave","floor":6.0},{"not_picked":["Dual Wield","Seeing Red"],"picked":"Shrug It Off","floor":8.0},{"not_picked":["Clash","Offering"],"picked":"Shrug It Off","floor":11.0},{"not_picked":["Havoc","Flex"],"picked":"Dropkick","floor":12.0},{"not_picked":["Headbutt","Thunderclap"],"picked":"Cleave","floor":13.0},{"not_picked":["Wild Strike","Clash"],"picked":"Cleave","floor":14.0},{"not_picked":["Fiend Fire","Barricade"],"picked":"Limit Break","floor":16.0},{"not_picked":["Cleave","Anger"],"picked":"Shockwave+1","floor":18.0},{"not_picked":["True Grit","Armaments"],"picked":"Reckless Charge","floor":20.0},{"not_picked":["Cleave","Dual Wield","Intimidate"],"picked":"SKIP","floor":22.0},{"not_picked":["Disarm","Metallicize"],"picked":"Armaments+1","floor":24.0},{"not_picked":["Burning Pact","Heavy Blade"],"picked":"Iron Wave","floor":25.0},{"not_picked":["Pummel+1","Anger"],"picked":"Clothesline+1","floor":29.0},{"not_picked":["Bludgeon","Berserk"],"picked":"Barricade","floor":33.0},{"not_picked":["Clothesline+1","Flex+1"],"picked":"Reckless Charge+1","floor":35.0},{"not_picked":["Spot Weakness","Shrug It Off"],"picked":"Flame Barrier","floor":36.0},{"not_picked":["Havoc+1","Cleave+1"],"picked":"Uppercut+1","floor":39.0}],"player_experience":628381,"relics_obtained":[{"floor":6.0,"key":"Happy Flower"},{"floor":8.0,"key":"Pen Nib"},{"floor":9.0,"key":"Red Skull"},{"floor":13.0,"key":"Whetstone"},{"floor":34.0,"key":"Boot"},{"floor":34.0,"key":"Molten Egg 2"},{"floor":34.0,"key":"Unceasing Top"},{"floor":39.0,"key":"FossilizedHelix"}],"event_choices":[{"damage_healed":0.0,"max_hp_gain":0.0,"max_hp_loss":7.0,"gold_gain":0.0,"event_name":"Golden Idol","player_choice":"Lose Max HP","floor":2.0,"gold_loss":0.0,"damage_taken":0.0,"relics_obtained":["Golden Idol"]},{"cards_removed":["Strike_R"],"damage_healed":0.0,"max_hp_gain":0.0,"max_hp_loss":0.0,"gold_gain":0.0,"event_name":"Golden Wing","player_choice":"Card Removal","floor":3.0,"gold_loss":0.0,"damage_taken":7.0},{"cards_removed":["Strike_R"],"damage_healed":0.0,"max_hp_gain":0.0,"max_hp_loss":0.0,"gold_gain":0.0,"event_name":"Wheel of Change","player_choice":"Card Removal","floor":5.0,"gold_loss":0.0,"damage_taken":0.0},{"damage_healed":0.0,"max_hp_gain":0.0,"max_hp_loss":0.0,"gold_gain":100.0,"event_name":"The Joust","player_choice":"Bet on Murderer","floor":19.0,"gold_loss":50.0,"damage_taken":0.0},{"damage_healed":0.0,"max_hp_gain":0.0,"max_hp_loss":0.0,"gold_gain":50.0,"event_name":"FaceTrader","player_choice":"Touch","floor":30.0,"gold_loss":0.0,"damage_taken":6.0},{"damage_healed":0.0,"max_hp_gain":0.0,"max_hp_loss":3.0,"gold_gain":0.0,"event_name":"Winding Halls","player_choice":"Max HP","floor":38.0,"gold_loss":0.0,"damage_taken":0.0},{"damage_healed":0.0,"max_hp_gain":0.0,"max_hp_loss":0.0,"gold_gain":0.0,"event_name":"MindBloom","player_choice":"Fight","floor":39.0,"gold_loss":0.0,"damage_taken":0.0}],"is_beta":false,"boss_relics":[{"not_picked":["Ectoplasm","Eternal Feather"],"picked":"Mark of Pain"},{"not_picked":["Philosopher\u0027s Stone","Runic Pyramid"],"picked":"Calling Bell"}],"items_purged_floors":[21,31,37],"is_endless":false,"potions_floor_spawned":[6,8,12,18,25,29,39],"killed_by":"Giant Head","ascension_level":20}