{"gold_per_floor":[109,109,128,143,158,192,192,192],"floor_reached":8,"playtime":270,"items_purged":[],"score":116,"play_id":"775c5b66-7114-4454-8c0e-659b34098cc1","local_time":"20190415004627","is_ascension_mode":true,"campfire_choices":[],"neow_cost":"NONE","seed_source_timestamp":195358835035294,"circlet_count":0,"master_deck":["AscendersBane","Defend_G","Defend_G","Defend_G","Defend_G","Defend_G","Strike_G","Strike_G","Strike_G","Strike_G","Strike_G","Survivor+1","Neutralize","Terror","Backstab","Blade Dance+1","Sucker Punch","Dash"],"special_seed":0,"relics":["Runic Dome","War Paint"],"potions_floor_usage":[8],"damage_taken":[{"damage":8.0,"enemies":"2 Louse","floor":1.0,"turns":4.0},{"damage":0.0,"enemies":"Cultist","floor":3.0,"turns":3.0},{"damage":7.0,"enemies":"Small Slimes","floor":4.0,"turns":2.0},{"damage":24.0,"enemies":"Exordium Wildlife","floor":5.0,"turns":6.0},{"damage":26.0,"enemies":"Gremlin Nob","floor":6.0,"turns":4.0},{"damage":16,"enemies":"Lagavulin","floor":8,"turns":7}],"seed_played":"-4926828318038736071","potions_obtained":[{"floor":1.0,"key":"PowerPotion"},{"floor":2.0,"key":"Regen Potion"},{"floor":6.0,"key":"Energy Potion"}],"is_trial":false,"path_per_floor":["M","?","M","M","M","E","?","E"],"character_chosen":"THE_SILENT","items_purchased":[],"campfire_rested":0,"item_purchase_floors":[],"current_hp_per_floor":[51,51,51,44,20,6,6,0],"gold":192,"neow_bonus":"BOSS_RELIC","is_prod":false,"is_daily":false,"chose_seed":false,"campfire_upgraded":0,"win_rate":0,"timestamp":1555281987,"path_taken":["M","?","?","M","M","E","?","E"],"build_version":"2019-01-23","purchased_purges":0,"victory":false,"max_hp_per_floor":[66,66,66,66,66,66,66,66],"card_choices":[{"not_picked":["Endless Agony","All Out Attack"],"picked":"Terror","floor":1.0},{"not_picked":["Deflect","Deadly Poison"],"picked":"Backstab","floor":3.0},{"not_picked":["PiercingWail","Heel Hook"],"picked":"Blade Dance","floor":4.0},{"not_picked":["PiercingWail","Tactician"],"picked":"Sucker Punch","floor":5.0},{"not_picked":["All Out Attack","Slice"],"picked":"Dash","floor":6.0}],"player_experience":772930,"relics_obtained":[{"floor":6.0,"key":"War Paint"}],"event_choices":[{"damage_healed":0.0,"max_hp_gain":0.0,"max_hp_loss":0.0,"gold_gain":0.0,"event_name":"Lab","player_choice":"Got Potions","floor":2.0,"gold_loss":0.0,"damage_taken":0.0},{"damage_healed":0.0,"max_hp_gain":0.0,"max_hp_loss":0.0,"gold_gain":0.0,"event_name":"Scrap Ooze","player_choice":"Fled","floor":7.0,"gold_loss":0.0,"damage_taken":0.0}],"is_beta":false,"boss_relics":[],"items_purged_floors":[],"is_endless":false,"potions_floor_spawned":[1,3,6],"killed_by":"Lagavulin","ascension_level":20}