{"gold_per_floor":[119,44,56,75,75,75,92,92,172,197,208,208,228,228,228,228],"floor_reached":16,"playtime":1795,"items_purged":[],"score":184,"play_id":"7464749c-fc56-4d70-b4a1-4edd2bff54ec","local_time":"20190525212508","is_ascension_mode":true,"campfire_choices":[{"data":"Neutralize","floor":6,"key":"SMITH"},{"data":"Catalyst","floor":8,"key":"SMITH"},{"data":"Terror","floor":12,"key":"SMITH"},{"floor":15,"key":"REST"}],"neow_cost":"NONE","seed_source_timestamp":1029142771408600,"circlet_count":0,"master_deck":["AscendersBane","Defend_G","Defend_G+1","Defend_G","Defend_G","Defend_G","Strike_G","Strike_G","Strike_G","Survivor","Neutralize+1","Flying Knee","Catalyst+1","Dagger Spray","Terror+1","Corpse Explosion","Deadly Poison","Backflip+1","Adrenaline"],"relics":["Ring of the Snake","Ninja Scroll","Centennial Puzzle"],"potions_floor_usage":[11,16],"damage_taken":[{"damage":1,"enemies":"Jaw Worm","floor":1,"turns":6},{"damage":0,"enemies":"2 Louse","floor":3,"turns":3},{"damage":0,"enemies":"Cultist","floor":4,"turns":4},{"damage":6,"enemies":"3 Louse","floor":7,"turns":3},{"damage":16,"enemies":"Gremlin Nob","floor":10,"turns":4},{"damage":9,"enemies":"Exordium Thugs","floor":11,"turns":3},{"damage":0,"enemies":"Looter","floor":13,"turns":2},{"damage":30,"enemies":"The Guardian","floor":16,"turns":9}],"seed_played":"1828922812246322224","potions_obtained":[{"floor":0,"key":"PowerPotion"},{"floor":0,"key":"Poison Potion"},{"floor":11,"key":"Explosive Potion"}],"is_trial":false,"path_per_floor":["M","?","M","M","?","R","M","R","T","E","M","R","M","?","R","B"],"character_chosen":"THE_SILENT","items_purchased":[],"campfire_rested":1,"item_purchase_floors":[],"current_hp_per_floor":[58,58,58,58,58,58,52,52,52,36,27,27,27,7,26,0],"gold":228,"neow_bonus":"THREE_SMALL_POTIONS","is_prod":false,"is_daily":false,"chose_seed":false,"campfire_upgraded":3,"win_rate":0,"timestamp":1558812308,"path_taken":["M","?","M","M","?","R","M","R","T","E","M","R","M","?","R","BOSS"],"build_version":"2019-01-23","purchased_purges":0,"victory":false,"max_hp_per_floor":[66,66,66,66,66,66,66,66,66,66,66,66,66,66,66,66],"card_choices":[{"not_picked":["Poisoned Stab","Cloak And Dagger"],"picked":"Flying Knee","floor":1},{"not_picked":["Prepared","Cloak And Dagger"],"picked":"Catalyst","floor":3},{"not_picked":["Concentrate","Outmaneuver"],"picked":"Dagger Spray","floor":4},{"not_picked":["Underhanded Strike","Quick Slash"],"picked":"Corpse Explosion","floor":7},{"not_picked":["Night Terror","Sucker Punch"],"picked":"Deadly Poison","floor":10},{"not_picked":["Blade Dance","PiercingWail"],"picked":"Backflip","floor":11},{"not_picked":["Blade Dance","Tactician"],"picked":"Adrenaline","floor":13}],"player_experience":1204094,"relics_obtained":[{"floor":9,"key":"Ninja Scroll"},{"floor":10,"key":"Centennial Puzzle"}],"event_choices":[{"cards_removed":["Strike_G"],"damage_healed":0,"gold_gain":0,"player_choice":"Card Removal","damage_taken":0,"max_hp_gain":0,"max_hp_loss":0,"event_name":"The Cleric","floor":2,"gold_loss":75},{"damage_healed":0,"gold_gain":0,"cards_transformed":["Strike_G"],"player_choice":"Change","damage_taken":0,"max_hp_gain":0,"max_hp_loss":0,"event_name":"Living Wall","floor":5,"gold_loss":0,"cards_obtained":["Terror"]},{"damage_healed":0,"gold_gain":0,"player_choice":"Entered Light","damage_taken":20,"max_hp_gain":0,"max_hp_loss":0,"event_name":"Shining Light","floor":14,"gold_loss":0,"cards_upgraded":["Backflip","Defend_G"]}],"is_beta":false,"boss_relics":[],"items_purged_floors":[],"is_endless":false,"potions_floor_spawned":[4,11],"killed_by":"The Guardian","ascension_level":16}