{"gold_per_floor":[119,139,139,158,168,168,202,13,43,61,61,79,79,79,79,79],"floor_reached":16,"playtime":1835,"items_purged":["Strike_B"],"score":189,"play_id":"ef460d25-9b00-4b77-9872-16a051036fdd","local_time":"20190705002759","is_ascension_mode":true,"campfire_choices":[{"data":"Zap","floor":6,"key":"SMITH"},{"data":"Consume","floor":11,"key":"SMITH"},{"data":"Capacitor","floor":13,"key":"SMITH"},{"floor":15,"key":"REST"}],"neow_cost":"TEN_PERCENT_HP_LOSS","seed_source_timestamp":1468574097666300,"circlet_count":0,"master_deck":["AscendersBane","Strike_B","Strike_B","Strike_B","Defend_B","Defend_B","Defend_B","Defend_B","Zap+1","Dualcast","Master of Strategy","Trip","Sweeping Beam","Conserve Battery","Steam","Leap","Consume+1","Capacitor+1","Melter","Defragment","Conserve Battery"],"relics":["Cracked Core","Dead Branch","Vajra","Tiny Chest"],"potions_floor_usage":[5,16],"damage_taken":[{"damage":1,"enemies":"Cultist","floor":1,"turns":4},{"damage":8,"enemies":"2 Louse","floor":2,"turns":2},{"damage":0,"enemies":"Jaw Worm","floor":4,"turns":3},{"damage":17,"enemies":"Exordium Thugs","floor":5,"turns":5},{"damage":15,"enemies":"Lagavulin","floor":7,"turns":6},{"damage":7,"enemies":"2 Fungi Beasts","floor":10,"turns":4},{"damage":9,"enemies":"Blue Slaver","floor":12,"turns":4},{"damage":28,"enemies":"Hexaghost","floor":16,"turns":9}],"seed_played":"-5663842890344816108","potions_obtained":[{"floor":2,"key":"Swift Potion"},{"floor":5,"key":"Ancient Potion"},{"floor":12,"key":"Energy Potion"}],"is_trial":false,"path_per_floor":["M","M","T","M","M","R","E","$","T","M","R","M","R","?","R","B"],"character_chosen":"DEFECT","items_purchased":["Capacitor","Melter"],"campfire_rested":1,"item_purchase_floors":[8,8],"current_hp_per_floor":[63,55,55,55,38,38,23,23,23,16,16,7,7,7,26,0],"gold":79,"neow_bonus":"RANDOM_COLORLESS_2","is_prod":false,"is_daily":false,"chose_seed":false,"campfire_upgraded":3,"win_rate":0,"timestamp":1562279279,"path_taken":["M","M","?","M","M","R","E","$","T","?","R","M","R","?","R","BOSS"],"build_version":"2019-07-01","purchased_purges":1,"victory":false,"max_hp_per_floor":[64,64,64,64,64,64,64,64,64,64,64,64,64,64,64,64],"card_choices":[{"not_picked":["Rebound","Stack"],"picked":"Sweeping Beam","floor":1},{"not_picked":["Storm","Beam Cell"],"picked":"Conserve Battery","floor":2},{"not_picked":["Recycle","Beam Cell"],"picked":"Steam","floor":4},{"not_picked":["Scrape","Ball Lightning"],"picked":"Leap","floor":5},{"not_picked":["Hello World","Stack"],"picked":"Consume","floor":7},{"not_picked":["Coolheaded","Biased Cognition"],"picked":"Defragment","floor":10},{"not_picked":["Static Discharge","Steam"],"picked":"Conserve Battery","floor":12}],"player_experience":1592528,"relics_obtained":[{"floor":3,"key":"Dead Branch"},{"floor":7,"key":"Vajra"},{"floor":9,"key":"Tiny Chest"}],"event_choices":[{"damage_healed":0,"gold_gain":0,"player_choice":"Fled","damage_taken":0,"max_hp_gain":0,"max_hp_loss":0,"event_name":"Scrap Ooze","floor":14,"gold_loss":0}],"is_beta":false,"boss_relics":[],"items_purged_floors":[8],"is_endless":false,"potions_floor_spawned":[2,5,12],"killed_by":"Hexaghost","ascension_level":17}