{"gold_per_floor":[116,116,28,47,22,22,34,54,54,54,73,73,45,57,57,134,134,148,148,148,37,40,40,40,40,40,40,40,40,56,56,56,56],"floor_reached":33,"playtime":1391,"items_purged":["Headbutt"],"score":516,"play_id":"944eef99-2eb8-40d9-a0e4-28afaf2bb1d2","local_time":"20190513234500","is_ascension_mode":true,"campfire_choices":[{"data":"Combust","floor":6.0,"key":"SMITH"},{"floor":10.0,"key":"REST"},{"floor":12.0,"key":"REST"},{"data":"Combust","floor":15.0,"key":"SMITH"},{"floor":23.0,"key":"REST"},{"data":"Barricade","floor":25.0,"key":"SMITH"},{"data":"Combust","floor":27.0,"key":"SMITH"},{"floor":32.0,"key":"REST"}],"neow_cost":"PERCENT_DAMAGE","seed_source_timestamp":2695475635604910,"circlet_count":0,"master_deck":["AscendersBane","Defend_R","Defend_R","Defend_R","Defend_R","Combust+1","Combust","Combust+1","Shrug It Off","Combust+1","Flame Barrier","Armaments","Body Slam+1","Barricade+1","Burning Pact","Bite+1","Bite+1","Bite+1","Bite+1","Bite+1","Metallicize","Shame"],"special_seed":0,"relics":["Black Blood","Molten Egg 2","Singing Bowl","The Courier"],"potions_floor_usage":[33],"damage_taken":[{"damage":12.0,"enemies":"Jaw Worm","floor":1.0,"turns":3.0},{"damage":10.0,"enemies":"Cultist","floor":4.0,"turns":3.0},{"damage":7.0,"enemies":"Small Slimes","floor":7.0,"turns":3.0},{"damage":10.0,"enemies":"2 Fungi Beasts","floor":8.0,"turns":3.0},{"damage":26.0,"enemies":"Looter","floor":11.0,"turns":3.0},{"damage":2.0,"enemies":"Exordium Wildlife","floor":14.0,"turns":2.0},{"damage":58.0,"enemies":"The Guardian","floor":16.0,"turns":11.0},{"damage":37.0,"enemies":"Spheric Guardian","floor":18.0,"turns":5.0},{"damage":45.0,"enemies":"Colosseum Slavers","floor":20.0,"turns":5.0},{"damage":27.0,"enemies":"2 Thieves","floor":22.0,"turns":4.0},{"damage":30.0,"enemies":"Snecko","floor":30.0,"turns":5.0},{"damage":96,"enemies":"Collector","floor":33,"turns":7}],"seed_played":"5904477722559436911","potions_obtained":[{"floor":4.0,"key":"SpeedPotion"},{"floor":7.0,"key":"EssenceOfSteel"},{"floor":22.0,"key":"Strength Potion"}],"is_trial":false,"path_per_floor":["M","?","$","M","$","R","M","M","T","R","M","R","$","M","R","B",null,"M","?","?","$","M","R","?","R","T","R","?","?","M","$","R","B"],"character_chosen":"IRONCLAD","items_purchased":["Combust","Shrug It Off","Armaments","Metallicize"],"campfire_rested":4,"item_purchase_floors":[3,5,13,21],"current_hp_per_floor":[44,44,44,40,40,40,39,35,35,57,37,59,59,63,63,11,59,32,32,18,18,16,31,41,41,41,41,41,41,35,35,51,0],"gold":56,"neow_bonus":"TRANSFORM_TWO_CARDS","is_prod":false,"is_daily":false,"chose_seed":true,"campfire_upgraded":4,"win_rate":0,"timestamp":1557783900,"path_taken":["M","?","$","M","$","R","?","M","T","R","M","R","$","M","R","BOSS","M","?","?","$","M","R","?","R","T","R","?","?","M","$","R","BOSS"],"build_version":"2019-01-23","purchased_purges":1,"victory":false,"max_hp_per_floor":[75,75,75,75,75,75,75,75,75,75,75,75,75,75,75,75,75,75,52,52,52,52,52,52,52,52,52,52,52,54,54,54,54],"card_choices":[{"not_picked":["Havoc","Flex"],"picked":"Combust","floor":1.0},{"not_picked":["Rage","True Grit","Thunderclap"],"picked":"SKIP","floor":4.0},{"not_picked":["Metallicize","Anger"],"picked":"Combust","floor":7.0},{"not_picked":["Clash","Anger","Reckless Charge"],"picked":"SKIP","floor":8.0},{"not_picked":["Body Slam+1","Clash+1"],"picked":"Flame Barrier","floor":11.0},{"not_picked":["Anger+1","Wild Strike+1"],"picked":"Body Slam+1","floor":14.0},{"not_picked":["Impervious","Dark Embrace"],"picked":"Barricade","floor":16.0},{"not_picked":["Feel No Pain","Pummel+1"],"picked":"Burning Pact","floor":18.0},{"not_picked":["Clothesline+1","Clash+1","Rampage+1"],"picked":"SKIP","floor":22.0},{"not_picked":["Headbutt+1","Wild Strike+1","Shrug It Off"],"picked":"Singing Bowl","floor":30.0}],"player_experience":788444,"relics_obtained":[{"floor":9.0,"key":"Molten Egg 2"},{"floor":26.0,"key":"Singing Bowl"}],"event_choices":[{"cards_removed":["Bash"],"damage_healed":0.0,"max_hp_gain":0.0,"max_hp_loss":0.0,"gold_gain":0.0,"event_name":"Bonfire Elementals","player_choice":"Offered Basic","floor":2.0,"gold_loss":0.0,"damage_taken":0.0},{"damage_healed":0.0,"max_hp_gain":0.0,"max_hp_loss":23.0,"gold_gain":0.0,"event_name":"Vampires","player_choice":"Became a vampire","floor":19.0,"gold_loss":0.0,"damage_taken":0.0,"cards_obtained":["Bite","Bite","Bite","Bite","Bite"]},{"damage_healed":0.0,"max_hp_gain":0.0,"max_hp_loss":0.0,"gold_gain":0.0,"event_name":"Colosseum","player_choice":"Fight","floor":20.0,"gold_loss":0.0,"damage_taken":0.0},{"damage_healed":0.0,"max_hp_gain":0.0,"max_hp_loss":0.0,"gold_gain":0.0,"event_name":"Colosseum","player_choice":"Fled From Nobs","floor":20.0,"gold_loss":0.0,"damage_taken":0.0},{"damage_healed":10.0,"max_hp_gain":0.0,"max_hp_loss":0.0,"gold_gain":0.0,"event_name":"The Library","player_choice":"Heal","floor":24.0,"gold_loss":0.0,"damage_taken":0.0},{"damage_healed":0.0,"max_hp_gain":0.0,"max_hp_loss":0.0,"gold_gain":0.0,"event_name":"Addict","player_choice":"Stole Relic","floor":28.0,"gold_loss":0.0,"damage_taken":0.0,"relics_obtained":["The Courier"],"cards_obtained":["Shame"]},{"damage_healed":0.0,"max_hp_gain":0.0,"max_hp_loss":0.0,"gold_gain":0.0,"event_name":"The Mausoleum","player_choice":"Ignored","floor":29.0,"gold_loss":0.0,"damage_taken":0.0}],"is_beta":false,"boss_relics":[{"not_picked":["Calling Bell","Astrolabe"],"picked":"Black Blood"}],"items_purged_floors":[21],"is_endless":false,"potions_floor_spawned":[4,7,14,16,18,22],"killed_by":"Collector","ascension_level":20}