{"gold_per_floor":[116,134,146,146,156,156,172,188,213,213,63,63,63,79,79,154,154,172,185,100,100,25,25,38,48,127,139,159,159,174,174,174,251,251,271,271,297,316,53,53,53,53,53,0,20,20,34,45,45,45],"floor_reached":50,"playtime":2286,"items_purged":["Pommel Strike","Cleave"],"score":833,"play_id":"4674883e-f542-43a0-af7f-4a74bfa3b3b2","local_time":"20191003213519","is_ascension_mode":true,"campfire_choices":[{"data":"True Grit","floor":6.0,"key":"SMITH"},{"data":"Bash","floor":10.0,"key":"SMITH"},{"data":"Limit Break","floor":13.0,"key":"SMITH"},{"data":"True Grit","floor":15.0,"key":"SMITH"},{"data":"Flame Barrier","floor":23.0,"key":"SMITH"},{"floor":29.0,"key":"REST"},{"data":"Feel No Pain","floor":32.0,"key":"SMITH"},{"data":"Ghostly Armor","floor":40.0,"key":"SMITH"},{"data":"Reaper","floor":42.0,"key":"SMITH"},{"data":"Shrug It Off","floor":46.0,"key":"SMITH"},{"data":"Shrug It Off","floor":49.0,"key":"SMITH"}],"neow_cost":"NONE","seed_source_timestamp":12317994523855,"circlet_count":0,"master_deck":["AscendersBane","Bash+1","Ghostly Armor+1","True Grit+1","Limit Break+1","True Grit+1","Reaper+1","Flame Barrier+1","Heavy Blade+1","Feel No Pain+1","Shrug It Off+1","Whirlwind+1","Shrug It Off+1","Shrug It Off+1"],"special_seed":0,"relics":["Black Blood","NeowsBlessing","Vajra","Pandora\u0027s Box","Ornamental Fan","Bag of Marbles","Art of War","War Paint","Red Mask"],"potions_floor_usage":[50],"damage_taken":[{"damage":0.0,"enemies":"Cultist","floor":1.0,"turns":1.0},{"damage":0.0,"enemies":"Small Slimes","floor":2.0,"turns":1.0},{"damage":0.0,"enemies":"Jaw Worm","floor":3.0,"turns":1.0},{"damage":3.0,"enemies":"3 Louse","floor":5.0,"turns":2.0},{"damage":5.0,"enemies":"Red Slaver","floor":7.0,"turns":7.0},{"damage":8.0,"enemies":"Looter","floor":8.0,"turns":4.0},{"damage":25.0,"enemies":"Exordium Thugs","floor":14.0,"turns":6.0},{"damage":38.0,"enemies":"Hexaghost","floor":16.0,"turns":12.0},{"damage":47.0,"enemies":"3 Byrds","floor":18.0,"turns":5.0},{"damage":17.0,"enemies":"Chosen","floor":19.0,"turns":8.0},{"damage":44.0,"enemies":"Centurion and Healer","floor":24.0,"turns":10.0},{"damage":2.0,"enemies":"Chosen and Byrds","floor":25.0,"turns":6.0},{"damage":73.0,"enemies":"3 Cultists","floor":27.0,"turns":7.0},{"damage":7.0,"enemies":"Snake Plant","floor":28.0,"turns":6.0},{"damage":23.0,"enemies":"Centurion and Healer","floor":30.0,"turns":9.0},{"damage":66.0,"enemies":"Automaton","floor":33.0,"turns":8.0},{"damage":54.0,"enemies":"3 Darklings","floor":35.0,"turns":8.0},{"damage":35.0,"enemies":"Orb Walker","floor":38.0,"turns":8.0},{"damage":26.0,"enemies":"Maw","floor":45.0,"turns":9.0},{"damage":52.0,"enemies":"4 Shapes","floor":47.0,"turns":12.0},{"damage":30.0,"enemies":"Spire Growth","floor":48.0,"turns":10.0},{"damage":100,"enemies":"Donu and Deca","floor":50,"turns":10}],"seed_played":"7034536282639989182","potions_obtained":[{"floor":2.0,"key":"SkillPotion"},{"floor":3.0,"key":"Regen Potion"},{"floor":14.0,"key":"Energy Potion"},{"floor":19.0,"key":"EssenceOfSteel"},{"floor":24.0,"key":"Block Potion"},{"floor":28.0,"key":"Fire Potion"},{"floor":38.0,"key":"Energy Potion"}],"is_trial":false,"path_per_floor":["M","M","M","?","M","R","M","M","T","R","$","?","R","M","R","B",null,"M","M","$","?","$","R","M","M","T","M","M","R","M","?","R","B",null,"M","?","T","M","$","R","?","R","T","?","M","R","M","M","R","B"],"character_chosen":"IRONCLAD","items_purchased":["Limit Break","Feel No Pain","Art of War"],"campfire_rested":1,"item_purchase_floors":[11,20,39],"current_hp_per_floor":[74,75,75,75,75,75,75,73,73,73,73,73,73,54,54,22,62,46,50,50,50,50,50,75,75,75,8,13,35,68,57,57,30,64,56,56,56,43,43,43,43,43,43,43,71,71,71,71,71,0],"gold":45,"neow_bonus":"THREE_ENEMY_KILL","is_prod":false,"is_daily":false,"chose_seed":false,"campfire_upgraded":10,"win_rate":0,"timestamp":1570163719,"path_taken":["M","?","?","?","?","R","M","M","T","R","?","?","R","M","R","BOSS","M","M","$","?","$","R","M","M","T","?","M","R","M","?","R","BOSS","M","?","?","M","$","R","?","R","T","?","?","R","M","M","R","BOSS"],"build_version":"2019-07-17","purchased_purges":2,"victory":false,"max_hp_per_floor":[75,75,75,75,75,75,75,75,75,75,75,75,75,75,75,75,75,75,75,75,75,75,75,75,75,75,75,75,75,75,75,75,75,75,75,75,75,75,75,75,71,71,71,71,71,71,71,71,71,71],"card_choices":[{"not_picked":["Flex","Wild Strike"],"picked":"Pommel Strike","floor":1.0},{"not_picked":["Sword Boomerang","Iron Wave","Headbutt"],"picked":"SKIP","floor":2.0},{"not_picked":["Pummel","Rage"],"picked":"Ghostly Armor","floor":3.0},{"not_picked":["Corruption","Infernal Blade"],"picked":"True Grit","floor":5.0},{"not_picked":["Dual Wield","Clothesline","Wild Strike"],"picked":"SKIP","floor":7.0},{"not_picked":["Burning Pact","Juggernaut","Thunderclap"],"picked":"SKIP","floor":8.0},{"not_picked":["Pummel","Thunderclap"],"picked":"True Grit","floor":14.0},{"not_picked":["Impervious","Feed"],"picked":"Reaper","floor":16.0},{"not_picked":["Rupture+1","Cleave"],"picked":"Flame Barrier","floor":18.0},{"not_picked":["Armaments","Rage"],"picked":"Heavy Blade","floor":19.0},{"not_picked":["Infernal Blade","Warcry","Wild Strike"],"picked":"SKIP","floor":24.0},{"not_picked":["Rampage","Anger"],"picked":"Shrug It Off+1","floor":25.0},{"not_picked":["Offering","Pommel Strike"],"picked":"Whirlwind+1","floor":27.0},{"not_picked":["Perfected Strike","Havoc","Ghostly Armor"],"picked":"SKIP","floor":28.0},{"not_picked":["Anger","Searing Blow","Havoc+1"],"picked":"SKIP","floor":30.0},{"not_picked":["Sword Boomerang","Headbutt","Heavy Blade"],"picked":"SKIP","floor":35.0},{"not_picked":["Twin Strike+1","Body Slam","Sever Soul"],"picked":"SKIP","floor":38.0},{"not_picked":["True Grit","Thunderclap+1"],"picked":"Shrug It Off","floor":45.0},{"not_picked":["Iron Wave","Pummel"],"picked":"Shrug It Off","floor":47.0},{"not_picked":["Reckless Charge","Perfected Strike","Intimidate"],"picked":"SKIP","floor":48.0}],"player_experience":311517,"relics_obtained":[{"floor":9.0,"key":"Vajra"},{"floor":26.0,"key":"Ornamental Fan"},{"floor":37.0,"key":"Bag of Marbles"},{"floor":43.0,"key":"War Paint"}],"event_choices":[{"damage_healed":0.0,"max_hp_gain":0.0,"max_hp_loss":0.0,"gold_gain":0.0,"cards_transformed":["Strike_R"],"event_name":"Transmorgrifier","player_choice":"Transformed","floor":4.0,"gold_loss":0.0,"damage_taken":0.0,"cards_obtained":["Cleave"]},{"damage_healed":0.0,"max_hp_gain":0.0,"max_hp_loss":0.0,"gold_gain":0.0,"event_name":"The Cleric","player_choice":"Leave","floor":12.0,"gold_loss":0.0,"damage_taken":0.0},{"damage_healed":0.0,"max_hp_gain":0.0,"max_hp_loss":0.0,"gold_gain":0.0,"event_name":"Upgrade Shrine","player_choice":"Upgraded","floor":21.0,"gold_loss":0.0,"damage_taken":0.0,"cards_upgraded":["Heavy Blade"]},{"damage_healed":0.0,"max_hp_gain":0.0,"max_hp_loss":0.0,"gold_gain":0.0,"event_name":"Wheel of Change","player_choice":"Damaged","floor":31.0,"gold_loss":0.0,"damage_taken":11.0},{"damage_healed":0.0,"max_hp_gain":0.0,"max_hp_loss":0.0,"gold_gain":0.0,"event_name":"SensoryStone","player_choice":"Memory 1","floor":36.0,"gold_loss":0.0,"damage_taken":0.0},{"damage_healed":0.0,"max_hp_gain":0.0,"max_hp_loss":4.0,"gold_gain":0.0,"event_name":"Winding Halls","player_choice":"Max HP","floor":41.0,"gold_loss":0.0,"damage_taken":0.0},{"damage_healed":0.0,"max_hp_gain":0.0,"max_hp_loss":0.0,"gold_gain":0.0,"event_name":"Tomb of Lord Red Mask","player_choice":"Paid","floor":44.0,"gold_loss":53.0,"damage_taken":0.0,"relics_obtained":["Red Mask"]}],"is_beta":false,"boss_relics":[{"not_picked":["Empty Cage","Philosopher\u0027s Stone"],"picked":"Pandora\u0027s Box"},{"not_picked":["Black Star","Coffee Dripper"],"picked":"Black Blood"}],"items_purged_floors":[22,39],"is_endless":false,"potions_floor_spawned":[2,3,14,19,24,28,38,45,48],"killed_by":"Donu and Deca","ascension_level":16}