{"path_per_floor":["M","$","M","?","M","E","T","R","T","M","R","?","?","$","R"],"character_chosen":"IRONCLAD","items_purchased":["Inflame","Mummified Hand"],"gold_per_floor":[112,41,58,58,77,110,136,136,163,163,163,338,338,9,9,9],"floor_reached":16,"campfire_rested":0,"playtime":601,"current_hp_per_floor":[80,80,78,78,80,55,55,55,55,61,61,61,66,66,66,0],"items_purged":["Doubt"],"gold":9,"score":98,"play_id":"b5d21750-cbca-4193-a218-c0fc40712ae4","local_time":"20180519225510","is_prod":false,"is_daily":false,"chose_seed":false,"is_ascension_mode":false,"campfire_upgraded":3,"timestamp":1526766910,"campfire_choices":[{"data":"Shrug It Off","floor":8,"key":"SMITH"},{"data":"Inflame","floor":11,"key":"SMITH"},{"data":"Reaper","floor":15,"key":"SMITH"}],"path_taken":["M","$","M","?","M","E","?","R","T","?","R","?","?","$","R","BOSS"],"build_version":"2018-05-17","seed_source_timestamp":189004927522786,"purchased_purges":1,"victory":false,"master_deck":["Strike_R","Strike_R","Strike_R+1","Strike_R","Strike_R","Defend_R+1","Defend_R","Defend_R+1","Defend_R","Bash+1","Spot Weakness+1","Inflame+1","Iron Wave+1","Shrug It Off+1","Reaper+1"],"max_hp_per_floor":[80,80,80,80,80,80,80,80,80,80,80,80,85,85,85,85],"relics":["Burning Blood","Bag of Marbles","War Paint","Whetstone","Mummified Hand"],"card_choices":[{"not_picked":["Heavy Blade","Havoc"],"picked":"Spot Weakness","floor":1},{"not_picked":["Clash","Thunderclap"],"picked":"Iron Wave","floor":3},{"not_picked":["Havoc","Spot Weakness"],"picked":"Shrug It Off","floor":5},{"not_picked":["Fire Breathing","Entrench"],"picked":"Reaper","floor":6},{"not_picked":["Dual Wield","Uppercut","Cleave"],"picked":"SKIP","floor":10}],"player_experience":335447,"potions_floor_usage":[16,16],"damage_taken":[{"damage":6,"enemies":"Jaw Worm","floor":1,"turns":3},{"damage":8,"enemies":"Small Slimes","floor":3,"turns":4},{"damage":1,"enemies":"Cultist","floor":5,"turns":3},{"damage":31,"enemies":"Lagavulin","floor":6,"turns":4},{"damage":0,"enemies":"2 Fungi Beasts","floor":10,"turns":3},{"damage":88,"enemies":"Slime Boss","floor":16,"turns":12}],"relics_obtained":[{"floor":6,"key":"Bag of Marbles"},{"floor":7,"key":"War Paint"},{"floor":9,"key":"Whetstone"}],"event_choices":[{"event_name":"Living Wall","player_choice":"Grow","floor":4,"damage_taken":0},{"event_name":"Liars Game","player_choice":"agreed","floor":12,"damage_taken":0},{"event_name":"Big Fish","player_choice":"Donut","floor":13,"damage_taken":0}],"boss_relics":[],"potions_floor_spawned":[1,6],"seed_played":"6850876888063510445","killed_by":"Slime Boss","ascension_level":0,"potions_obtained":[{"floor":1,"key":"SneckoOil"},{"floor":6,"key":"Weak Potion"}],"is_trial":false}