{"gold_per_floor":[118,118,118,133,151,180,180,198,198,213,231,15,31,31],"floor_reached":14,"playtime":291,"items_purged":[],"score":174,"play_id":"9c276639-2847-4fbb-bb9c-4cd9a5fadedf","local_time":"20190720024054","is_ascension_mode":true,"campfire_choices":[{"data":"Zap","floor":7,"key":"SMITH"}],"neow_cost":"NONE","seed_source_timestamp":626597641117200,"circlet_count":0,"master_deck":["AscendersBane","Strike_B","Strike_B","Strike_B","Strike_B","Defend_B","Defend_B","Defend_B","Defend_B","Zap+1","Dualcast","Ball Lightning","Gash","Static Discharge","Sunder","Go for the Eyes","Gash","Conserve Battery","Apotheosis","Doom and Gloom"],"relics":["Cracked Core","NeowsBlessing","Orichalcum","Kunai"],"potions_floor_usage":[8,14],"damage_taken":[{"damage":0,"enemies":"2 Louse","floor":1,"turns":1},{"damage":0,"enemies":"Cultist","floor":4,"turns":1},{"damage":0,"enemies":"Small Slimes","floor":5,"turns":1},{"damage":28,"enemies":"Lagavulin","floor":6,"turns":7},{"damage":6,"enemies":"Looter","floor":8,"turns":3},{"damage":11,"enemies":"Gremlin Gang","floor":10,"turns":3},{"damage":2,"enemies":"3 Louse","floor":11,"turns":2},{"damage":0,"enemies":"2 Fungi Beasts","floor":13,"turns":2},{"damage":14,"enemies":"Exordium Wildlife","floor":14,"turns":1}],"seed_played":"-6889510625340549608","potions_obtained":[{"floor":4,"key":"GamblersBrew"},{"floor":8,"key":"Dexterity Potion"},{"floor":10,"key":"Dexterity Potion"}],"is_trial":false,"path_per_floor":["M","$","?","M","M","E","R","M","T","M","M","$","M","M"],"character_chosen":"DEFECT","items_purchased":["Apotheosis"],"campfire_rested":0,"item_purchase_floors":[12],"current_hp_per_floor":[64,64,54,54,54,26,26,20,20,9,7,7,7,0],"gold":31,"neow_bonus":"THREE_ENEMY_KILL","is_prod":false,"is_daily":false,"chose_seed":false,"campfire_upgraded":1,"win_rate":0,"timestamp":1563583254,"path_taken":["M","$","?","?","M","E","R","M","T","M","?","$","M","M"],"build_version":"2019-07-17","purchased_purges":0,"victory":false,"max_hp_per_floor":[71,71,71,71,71,71,71,71,71,71,71,71,71,71],"card_choices":[{"not_picked":["Sweeping Beam","Capacitor"],"picked":"Ball Lightning","floor":1},{"not_picked":["Hologram","Rebound"],"picked":"Gash","floor":4},{"not_picked":["Stack","Reinforced Body"],"picked":"Static Discharge","floor":5},{"not_picked":["Rainbow","Rip and Tear"],"picked":"Sunder","floor":6},{"not_picked":["Barrage","Steam"],"picked":"Go for the Eyes","floor":8},{"not_picked":["Doom and Gloom","Sweeping Beam"],"picked":"Gash","floor":10},{"not_picked":["Genetic Algorithm","FTL"],"picked":"Conserve Battery","floor":11},{"not_picked":["Streamline","Compile Driver"],"picked":"Doom and Gloom","floor":13}],"player_experience":1704217,"relics_obtained":[{"floor":6,"key":"Orichalcum"},{"floor":9,"key":"Kunai"}],"event_choices":[{"damage_healed":0,"gold_gain":0,"player_choice":"Damaged","damage_taken":10,"max_hp_gain":0,"max_hp_loss":0,"event_name":"Wheel of Change","floor":3,"gold_loss":0}],"is_beta":false,"boss_relics":[],"items_purged_floors":[],"is_endless":false,"potions_floor_spawned":[4,8,10,11],"killed_by":"Exordium Wildlife","ascension_level":17}