{"gold_per_floor":[15,32,32,32,51,51,70,97,121,44,44,78,3,38,38,117,117,135,135,135,216,228,228,228],"floor_reached":24,"playtime":805,"items_purged":["Strike_R"],"score":424,"play_id":"64759bbf-a4fa-4c1e-8818-5b9666d3359f","local_time":"20190614181949","is_ascension_mode":true,"campfire_choices":[{"data":"Twin Strike","floor":6,"key":"SMITH"},{"data":"Uppercut","floor":11,"key":"SMITH"},{"floor":15,"key":"REST"},{"data":"Demon Form","floor":23,"key":"SMITH"}],"neow_cost":"NO_GOLD","seed_source_timestamp":53602488390131,"circlet_count":0,"master_deck":["AscendersBane","Strike_R","Defend_R","Defend_R","Defend_R","Defend_R","Bash","Twin Strike+1","True Grit","Cleave","Uppercut+1","Feed","Shrug It Off","Demon Form+1","Fiend Fire","Twin Strike+1","Juggernaut+1","Uppercut+1","Body Slam","Heavy Blade+1"],"relics":["Burning Blood","Peace Pipe","Art of War","Pen Nib","PreservedInsect","Ancient Tea Set","Astrolabe","Letter Opener"],"potions_floor_usage":[7,8,14,16,22],"damage_taken":[{"damage":14,"enemies":"Jaw Worm","floor":1,"turns":4},{"damage":7,"enemies":"Cultist","floor":2,"turns":4},{"damage":10,"enemies":"Small Slimes","floor":5,"turns":3},{"damage":4,"enemies":"2 Fungi Beasts","floor":7,"turns":3},{"damage":13,"enemies":"3 Sentries","floor":8,"turns":8},{"damage":49,"enemies":"Lagavulin","floor":12,"turns":9},{"damage":3,"enemies":"Gremlin Nob","floor":14,"turns":3},{"damage":22,"enemies":"Hexaghost","floor":16,"turns":6},{"damage":28,"enemies":"3 Byrds","floor":18,"turns":5},{"damage":15,"enemies":"Chosen","floor":22,"turns":5},{"damage":47,"enemies":"Centurion and Healer","floor":24,"turns":3}],"seed_played":"5726344960115357067","potions_obtained":[{"floor":1,"key":"Block Potion"},{"floor":2,"key":"FairyPotion"},{"floor":4,"key":"PowerPotion"},{"floor":12,"key":"Poison Potion"},{"floor":14,"key":"Dexterity Potion"},{"floor":18,"key":"Block Potion"}],"is_trial":false,"path_per_floor":["M","M","$","?","M","R","M","E","T","$","R","E","$","E","R","B",null,"M","?","?","T","M","R","M"],"character_chosen":"IRONCLAD","items_purchased":["Feed"],"campfire_rested":1,"item_purchase_floors":[10],"current_hp_per_floor":[60,59,59,59,55,55,57,50,50,50,50,10,10,16,40,24,67,48,48,48,48,42,42,0],"gold":228,"neow_bonus":"ONE_RARE_RELIC","is_prod":false,"is_daily":false,"chose_seed":false,"campfire_upgraded":3,"win_rate":0,"timestamp":1560532789,"path_taken":["M","M","$","?","M","R","M","E","T","$","R","E","?","E","R","BOSS","M","?","?","?","?","R","M"],"build_version":"2019-01-23","purchased_purges":1,"victory":false,"max_hp_per_floor":[75,75,75,75,75,75,75,75,75,75,75,78,78,81,81,81,81,84,84,84,84,87,87,87],"card_choices":[{"not_picked":["Sever Soul","Battle Trance"],"picked":"Twin Strike","floor":1},{"not_picked":["Flex","Body Slam"],"picked":"True Grit","floor":2},{"not_picked":["True Grit","Sever Soul","Corruption"],"picked":"SKIP","floor":5},{"not_picked":["Heavy Blade","True Grit"],"picked":"Cleave","floor":7},{"not_picked":["Havoc","Clash"],"picked":"Uppercut","floor":8},{"not_picked":["Flex","Uppercut"],"picked":"Shrug It Off","floor":12},{"not_picked":["Shockwave","Cleave"],"picked":"Demon Form","floor":14},{"not_picked":["Barricade","Double Tap"],"picked":"Fiend Fire","floor":16},{"not_picked":["Perfected Strike","Pommel Strike"],"picked":"Body Slam","floor":18},{"not_picked":["Flex","Armaments"],"picked":"Heavy Blade+1","floor":22}],"player_experience":1077343,"relics_obtained":[{"floor":8,"key":"Art of War"},{"floor":9,"key":"Pen Nib"},{"floor":12,"key":"PreservedInsect"},{"floor":14,"key":"Ancient Tea Set"},{"floor":21,"key":"Letter Opener"}],"event_choices":[{"damage_healed":0,"gold_gain":0,"player_choice":"Got Potions","damage_taken":0,"max_hp_gain":0,"max_hp_loss":0,"event_name":"Lab","floor":4,"gold_loss":0},{"damage_healed":0,"gold_gain":0,"player_choice":"Ignored","damage_taken":0,"max_hp_gain":0,"max_hp_loss":0,"event_name":"Beggar","floor":19,"gold_loss":0},{"damage_healed":0,"gold_gain":0,"player_choice":"Ignored","damage_taken":0,"max_hp_gain":0,"max_hp_loss":0,"event_name":"Cursed Tome","floor":20,"gold_loss":0}],"is_beta":false,"boss_relics":[{"not_picked":["White Beast Statue","Empty Cage"],"picked":"Astrolabe"}],"items_purged_floors":[13],"is_endless":false,"potions_floor_spawned":[1,2,12,14,18],"killed_by":"Centurion and Healer","ascension_level":20}