{"gold_per_floor":[115,115,131,141,153,153,138,138,219,229,229,244,275,288,288,366,366,385,65,83,6,6,6],"floor_reached":23,"playtime":1513,"items_purged":["Strike_G"],"score":331,"play_id":"5ece755e-7298-435e-bdf9-edc5ec2f3245","local_time":"20181028011100","is_ascension_mode":true,"campfire_choices":[{"data":"Neutralize","floor":6.0,"key":"SMITH"},{"data":"Footwork","floor":15.0,"key":"SMITH"}],"neow_cost":"NONE","seed_source_timestamp":1059640864908199,"circlet_count":0,"master_deck":["Defend_G","Defend_G","Defend_G","Defend_G","Defend_G","Strike_G","Strike_G","Strike_G","Strike_G","Survivor","Neutralize+1","AscendersBane","Well Laid Plans","Leg Sweep","Backflip","Well Laid Plans","Heel Hook","Footwork+1","Flying Knee","Skewer","Acrobatics","Storm of Steel","Dodge and Roll","Accuracy","Cloak And Dagger","Bandage Up","Skewer+1","Caltrops","Writhe"],"special_seed":0,"relics":["Philosopher\u0027s Stone","WarpedTongs","Spirit Poop","Sundial","StoneCalendar","Runic Dome","Orichalcum"],"potions_floor_usage":[18,20,23],"damage_taken":[{"damage":0.0,"enemies":"Jaw Worm","floor":1.0,"turns":5.0},{"damage":5.0,"enemies":"Cultist","floor":3.0,"turns":5.0},{"damage":4.0,"enemies":"2 Louse","floor":4.0,"turns":6.0},{"damage":3.0,"enemies":"2 Fungi Beasts","floor":5.0,"turns":4.0},{"damage":7.0,"enemies":"Exordium Thugs","floor":7.0,"turns":4.0},{"damage":8.0,"enemies":"Exordium Wildlife","floor":10.0,"turns":6.0},{"damage":9.0,"enemies":"Gremlin Gang","floor":12.0,"turns":5.0},{"damage":10.0,"enemies":"Lagavulin","floor":13.0,"turns":8.0},{"damage":7.0,"enemies":"Looter","floor":14.0,"turns":4.0},{"damage":4.0,"enemies":"Hexaghost","floor":16.0,"turns":11.0},{"damage":35,"enemies":"3 Byrds","floor":18,"turns":7},{"damage":11,"enemies":"Chosen","floor":20,"turns":4},{"damage":23,"enemies":"Gremlin Leader","floor":23,"turns":4}],"seed_played":"-2299707460238766275","potions_obtained":[{"floor":3.0,"key":"Explosive Potion"},{"floor":4.0,"key":"Block Potion"},{"floor":16.0,"key":"SpeedPotion"},{"floor":20,"key":"EssenceOfSteel"}],"is_trial":false,"path_per_floor":["M","?","M","M","M","R","M","?","T","M","?","M","E","M","R","B",null,"M","$","M","$","?"],"character_chosen":"THE_SILENT","items_purchased":["Accuracy","Cloak And Dagger","Bandage Up","Regen Potion","Caltrops"],"campfire_rested":0,"item_purchase_floors":[19,19,19,19,21],"current_hp_per_floor":[59,59,54,50,47,47,40,40,40,32,37,28,18,11,11,7,55,20,20,22,22,22,0],"gold":6,"neow_bonus":"BOSS_RELIC","is_prod":false,"is_daily":false,"chose_seed":false,"campfire_upgraded":2,"win_rate":0,"timestamp":1540681860,"path_taken":["M","?","M","M","M","R","M","?","T","M","?","?","E","M","R","BOSS","M","$","?","$","?","E"],"build_version":"2018-10-25v2","purchased_purges":1,"victory":false,"max_hp_per_floor":[66,66,66,66,66,66,66,66,66,66,71,71,71,71,71,71,71,71,71,71,71,71,71],"card_choices":[{"not_picked":["Outmaneuver","Escape Plan"],"picked":"Well Laid Plans","floor":1.0},{"not_picked":["Heel Hook","Endless Agony"],"picked":"Leg Sweep","floor":3.0},{"not_picked":["PiercingWail","Deflect"],"picked":"Backflip","floor":4.0},{"not_picked":["Quick Slash","Underhanded Strike"],"picked":"Well Laid Plans","floor":5.0},{"not_picked":["Quick Slash","Reflex"],"picked":"Heel Hook","floor":7.0},{"not_picked":["Outmaneuver","Blur"],"picked":"Footwork","floor":10.0},{"not_picked":["Outmaneuver","Dagger Throw"],"picked":"Flying Knee","floor":12.0},{"not_picked":["Venomology","Reflex"],"picked":"Skewer","floor":13.0},{"not_picked":["Crippling Poison","Underhanded Strike"],"picked":"Acrobatics","floor":14.0},{"not_picked":["Grand Finale","Bullet Time"],"picked":"Storm of Steel","floor":16.0},{"not_picked":["PiercingWail","Poisoned Stab"],"picked":"Dodge and Roll","floor":18},{"not_picked":["Blade Dance","Dagger Spray"],"picked":"Skewer+1","floor":20}],"player_experience":462843,"relics_obtained":[{"floor":9.0,"key":"Sundial"},{"floor":13.0,"key":"StoneCalendar"}],"event_choices":[{"damage_healed":0.0,"max_hp_gain":0.0,"max_hp_loss":0.0,"gold_gain":0.0,"event_name":"Accursed Blacksmith","player_choice":"Rummage","floor":2.0,"gold_loss":0.0,"damage_taken":0.0,"relics_obtained":["WarpedTongs"],"cards_obtained":["Pain"]},{"cards_removed":["Pain"],"damage_healed":0.0,"max_hp_gain":0.0,"max_hp_loss":0.0,"gold_gain":0.0,"event_name":"Bonfire Elementals","player_choice":"Offered Curse","floor":8.0,"gold_loss":0.0,"damage_taken":0.0,"relics_obtained":["Spirit Poop"]},{"damage_healed":0.0,"max_hp_gain":5.0,"max_hp_loss":0.0,"gold_gain":0.0,"event_name":"Big Fish","player_choice":"Donut","floor":11.0,"gold_loss":0.0,"damage_taken":0.0},{"damage_healed":0,"gold_gain":0,"player_choice":"Opened","damage_taken":0,"relics_obtained":["Orichalcum"],"max_hp_gain":0,"max_hp_loss":0,"event_name":"The Mausoleum","floor":22,"gold_loss":0,"cards_obtained":["Writhe"]}],"is_beta":false,"boss_relics":[{"not_picked":["Lizard Tail","Orrery"],"picked":"Runic Dome"}],"items_purged_floors":[19],"is_endless":false,"potions_floor_spawned":[3,4,5,16,20],"killed_by":"Gremlin Leader","ascension_level":14}