{"gold_per_floor":[114,114,114,39,39,66,82,113,159,174,174,187,187,70,70,146,146,112,37,49,49,49,49,65,65,142,152,152],"floor_reached":28,"playtime":872,"items_purged":["Strike_G"],"score":452,"play_id":"696e559b-f228-4199-abdb-30b860d0da2c","local_time":"20190626161119","is_ascension_mode":true,"campfire_choices":[{"data":"Predator","floor":13.0,"key":"SMITH"},{"data":"Glass Knife","floor":15.0,"key":"SMITH"},{"floor":23,"key":"REST"},{"data":"Neutralize","floor":25,"key":"SMITH"}],"neow_cost":"NONE","seed_source_timestamp":748495896784700,"circlet_count":0,"master_deck":["AscendersBane","Defend_G","Defend_G","Defend_G+1","Defend_G","Defend_G+1","Strike_G","Survivor","Neutralize+1","Deadly Poison","Infinite Blades","Blur","Predator+1","Dodge and Roll","Glass Knife+1","Doppelganger","Poisoned Stab","Endless Agony","Prepared","Concentrate","Backflip+1","Deflect"],"special_seed":0,"relics":["Ring of the Snake","NeowsBlessing","War Paint","Orichalcum","Bronze Scales","Juzu Bracelet","Lizard Tail","Nloth\u0027s Gift","Blue Candle"],"potions_floor_usage":[27],"damage_taken":[{"damage":0.0,"enemies":"Small Slimes","floor":1.0,"turns":1.0},{"damage":0.0,"enemies":"Lagavulin","floor":6.0,"turns":1.0},{"damage":0.0,"enemies":"Jaw Worm","floor":7.0,"turns":1.0},{"damage":15.0,"enemies":"3 Sentries","floor":8.0,"turns":13.0},{"damage":0.0,"enemies":"2 Louse","floor":10.0,"turns":2.0},{"damage":6.0,"enemies":"Lots of Slimes","floor":12.0,"turns":4.0},{"damage":13.0,"enemies":"Slime Boss","floor":16.0,"turns":13.0},{"damage":31.0,"enemies":"2 Thieves","floor":18.0,"turns":5.0},{"damage":7,"enemies":"3 Byrds","floor":20,"turns":4},{"damage":45,"enemies":"Sentry and Sphere","floor":24,"turns":7},{"damage":12,"enemies":"Snake Plant","floor":27,"turns":3},{"damage":16,"enemies":"Centurion and Healer","floor":28,"turns":2}],"seed_played":"2804778031360585315","potions_obtained":[{"floor":6.0,"key":"Weak Potion"},{"floor":7.0,"key":"GhostInAJar"},{"floor":12.0,"key":"SpeedPotion"},{"floor":20,"key":"FearPotion"}],"is_trial":false,"path_per_floor":["M","?","$","?","$","E","M","E","T","M","?","M","R","?","R","B",null,"M","$","M","?","?","R","M","R","T","M","M"],"character_chosen":"THE_SILENT","items_purchased":[],"campfire_rested":1,"item_purchase_floors":[],"current_hp_per_floor":[59,33,33,33,33,33,33,18,18,18,40,34,34,34,34,21,55,24,24,17,17,17,36,28,28,28,16,0],"gold":152,"neow_bonus":"THREE_ENEMY_KILL","is_prod":false,"is_daily":false,"chose_seed":false,"campfire_upgraded":3,"win_rate":0,"timestamp":1561558279,"path_taken":["M","?","$","?","?","E","?","E","T","M","?","M","R","?","R","BOSS","M","$","M","?","?","R","M","R","T","M","M"],"build_version":"2019-01-23","purchased_purges":1,"victory":false,"max_hp_per_floor":[66,66,66,66,66,66,66,66,66,66,66,66,66,66,66,66,66,66,66,66,66,66,66,66,66,66,66,66],"card_choices":[{"not_picked":["Deflect","PiercingWail"],"picked":"Deadly Poison","floor":1.0},{"not_picked":["Outmaneuver","Deflect"],"picked":"Infinite Blades","floor":6.0},{"not_picked":["Escape Plan","Deadly Poison"],"picked":"Blur","floor":7.0},{"not_picked":["Cloak And Dagger","Masterful Stab"],"picked":"Predator","floor":8.0},{"not_picked":["Bane","Outmaneuver"],"picked":"Dodge and Roll","floor":10.0},{"not_picked":["Poisoned Stab","Choke"],"picked":"Glass Knife","floor":12.0},{"not_picked":["Night Terror","Phantasmal Killer"],"picked":"Doppelganger","floor":16.0},{"not_picked":["Concentrate","Cloak And Dagger"],"picked":"Poisoned Stab","floor":18.0},{"not_picked":["Eviscerate","Acrobatics"],"picked":"Endless Agony","floor":20},{"not_picked":["Acrobatics","Deflect"],"picked":"Backflip+1","floor":24},{"not_picked":["Masterful Stab","Bane"],"picked":"Deflect","floor":27}],"player_experience":1481221,"relics_obtained":[{"floor":6.0,"key":"War Paint"},{"floor":8.0,"key":"Orichalcum"},{"floor":9.0,"key":"Bronze Scales"},{"floor":26,"key":"Blue Candle"}],"event_choices":[{"damage_healed":0.0,"max_hp_gain":0.0,"max_hp_loss":0.0,"gold_gain":0.0,"event_name":"Scrap Ooze","player_choice":"Success","floor":2.0,"gold_loss":0.0,"damage_taken":26.0,"relics_obtained":["Dream Catcher"]},{"cards_removed":["Strike_G"],"damage_healed":0.0,"max_hp_gain":0.0,"max_hp_loss":0.0,"gold_gain":0.0,"event_name":"The Cleric","player_choice":"Card Removal","floor":4.0,"gold_loss":75.0,"damage_taken":0.0},{"damage_healed":22.0,"max_hp_gain":0.0,"max_hp_loss":0.0,"gold_gain":0.0,"event_name":"Big Fish","player_choice":"Banana","floor":11.0,"gold_loss":0.0,"damage_taken":0.0},{"damage_healed":0.0,"max_hp_gain":0.0,"max_hp_loss":0.0,"gold_gain":0.0,"event_name":"WeMeetAgain","player_choice":"Paid Gold","floor":14.0,"gold_loss":117.0,"damage_taken":0.0,"relics_obtained":["Juzu Bracelet"]},{"damage_healed":0,"gold_gain":0,"cards_transformed":["Strike_G","Strike_G"],"player_choice":"Became Test Subject","damage_taken":0,"max_hp_gain":0,"max_hp_loss":0,"event_name":"Drug Dealer","floor":21,"gold_loss":0,"cards_obtained":["Prepared","Concentrate"]},{"damage_healed":0,"gold_gain":0,"player_choice":"Traded Relic","damage_taken":0,"relics_obtained":["Nloth\u0027s Gift"],"max_hp_gain":0,"max_hp_loss":0,"event_name":"N\u0027loth","floor":22,"relics_lost":["Dream Catcher"],"gold_loss":0}],"is_beta":false,"boss_relics":[{"not_picked":["Calling Bell","Coffee Dripper"],"picked":"Lizard Tail"}],"items_purged_floors":[19],"is_endless":false,"potions_floor_spawned":[6,7,12,20],"killed_by":"Centurion and Healer","ascension_level":16}