{"gold_per_floor":[112,125,275,275,291,318,318,1,47,47,80,105,5,23,23,94,144,162,180,198,209,209,36,36,52,78,78,90,103,103],"floor_reached":30,"playtime":1095,"items_purged":["Pain","Doubt"],"score":584,"play_id":"b73c68ab-bc6b-4250-8ec7-252f9614448d","local_time":"20190331220430","is_ascension_mode":true,"campfire_choices":[{"floor":7,"key":"REST"},{"data":"Buffer","floor":10,"key":"SMITH"},{"data":"Loop","floor":15,"key":"SMITH"},{"floor":24,"key":"REST"}],"neow_cost":"NONE","seed_source_timestamp":1247598941252519,"circlet_count":0,"master_deck":["AscendersBane","Strike_B","Strike_B","Strike_B","Strike_B","Defend_B","Defend_B","Defend_B","Defend_B","Zap","Dualcast","Cold Snap","Ball Lightning","Cold Snap+1","White Noise","Undo","Cold Snap","Conserve Battery","Beam Cell","Buffer+1","Electrodynamics","Loop+1","Biased Cognition","Fusion","Ball Lightning","Compile Driver","Conserve Battery","Barrage+1","Buffer"],"relics":["Orrery","Omamori","Blood Vial","Strawberry","Matryoshka","Happy Flower","Lantern","Bronze Scales","Kunai","Bag of Preparation","Nloth\u0027s Gift"],"potions_floor_usage":[6,11,19,19,22,30],"damage_taken":[{"damage":5,"enemies":"Jaw Worm","floor":1,"turns":4},{"damage":0,"enemies":"Cultist","floor":2,"turns":2},{"damage":4,"enemies":"Small Slimes","floor":5,"turns":3},{"damage":49,"enemies":"Gremlin Nob","floor":6,"turns":6},{"damage":11,"enemies":"3 Sentries","floor":11,"turns":9},{"damage":0,"enemies":"Red Slaver","floor":14,"turns":4},{"damage":0,"enemies":"Slime Boss","floor":16,"turns":5},{"damage":0,"enemies":"Chosen","floor":18,"turns":6},{"damage":23,"enemies":"3 Byrds","floor":19,"turns":3},{"damage":0,"enemies":"Centurion and Healer","floor":20,"turns":6},{"damage":30,"enemies":"Snake Plant","floor":21,"turns":4},{"damage":20,"enemies":"Colosseum Slavers","floor":22,"turns":5},{"damage":0,"enemies":"3 Cultists","floor":25,"turns":3},{"damage":23,"enemies":"Snecko","floor":28,"turns":6},{"damage":7,"enemies":"Centurion and Healer","floor":29,"turns":7},{"damage":40,"enemies":"Shelled Parasite and Fungi","floor":30,"turns":3}],"seed_played":"2245210693166468132","potions_obtained":[{"floor":2,"key":"PowerPotion"},{"floor":6,"key":"Explosive Potion"},{"floor":14,"key":"Swift Potion"},{"floor":17,"key":"Dexterity Potion"},{"floor":21,"key":"Dexterity Potion"},{"floor":29,"key":"Explosive Potion"}],"is_trial":false,"path_per_floor":["M","M","?","?","M","E","R","$","T","R","E","T","$","M","R","B",null,"M","M","M","M","?","$","R","M","T","?","M","M","M"],"character_chosen":"DEFECT","items_purchased":["Buffer","Blood Vial","Bronze Scales"],"campfire_rested":2,"item_purchase_floors":[8,8,23],"current_hp_per_floor":[59,59,59,59,55,6,27,27,34,34,25,25,25,27,27,29,71,73,52,54,26,8,8,32,34,34,34,13,8,0],"gold":103,"neow_bonus":"BOSS_RELIC","is_prod":false,"is_daily":false,"chose_seed":false,"campfire_upgraded":2,"win_rate":0,"timestamp":1554062670,"path_taken":["M","M","?","?","?","E","R","?","T","R","E","?","$","?","R","BOSS","M","?","M","M","?","$","R","M","T","?","?","M","M"],"build_version":"2019-01-23","purchased_purges":2,"victory":false,"max_hp_per_floor":[71,71,71,71,71,71,71,71,78,78,78,78,78,78,78,78,83,83,83,83,83,83,83,83,83,83,83,83,83,83],"card_choices":[{"not_picked":["Fusion","Seek"],"picked":"Cold Snap","floor":0},{"not_picked":["Heatsinks","Hologram"],"picked":"Ball Lightning","floor":0},{"not_picked":["Redo","Ball Lightning"],"picked":"Cold Snap","floor":0},{"not_picked":["Double Energy","Hologram"],"picked":"White Noise","floor":0},{"not_picked":["Darkness","Recycle"],"picked":"Undo","floor":1},{"not_picked":["Double Energy","Beam Cell"],"picked":"Cold Snap","floor":2},{"not_picked":["Force Field","Doom and Gloom"],"picked":"Conserve Battery","floor":5},{"not_picked":["Auto Shields","BootSequence"],"picked":"Beam Cell","floor":6},{"not_picked":["Static Discharge","Ball Lightning"],"picked":"Electrodynamics","floor":11},{"not_picked":["Go for the Eyes","Hologram"],"picked":"Loop","floor":14},{"not_picked":["Seek","Amplify"],"picked":"Biased Cognition","floor":16},{"not_picked":["Darkness","Redo"],"picked":"Fusion","floor":17},{"not_picked":["Sweeping Beam","Hologram","Darkness"],"picked":"SKIP","floor":18},{"not_picked":["Sweeping Beam","Steam"],"picked":"Ball Lightning","floor":19},{"not_picked":["Redo","Streamline"],"picked":"Compile Driver","floor":20},{"not_picked":["Ball Lightning","Skim"],"picked":"Conserve Battery","floor":21},{"not_picked":["Darkness","Turbo"],"picked":"Barrage+1","floor":25},{"not_picked":["Streamline+1","Darkness","Heatsinks"],"picked":"SKIP","floor":28},{"not_picked":["Beam Cell","Gash"],"picked":"Buffer","floor":29}],"player_experience":749943,"relics_obtained":[{"floor":6,"key":"Omamori"},{"floor":9,"key":"Strawberry"},{"floor":11,"key":"Matryoshka"},{"floor":12,"key":"Happy Flower"},{"floor":12,"key":"Lantern"},{"floor":26,"key":"Kunai"},{"floor":26,"key":"Bag of Preparation"}],"event_choices":[{"damage_healed":0,"gold_gain":150,"player_choice":"AGREE","damage_taken":0,"max_hp_gain":0,"max_hp_loss":0,"event_name":"Liars Game","floor":3,"gold_loss":0,"cards_obtained":["Doubt"]},{"damage_healed":0,"gold_gain":0,"player_choice":"1 cards matched","damage_taken":0,"max_hp_gain":0,"max_hp_loss":0,"event_name":"Match and Keep!","floor":4,"gold_loss":0,"cards_obtained":["Pain"]},{"damage_healed":0,"gold_gain":0,"player_choice":"Fight","damage_taken":0,"max_hp_gain":0,"max_hp_loss":0,"event_name":"Colosseum","floor":22,"gold_loss":0},{"damage_healed":0,"gold_gain":0,"player_choice":"Fled From Nobs","damage_taken":0,"max_hp_gain":0,"max_hp_loss":0,"event_name":"Colosseum","floor":22,"gold_loss":0},{"damage_healed":0,"gold_gain":0,"player_choice":"Traded Relic","damage_taken":0,"relics_obtained":["Nloth\u0027s Gift"],"max_hp_gain":0,"max_hp_loss":0,"event_name":"N\u0027loth","floor":27,"relics_lost":["Tiny House"],"gold_loss":0}],"is_beta":false,"boss_relics":[{"not_picked":["Snecko Eye","Coffee Dripper"],"picked":"Tiny House"}],"items_purged_floors":[8,13],"is_endless":false,"potions_floor_spawned":[2,6,14,21,22,29],"killed_by":"Shelled Parasite and Fungi","ascension_level":20}