{"gold_per_floor":[110,123,138,138,157,157,176,176,176,197,236,236,311,335,335,335],"floor_reached":16,"playtime":429,"items_purged":[],"score":192,"play_id":"4a25cacb-d9f5-4dd5-b2aa-2b3ebbf87c47","local_time":"20190701070818","is_ascension_mode":true,"campfire_choices":[{"data":"Zap","floor":6,"key":"SMITH"},{"data":"Chaos","floor":8,"key":"SMITH"},{"data":"Darkness","floor":12,"key":"SMITH"},{"data":"Loop","floor":15,"key":"SMITH"}],"neow_cost":"NONE","seed_source_timestamp":1148386698717500,"circlet_count":0,"master_deck":["AscendersBane","Strike_B","Strike_B","Strike_B","Defend_B","Defend_B","Defend_B","Defend_B","Zap+1","Dualcast","Rip and Tear","Glacier","Coolheaded","Darkness+1","Injury","Compile Driver","Chaos+1","Loop+1","Melter","Self Repair"],"relics":["Cracked Core","Golden Idol","Bottled Lightning","Dodecahedron"],"potions_floor_usage":[5,5],"damage_taken":[{"damage":1,"enemies":"Cultist","floor":1,"turns":3},{"damage":0,"enemies":"2 Louse","floor":2,"turns":1},{"damage":1,"enemies":"Jaw Worm","floor":3,"turns":4},{"damage":0,"enemies":"Large Slime","floor":5,"turns":4},{"damage":4,"enemies":"Looter","floor":7,"turns":2},{"damage":6,"enemies":"Blue Slaver","floor":10,"turns":2},{"damage":12,"enemies":"3 Sentries","floor":11,"turns":6},{"damage":5,"enemies":"Large Slime","floor":14,"turns":4},{"damage":24,"enemies":"The Guardian","floor":16,"turns":2}],"seed_played":"-3113812302036754009","potions_obtained":[{"floor":1,"key":"Poison Potion"},{"floor":2,"key":"Weak Potion"}],"is_trial":false,"path_per_floor":["M","M","M","?","M","R","M","R","T","M","E","R","?","M","R","B"],"character_chosen":"DEFECT","items_purchased":[],"campfire_rested":0,"item_purchase_floors":[],"current_hp_per_floor":[63,63,62,62,62,62,58,58,58,52,40,40,29,24,24,0],"gold":335,"neow_bonus":"TRANSFORM_CARD","is_prod":false,"is_daily":false,"chose_seed":false,"campfire_upgraded":4,"win_rate":0,"timestamp":1561957698,"path_taken":["M","M","?","?","M","R","M","R","T","M","E","R","?","M","R","BOSS"],"build_version":"2019-01-23","purchased_purges":0,"victory":false,"max_hp_per_floor":[71,71,71,71,71,71,71,71,71,71,71,71,71,71,71,71],"card_choices":[{"not_picked":["Heatsinks","Streamline"],"picked":"Glacier","floor":1},{"not_picked":["Streamline","Go for the Eyes"],"picked":"Coolheaded","floor":2},{"not_picked":["Sweeping Beam","Tempest"],"picked":"Darkness","floor":3},{"not_picked":["Glacier","Beam Cell"],"picked":"Compile Driver","floor":5},{"not_picked":["Streamline","Steam"],"picked":"Chaos","floor":7},{"not_picked":["Steam","Leap"],"picked":"Loop","floor":10},{"not_picked":["Machine Learning","Stack"],"picked":"Melter","floor":11},{"not_picked":["Streamline","Hologram"],"picked":"Self Repair","floor":14}],"player_experience":1528799,"relics_obtained":[{"floor":9,"key":"Bottled Lightning"},{"floor":11,"key":"Dodecahedron"}],"event_choices":[{"damage_healed":0,"gold_gain":0,"player_choice":"Take Wound","damage_taken":0,"relics_obtained":["Golden Idol"],"max_hp_gain":0,"max_hp_loss":0,"event_name":"Golden Idol","floor":4,"gold_loss":0,"cards_obtained":["Injury"]},{"damage_healed":0,"gold_gain":75,"player_choice":"Gather Gold","damage_taken":11,"max_hp_gain":0,"max_hp_loss":0,"event_name":"World of Goop","floor":13,"gold_loss":0}],"is_beta":false,"boss_relics":[],"items_purged_floors":[],"is_endless":false,"potions_floor_spawned":[1,2],"killed_by":"The Guardian","ascension_level":17}