{"gold_per_floor":[212,212,222,239,249,249,275,291,317,331,331,53,18,18],"floor_reached":14,"playtime":930,"items_purged":["Strike_G"],"score":166,"play_id":"6c10b671-90ac-4a76-92eb-0ae9aee3d567","local_time":"20190618002520","is_ascension_mode":true,"campfire_choices":[{"data":"Caltrops","floor":6,"key":"SMITH"},{"data":"Distraction","floor":11,"key":"SMITH"}],"neow_cost":"NONE","seed_source_timestamp":479562609300,"circlet_count":0,"master_deck":["AscendersBane","Defend_G","Defend_G","Defend_G","Defend_G","Defend_G","Strike_G","Strike_G","Strike_G","Strike_G","Survivor","Neutralize+1","Caltrops+1","Distraction+1","Sucker Punch","Catalyst","Caltrops","Blade Dance","Poisoned Stab","Noxious Fumes"],"relics":["Ring of the Snake","Vajra","Ancient Tea Set","Snake Skull"],"potions_floor_usage":[5,7,10,10],"damage_taken":[{"damage":4,"enemies":"Small Slimes","floor":1,"turns":5},{"damage":0,"enemies":"Cultist","floor":3,"turns":5},{"damage":0,"enemies":"Jaw Worm","floor":4,"turns":7},{"damage":0,"enemies":"Large Slime","floor":5,"turns":9},{"damage":34,"enemies":"Lagavulin","floor":7,"turns":13},{"damage":4,"enemies":"Red Slaver","floor":8,"turns":5},{"damage":9,"enemies":"Blue Slaver","floor":10,"turns":3},{"damage":24,"enemies":"3 Sentries","floor":14,"turns":4}],"seed_played":"-8135825882629231592","potions_obtained":[{"floor":3,"key":"EssenceOfSteel"},{"floor":5,"key":"EssenceOfSteel"},{"floor":7,"key":"AttackPotion"},{"floor":8,"key":"FearPotion"}],"is_trial":false,"path_per_floor":["M","?","M","M","M","R","E","M","T","M","R","$","?","E"],"character_chosen":"THE_SILENT","items_purchased":["Snake Skull","Noxious Fumes"],"campfire_rested":0,"item_purchase_floors":[12,12],"current_hp_per_floor":[55,55,55,55,55,55,21,17,17,8,8,8,24,0],"gold":18,"neow_bonus":"HUNDRED_GOLD","is_prod":false,"is_daily":false,"chose_seed":false,"campfire_upgraded":2,"win_rate":0,"timestamp":1560810320,"path_taken":["M","?","M","?","M","R","E","M","T","M","R","$","?","E"],"build_version":"2019-01-23","purchased_purges":1,"victory":false,"max_hp_per_floor":[66,66,66,66,66,66,66,66,66,66,66,66,66,66],"card_choices":[{"not_picked":["Backflip","Bane"],"picked":"Caltrops","floor":1},{"not_picked":["Terror","Acrobatics"],"picked":"Distraction","floor":3},{"not_picked":["Underhanded Strike","Blade Dance"],"picked":"Sucker Punch","floor":4},{"not_picked":["Storm of Steel","Blade Dance"],"picked":"Catalyst","floor":5},{"not_picked":["Deflect","Blade Dance"],"picked":"Caltrops","floor":7},{"not_picked":["Slice","Bane"],"picked":"Blade Dance","floor":8},{"not_picked":["Dodge and Roll","Distraction"],"picked":"Poisoned Stab","floor":10}],"player_experience":1402453,"relics_obtained":[{"floor":7,"key":"Vajra"},{"floor":9,"key":"Ancient Tea Set"}],"event_choices":[{"damage_healed":0,"gold_gain":0,"player_choice":"Forge","damage_taken":0,"max_hp_gain":0,"max_hp_loss":0,"event_name":"Accursed Blacksmith","floor":2,"gold_loss":0,"cards_upgraded":["Neutralize"]},{"damage_healed":16,"gold_gain":0,"player_choice":"Healed","damage_taken":0,"max_hp_gain":0,"max_hp_loss":0,"event_name":"The Cleric","floor":13,"gold_loss":35}],"is_beta":false,"boss_relics":[],"items_purged_floors":[12],"is_endless":false,"potions_floor_spawned":[3,5,7,8],"killed_by":"3 Sentries","ascension_level":16}