{"gold_per_floor":[365,39,314,330,341,341,371,371,371,546,496,516,535,151,151,252,252,262,337,350,101,118,118,118],"floor_reached":24,"playtime":846,"items_purged":["Strike_B","Doubt","Strike_B"],"score":329,"play_id":"decffba7-9f86-43ed-889c-7f7f8e4a3e37","local_time":"20190219205957","is_ascension_mode":true,"campfire_choices":[{"data":"Zap","floor":6,"key":"SMITH"},{"floor":8,"key":"REST"},{"data":"Streamline","floor":15,"key":"SMITH"},{"data":"Chaos","floor":23,"key":"SMITH"}],"neow_cost":"TEN_PERCENT_HP_LOSS","seed_source_timestamp":66895563242499,"circlet_count":0,"master_deck":["AscendersBane","Strike_B","Strike_B","Defend_B","Defend_B","Defend_B","Defend_B","Zap+1","Dualcast","Streamline+1","Ball Lightning","Chaos+1","Compile Driver","Sunder","Static Discharge+1","Self Repair+1","Buffer+1","Sweeping Beam","Conserve Battery","Loop+1","Hologram","Capacitor+1"],"relics":["Cracked Core","Frozen Egg 2","Sundial","Shuriken","Lee\u0027s Waffle","Nuclear Battery"],"potions_floor_usage":[7,12,13],"damage_taken":[{"damage":14,"enemies":"Small Slimes","floor":1,"turns":3},{"damage":3,"enemies":"Cultist","floor":4,"turns":3},{"damage":7,"enemies":"Jaw Worm","floor":5,"turns":3},{"damage":43,"enemies":"3 Sentries","floor":7,"turns":6},{"damage":8,"enemies":"Blue Slaver","floor":12,"turns":4},{"damage":9,"enemies":"2 Fungi Beasts","floor":13,"turns":3},{"damage":60,"enemies":"Hexaghost","floor":16,"turns":9},{"damage":23,"enemies":"Shell Parasite","floor":18,"turns":5},{"damage":11,"enemies":"Spheric Guardian","floor":20,"turns":4},{"damage":14,"enemies":"Centurion and Healer","floor":22,"turns":7},{"damage":43,"enemies":"Shelled Parasite and Fungi","floor":24,"turns":5}],"seed_played":"4808954414990795298","potions_obtained":[{"floor":4,"key":"LiquidBronze"},{"floor":5,"key":"Weak Potion"},{"floor":7,"key":"Weak Potion"}],"is_trial":false,"path_per_floor":["M","$","?","M","M","R","E","R","T","?","?","M","M","$","R","B",null,"M","?","M","$","M","R","M"],"character_chosen":"DEFECT","items_purchased":["Frozen Egg 2","Lee\u0027s Waffle","Self Repair+1","Loop+1","Hologram"],"campfire_rested":1,"item_purchase_floors":[2,14,14,21,21],"current_hp_per_floor":[54,54,54,51,44,44,1,21,21,21,21,13,4,75,75,25,63,50,43,42,42,38,38,0],"gold":118,"neow_bonus":"TWO_FIFTY_GOLD","is_prod":false,"is_daily":false,"chose_seed":false,"campfire_upgraded":3,"win_rate":0,"timestamp":1550606397,"path_taken":["M","$","?","M","?","R","E","R","T","?","?","M","M","$","R","BOSS","M","?","?","$","M","R","M"],"build_version":"2019-01-23","purchased_purges":3,"victory":false,"max_hp_per_floor":[68,68,68,68,68,68,68,68,68,68,68,68,68,75,75,75,75,75,75,75,75,75,75,75],"card_choices":[{"not_picked":["Rip and Tear","Redo"],"picked":"Streamline","floor":1},{"not_picked":["FTL","Darkness"],"picked":"Ball Lightning","floor":4},{"not_picked":["Coolheaded","Steam Power"],"picked":"Chaos","floor":5},{"not_picked":["Stack","Gash"],"picked":"Compile Driver","floor":7},{"not_picked":["Conserve Battery","Fusion"],"picked":"Sunder","floor":12},{"not_picked":["FTL","Rip and Tear"],"picked":"Static Discharge+1","floor":13},{"not_picked":["All For One","Amplify"],"picked":"Buffer+1","floor":16},{"not_picked":["Sunder","Steam"],"picked":"Sweeping Beam","floor":18},{"not_picked":["Beam Cell","Cold Snap"],"picked":"Conserve Battery","floor":20},{"not_picked":["Streamline","Machine Learning+1"],"picked":"Capacitor+1","floor":22}],"player_experience":800952,"relics_obtained":[{"floor":7,"key":"Sundial"},{"floor":9,"key":"Shuriken"}],"event_choices":[{"damage_healed":0,"gold_gain":275,"player_choice":"Desecrate","damage_taken":0,"max_hp_gain":0,"max_hp_loss":0,"event_name":"Golden Shrine","floor":3,"gold_loss":0,"cards_obtained":["Regret"]},{"damage_healed":0,"gold_gain":175,"player_choice":"AGREE","damage_taken":0,"max_hp_gain":0,"max_hp_loss":0,"event_name":"Liars Game","floor":10,"gold_loss":0,"cards_obtained":["Doubt"]},{"cards_removed":["Regret"],"damage_healed":0,"gold_gain":0,"player_choice":"Card Removal","damage_taken":0,"max_hp_gain":0,"max_hp_loss":0,"event_name":"The Cleric","floor":11,"gold_loss":50},{"damage_healed":0,"gold_gain":75,"player_choice":"Touch","damage_taken":7,"max_hp_gain":0,"max_hp_loss":0,"event_name":"FaceTrader","floor":19,"gold_loss":0}],"is_beta":false,"boss_relics":[{"not_picked":["Ectoplasm","Runic Pyramid"],"picked":"Nuclear Battery"}],"items_purged_floors":[2,14,21],"is_endless":false,"potions_floor_spawned":[4,5,7],"killed_by":"Shelled Parasite and Fungi","ascension_level":11}