{"gold_per_floor":[16,16,28,44,9,26,26,26,103,116,116,116,135,8,8,111,111,130,130,130,50,50,50],"floor_reached":23,"playtime":949,"items_purged":["Strike_B"],"score":233,"play_id":"e9de1b3e-1573-4af9-88d1-73725e6376bb","local_time":"20180815190414","is_ascension_mode":true,"campfire_choices":[{"data":"Zap","floor":7,"key":"SMITH"},{"data":"Barrage","floor":11,"key":"SMITH"},{"data":"Loop","floor":15,"key":"SMITH"}],"neow_cost":"NO_GOLD","seed_source_timestamp":587175323832401,"circlet_count":0,"master_deck":["Strike_B","Strike_B","Defend_B","Defend_B","Defend_B","Defend_B","Zap+1","Dualcast+1","Echo Form","Sweeping Beam","Capacitor+1","Conserve Battery","Barrage+1","Loop+1","Machine Learning","White Noise","Defragment"],"relics":["FrozenCore","Dodecahedron"],"potions_floor_usage":[10,16,16,18],"damage_taken":[{"damage":7,"enemies":"Jaw Worm","floor":1,"turns":4},{"damage":2,"enemies":"Small Slimes","floor":3,"turns":3},{"damage":1,"enemies":"Cultist","floor":4,"turns":4},{"damage":15,"enemies":"Large Slime","floor":6,"turns":5},{"damage":2,"enemies":"Exordium Wildlife","floor":10,"turns":2},{"damage":6,"enemies":"Looter","floor":13,"turns":2},{"damage":9,"enemies":"Slime Boss","floor":16,"turns":6},{"damage":15,"enemies":"Chosen","floor":18,"turns":7},{"damage":53,"enemies":"Book of Stabbing","floor":23,"turns":5}],"seed_played":"7292983402700680930","potions_obtained":[{"floor":3,"key":"Regen Potion"},{"floor":6,"key":"SkillPotion"},{"floor":10,"key":"PowerPotion"}],"is_trial":false,"path_per_floor":["M","$","M","M","?","M","R","?","T","M","R","?","M","$","R","B",null,"M","?","?","$","?"],"character_chosen":"DEFECT","items_purchased":["Block Potion","Defragment"],"campfire_rested":0,"item_purchase_floors":[14,21],"current_hp_per_floor":[61,61,59,58,75,60,60,45,45,43,43,43,37,37,37,43,67,52,52,52,52,52,0],"gold":50,"neow_bonus":"THREE_RARE_CARDS","is_prod":false,"is_daily":false,"chose_seed":false,"campfire_upgraded":3,"win_rate":0,"timestamp":1534356254,"path_taken":["M","$","M","M","?","?","R","?","T","?","R","?","M","$","R","BOSS","M","?","?","$","?","E"],"build_version":"2018-08-09","purchased_purges":1,"victory":false,"max_hp_per_floor":[75,75,75,75,75,75,75,75,75,75,75,75,75,75,75,75,75,75,75,75,75,75,75],"card_choices":[{"not_picked":["Fission","Meteor Strike"],"picked":"Echo Form","floor":0},{"not_picked":["Ball Lightning","Gash"],"picked":"Sweeping Beam","floor":1},{"not_picked":["Cold Snap","Compile Driver"],"picked":"Capacitor","floor":3},{"not_picked":["Sweeping Beam","Ball Lightning","Reprogram"],"picked":"SKIP","floor":4},{"not_picked":["Echo Form","Go for the Eyes"],"picked":"Conserve Battery","floor":6},{"not_picked":["Conserve Battery","Chaos"],"picked":"Barrage","floor":10},{"not_picked":["Go for the Eyes","Melter"],"picked":"Loop","floor":13},{"not_picked":["Multi-Cast","Rainbow"],"picked":"Machine Learning","floor":16},{"not_picked":["Force Field+1","Sweeping Beam"],"picked":"White Noise","floor":18}],"player_experience":567597,"relics_obtained":[{"floor":9,"key":"Dodecahedron"}],"event_choices":[{"event_name":"The Cleric","player_choice":"Healed","floor":5,"damage_taken":0},{"event_name":"Shining Light","player_choice":"Entered Light","floor":8,"damage_taken":0},{"event_name":"Golden Idol","player_choice":"Ignored","floor":12,"damage_taken":0},{"event_name":"Drug Dealer","player_choice":"Ignored","floor":19,"damage_taken":0},{"event_name":"Purifier","player_choice":"One Purge","floor":20,"damage_taken":0},{"event_name":"Addict","player_choice":"Ignored","floor":22,"damage_taken":0}],"is_beta":false,"boss_relics":[{"not_picked":["Pandora\u0027s Box","Philosopher\u0027s Stone"],"picked":"FrozenCore"}],"items_purged_floors":[14],"is_endless":false,"potions_floor_spawned":[3,6,10],"killed_by":"Book of Stabbing","ascension_level":6}