{"gold_per_floor":[117,117,129,148,159,159,194,194,221,282,43,43,43,60,60,134,134,34,48,48,48],"floor_reached":21,"playtime":929,"items_purged":["Strike_R"],"score":380,"play_id":"18962788-4c49-49cf-8f31-e759105453d4","local_time":"20190813010939","is_ascension_mode":true,"campfire_choices":[{"data":"Body Slam","floor":6,"key":"SMITH"},{"data":"Second Wind","floor":8,"key":"SMITH"},{"data":"Spot Weakness","floor":12,"key":"SMITH"},{"data":"Evolve","floor":15,"key":"SMITH"}],"neow_cost":"NONE","seed_source_timestamp":893215913048400,"circlet_count":0,"master_deck":["AscendersBane","Defend_R","Defend_R","Defend_R","Defend_R","Bash+1","Power Through","Body Slam+1","Second Wind+1","Evolve+1","Headbutt","Spot Weakness+1","Clash","Iron Wave","Juggernaut","Havoc","Clash","Bite","Bite","Bite","Bite","Bite"],"relics":["Burning Blood","Bag of Marbles","Strawberry","Tiny Chest","Oddly Smooth Stone","Snecko Eye"],"potions_floor_usage":[7,7,21],"damage_taken":[{"damage":10,"enemies":"Small Slimes","floor":1,"turns":6},{"damage":1,"enemies":"Cultist","floor":3,"turns":4},{"damage":9,"enemies":"Jaw Worm","floor":4,"turns":5},{"damage":3,"enemies":"Blue Slaver","floor":5,"turns":4},{"damage":24,"enemies":"Gremlin Nob","floor":7,"turns":4},{"damage":5,"enemies":"3 Sentries","floor":10,"turns":6},{"damage":10,"enemies":"Exordium Wildlife","floor":14,"turns":5},{"damage":41,"enemies":"The Guardian","floor":16,"turns":12},{"damage":18,"enemies":"2 Thieves","floor":18,"turns":5},{"damage":28,"enemies":"3 Byrds","floor":19,"turns":5},{"damage":33,"enemies":"3 Cultists","floor":21,"turns":3}],"seed_played":"-3807604542567872816","potions_obtained":[{"floor":3,"key":"SkillPotion"},{"floor":4,"key":"AttackPotion"},{"floor":19,"key":"PowerPotion"}],"is_trial":false,"path_per_floor":["M","?","M","M","M","R","E","R","T","E","$","R","$","M","R","B",null,"M","M","?","M"],"character_chosen":"IRONCLAD","items_purchased":["Oddly Smooth Stone"],"campfire_rested":0,"item_purchase_floors":[11],"current_hp_per_floor":[64,64,69,66,69,69,51,51,58,59,59,59,59,55,55,20,67,55,33,33,0],"gold":48,"neow_bonus":"TRANSFORM_CARD","is_prod":false,"is_daily":false,"chose_seed":false,"campfire_upgraded":4,"win_rate":0,"timestamp":1565651379,"path_taken":["M","?","?","M","M","R","E","R","T","E","$","R","$","M","R","BOSS","M","M","?","M"],"build_version":"2019-07-17","purchased_purges":1,"victory":false,"max_hp_per_floor":[75,75,75,75,75,75,75,75,82,82,82,82,82,82,82,82,82,82,82,57,57],"card_choices":[{"not_picked":["Perfected Strike","Corruption"],"picked":"Body Slam","floor":1},{"not_picked":["Rage","Reckless Charge"],"picked":"Second Wind","floor":3},{"not_picked":["Twin Strike","Bloodletting"],"picked":"Evolve","floor":4},{"not_picked":["Heavy Blade","Sword Boomerang"],"picked":"Headbutt","floor":5},{"not_picked":["Shrug It Off","Dropkick"],"picked":"Spot Weakness","floor":7},{"not_picked":["Anger","Clothesline"],"picked":"Clash","floor":10},{"not_picked":["Flex","Warcry"],"picked":"Iron Wave","floor":14},{"not_picked":["Demon Form","Limit Break"],"picked":"Juggernaut","floor":16},{"not_picked":["Inflame","Flex"],"picked":"Havoc","floor":18},{"not_picked":["Flex","Anger+1"],"picked":"Clash","floor":19}],"player_experience":1859649,"relics_obtained":[{"floor":7,"key":"Bag of Marbles"},{"floor":9,"key":"Strawberry"},{"floor":10,"key":"Tiny Chest"}],"event_choices":[{"damage_healed":0,"gold_gain":0,"player_choice":"Forge","damage_taken":0,"max_hp_gain":0,"max_hp_loss":0,"event_name":"Accursed Blacksmith","floor":2,"gold_loss":0,"cards_upgraded":["Bash"]},{"damage_healed":0,"gold_gain":0,"player_choice":"Became a vampire","damage_taken":0,"max_hp_gain":0,"max_hp_loss":25,"event_name":"Vampires","floor":20,"gold_loss":0,"cards_obtained":["Bite","Bite","Bite","Bite","Bite"]}],"is_beta":false,"boss_relics":[{"not_picked":["Runic Dome","Ectoplasm"],"picked":"Snecko Eye"}],"items_purged_floors":[11],"is_endless":false,"potions_floor_spawned":[3,4,5,19],"killed_by":"3 Cultists","ascension_level":18}