{"gold_per_floor":[115,35,5,25,37,37,1,1,1,1,17,17,36,36,36,135,135,145,244,263,276,276,276,295,295],"floor_reached":25,"playtime":962,"items_purged":[],"score":299,"play_id":"4b94f4d8-0a63-4faf-be40-aa3f1fde59bf","local_time":"20181025210420","is_ascension_mode":true,"campfire_choices":[{"data":"Neutralize","floor":6,"key":"SMITH"},{"data":"Dash","floor":8,"key":"SMITH"},{"data":"Crippling Poison","floor":10,"key":"SMITH"},{"data":"Poisoned Stab","floor":15,"key":"SMITH"},{"data":"Blur","floor":23,"key":"SMITH"}],"neow_cost":"NONE","seed_source_timestamp":320685276364473,"circlet_count":0,"master_deck":["Defend_G+1","Defend_G+1","Defend_G+1","Defend_G+1","Defend_G+1","Strike_G+1","Strike_G+1","Strike_G+1","Strike_G+1","Strike_G+1","Survivor","Neutralize+1","AscendersBane","Sucker Punch","Crippling Poison+1","Dash+1","Masterful Stab","Leg Sweep","Poisoned Stab","Poisoned Stab+1","Envenom","Crippling Poison","Blur+1","PiercingWail"],"relics":["Coffee Dripper","Mummified Hand","Runic Dome"],"potions_floor_usage":[16,25],"damage_taken":[{"damage":3,"enemies":"Cultist","floor":1,"turns":6},{"damage":1,"enemies":"Small Slimes","floor":4,"turns":3},{"damage":4,"enemies":"2 Louse","floor":5,"turns":2},{"damage":0,"enemies":"Looter","floor":11,"turns":3},{"damage":0,"enemies":"Exordium Wildlife","floor":13,"turns":3},{"damage":53,"enemies":"Slime Boss","floor":16,"turns":17},{"damage":0,"enemies":"Chosen","floor":18,"turns":4},{"damage":9,"enemies":"2 Thieves","floor":20,"turns":4},{"damage":9,"enemies":"Cultist and Chosen","floor":21,"turns":6},{"damage":14,"enemies":"Snake Plant","floor":24,"turns":4},{"damage":21,"enemies":"Gremlin Leader","floor":25,"turns":3}],"seed_played":"160262996070639981","potions_obtained":[{"floor":13,"key":"Dexterity Potion"},{"floor":21,"key":"Energy Potion"},{"floor":24,"key":"SteroidPotion"}],"is_trial":false,"path_per_floor":["M","$","?","M","M","R","$","R","T","R","M","$","M","?","R","B",null,"M","?","M","M","?","R","M"],"character_chosen":"THE_SILENT","items_purchased":["Crippling Poison","Leg Sweep"],"campfire_rested":0,"item_purchase_floors":[2,7],"current_hp_per_floor":[60,60,60,59,55,55,55,55,55,55,55,55,55,55,55,2,53,53,53,44,35,35,35,21,0],"gold":295,"neow_bonus":"BOSS_RELIC","is_prod":false,"is_daily":false,"chose_seed":false,"campfire_upgraded":5,"win_rate":0,"timestamp":1540497860,"path_taken":["M","?","?","M","M","R","$","R","T","R","?","$","M","?","R","BOSS","M","?","?","M","?","R","M","E"],"build_version":"2018-10-18","purchased_purges":0,"victory":false,"max_hp_per_floor":[70,70,70,70,70,70,70,70,70,70,70,70,70,70,70,70,70,70,70,70,70,70,70,70,70],"card_choices":[{"not_picked":["Accuracy","Underhanded Strike"],"picked":"Sucker Punch","floor":1},{"not_picked":["Dodge and Roll","Quick Slash"],"picked":"Dash","floor":4},{"not_picked":["Reflex","Slice"],"picked":"Masterful Stab","floor":5},{"not_picked":["Flying Knee","Deadly Poison"],"picked":"Poisoned Stab","floor":11},{"not_picked":["Dodge and Roll","Eviscerate"],"picked":"Poisoned Stab","floor":13},{"not_picked":["Phantasmal Killer","Burst"],"picked":"Envenom","floor":16},{"not_picked":["Backstab","Setup+1"],"picked":"Crippling Poison","floor":18},{"not_picked":["Outmaneuver","Expertise","Underhanded Strike"],"picked":"SKIP","floor":20},{"not_picked":["Outmaneuver","Expertise","Underhanded Strike"],"picked":"SKIP","floor":20},{"not_picked":["Blade Dance","Prepared"],"picked":"Blur","floor":21},{"not_picked":["Deflect+1","Crippling Poison"],"picked":"PiercingWail","floor":24}],"player_experience":909336,"relics_obtained":[{"floor":9,"key":"Mummified Hand"}],"event_choices":[{"damage_healed":0,"gold_gain":0,"player_choice":"Left Gold","damage_taken":0,"max_hp_gain":0,"max_hp_loss":0,"event_name":"World of Goop","floor":3,"gold_loss":30},{"damage_healed":0,"gold_gain":30,"player_choice":"Searched \u00272\u0027 times","damage_taken":0,"max_hp_gain":0,"max_hp_loss":0,"event_name":"Dead Adventurer","floor":14,"gold_loss":0},{"damage_healed":0,"gold_gain":99,"player_choice":"Stole From Cult","damage_taken":0,"max_hp_gain":0,"max_hp_loss":0,"event_name":"Nest","floor":19,"gold_loss":0},{"damage_healed":0,"gold_gain":0,"player_choice":"Simplicity","damage_taken":0,"max_hp_gain":0,"max_hp_loss":0,"event_name":"Back to Basics","floor":22,"gold_loss":0,"cards_upgraded":["Defend_G","Defend_G","Defend_G","Defend_G","Defend_G","Strike_G","Strike_G","Strike_G","Strike_G","Strike_G"]}],"is_beta":false,"boss_relics":[{"not_picked":["Black Star","Lizard Tail"],"picked":"Runic Dome"}],"items_purged_floors":[],"is_endless":false,"potions_floor_spawned":[13,21,24],"killed_by":"Gremlin Leader","ascension_level":11}