{"gold_per_floor":[116,131,206,206,356,387,387,387,433,458,470,532,514,545,557,569],"floor_reached":16,"playtime":274,"items_purged":[],"score":221,"play_id":"e38e9694-973f-42a6-8fd9-2b834e30fd3e","local_time":"20190520053353","is_ascension_mode":true,"campfire_choices":[{"data":"Armaments","floor":8,"key":"SMITH"},{"data":"Dual Wield","floor":11,"key":"SMITH"},{"data":"Inflame","floor":15,"key":"SMITH"}],"neow_cost":"NONE","seed_source_timestamp":541578597221300,"circlet_count":0,"master_deck":["AscendersBane","Strike_R","Strike_R","Strike_R","Strike_R+1","Strike_R","Defend_R","Defend_R","Defend_R","Defend_R","Bash+1","Armaments+1","Anger","Doubt","Dual Wield+1","Iron Wave","Inflame+1","Seeing Red"],"relics":["Burning Blood","NeowsBlessing","Blue Candle","Whetstone","Pantograph","MawBank"],"potions_floor_usage":[10,16],"damage_taken":[{"damage":0,"enemies":"Cultist","floor":1,"turns":1},{"damage":0,"enemies":"Small Slimes","floor":2,"turns":1},{"damage":0,"enemies":"3 Sentries","floor":6,"turns":2},{"damage":1,"enemies":"2 Louse","floor":10,"turns":2},{"damage":1,"enemies":"Looter","floor":13,"turns":4},{"damage":0,"enemies":"Blue Slaver","floor":14,"turns":3},{"damage":70,"enemies":"The Guardian","floor":16,"turns":6}],"seed_played":"5654727695495218593","potions_obtained":[{"floor":6,"key":"AttackPotion"},{"floor":14,"key":"Strength Potion"}],"is_trial":false,"path_per_floor":["M","M","?","?","?","E","T","R","T","M","R","?","M","M","R","B"],"character_chosen":"IRONCLAD","items_purchased":[],"campfire_rested":0,"item_purchase_floors":[],"current_hp_per_floor":[74,75,64,29,29,35,35,35,35,40,40,33,38,44,44,0],"gold":569,"neow_bonus":"THREE_ENEMY_KILL","is_prod":false,"is_daily":false,"chose_seed":false,"campfire_upgraded":3,"win_rate":0,"timestamp":1558323233,"path_taken":["M","M","?","?","?","E","?","R","T","?","R","?","M","M","R","BOSS"],"build_version":"2019-01-23","purchased_purges":0,"victory":false,"max_hp_per_floor":[75,75,75,75,75,75,75,75,75,75,75,75,75,75,75,75],"card_choices":[{"not_picked":["Iron Wave","Uppercut"],"picked":"Armaments","floor":1},{"not_picked":["Wild Strike","Warcry"],"picked":"Anger","floor":2},{"not_picked":["Heavy Blade","Havoc"],"picked":"Dual Wield","floor":6},{"not_picked":["Wild Strike","Perfected Strike"],"picked":"Iron Wave","floor":10},{"not_picked":["Twin Strike","Battle Trance"],"picked":"Inflame","floor":13},{"not_picked":["Havoc","Sword Boomerang"],"picked":"Seeing Red","floor":14}],"player_experience":1175572,"relics_obtained":[{"floor":6,"key":"Whetstone"},{"floor":7,"key":"Pantograph"},{"floor":9,"key":"MawBank"}],"event_choices":[{"damage_healed":0,"gold_gain":75,"player_choice":"Gather Gold","damage_taken":11,"max_hp_gain":0,"max_hp_loss":0,"event_name":"World of Goop","floor":3,"gold_loss":0},{"damage_healed":0,"gold_gain":0,"player_choice":"Success","damage_taken":35,"relics_obtained":["Blue Candle"],"max_hp_gain":0,"max_hp_loss":0,"event_name":"Scrap Ooze","floor":4,"gold_loss":0},{"damage_healed":0,"gold_gain":150,"player_choice":"AGREE","damage_taken":0,"max_hp_gain":0,"max_hp_loss":0,"event_name":"Liars Game","floor":5,"gold_loss":0,"cards_obtained":["Doubt"]},{"damage_healed":0,"gold_gain":50,"player_choice":"Touch","damage_taken":7,"max_hp_gain":0,"max_hp_loss":0,"event_name":"FaceTrader","floor":12,"gold_loss":0}],"is_beta":false,"boss_relics":[],"items_purged_floors":[],"is_endless":false,"potions_floor_spawned":[6,14],"killed_by":"The Guardian","ascension_level":16}