{"gold_per_floor":[16,34,49,199,199,233,233],"floor_reached":7,"playtime":297,"items_purged":[],"score":92,"play_id":"86447e2a-7f1d-46a7-b724-49dc897bdcb3","local_time":"20190611040621","is_ascension_mode":true,"campfire_choices":[],"neow_cost":"NO_GOLD","seed_source_timestamp":16793120893899,"circlet_count":0,"master_deck":["AscendersBane","Defend_G","Defend_G","Defend_G","Defend_G","Strike_G","Strike_G","Strike_G","Strike_G","Survivor","Neutralize","Slice","Escape Plan","Dash","Doubt","Sucker Punch"],"special_seed":0,"relics":["Ring of the Snake","Bronze Scales","Smiling Mask","Molten Egg 2"],"potions_floor_usage":[6,7],"damage_taken":[{"damage":0.0,"enemies":"Small Slimes","floor":1.0,"turns":3.0},{"damage":0.0,"enemies":"Jaw Worm","floor":2.0,"turns":4.0},{"damage":0.0,"enemies":"2 Louse","floor":3.0,"turns":2.0},{"damage":17,"enemies":"3 Sentries","floor":6,"turns":10},{"damage":8,"enemies":"Lagavulin Event","floor":7,"turns":5}],"seed_played":"7701669287573616544","potions_obtained":[{"floor":2.0,"key":"GhostInAJar"},{"floor":3.0,"key":"Swift Potion"}],"is_trial":false,"path_per_floor":["M","M","M","?","?","E","?"],"character_chosen":"THE_SILENT","items_purchased":[],"campfire_rested":0,"item_purchase_floors":[],"current_hp_per_floor":[59,59,59,59,24,7,0],"gold":233,"neow_bonus":"REMOVE_TWO","is_prod":false,"is_daily":false,"chose_seed":false,"campfire_upgraded":0,"win_rate":0,"timestamp":1560218781,"path_taken":["M","M","M","?","?","E","?"],"build_version":"2019-01-23","purchased_purges":0,"victory":false,"max_hp_per_floor":[66,66,66,66,66,66,66],"card_choices":[{"not_picked":["Underhanded Strike","Acrobatics"],"picked":"Slice","floor":1.0},{"not_picked":["All Out Attack","Bouncing Flask"],"picked":"Escape Plan","floor":2.0},{"not_picked":["Finisher","Quick Slash"],"picked":"Dash","floor":3.0},{"not_picked":["Masterful Stab","Blade Dance"],"picked":"Sucker Punch","floor":6}],"player_experience":1299849,"relics_obtained":[{"floor":6,"key":"Smiling Mask"}],"event_choices":[{"damage_healed":0.0,"max_hp_gain":0.0,"max_hp_loss":0.0,"gold_gain":150.0,"event_name":"Liars Game","player_choice":"AGREE","floor":4.0,"gold_loss":0.0,"damage_taken":0.0,"cards_obtained":["Doubt"]},{"damage_healed":0,"gold_gain":0,"player_choice":"Success","damage_taken":35,"relics_obtained":["Bronze Scales"],"max_hp_gain":0,"max_hp_loss":0,"event_name":"Scrap Ooze","floor":5,"gold_loss":0},{"damage_healed":0,"gold_gain":0,"player_choice":"Searched \u00273\u0027 times","damage_taken":0,"relics_obtained":["Molten Egg 2"],"max_hp_gain":0,"max_hp_loss":0,"event_name":"Dead Adventurer","floor":7,"gold_loss":0}],"is_beta":false,"boss_relics":[],"items_purged_floors":[],"is_endless":false,"potions_floor_spawned":[2,3],"killed_by":"Lagavulin Event","ascension_level":16}