{"gold_per_floor":[15,31,49,63,82,82,107,107,107,142,142,161,181,13,13,90,90,100,117,67,80,80],"floor_reached":22,"playtime":896,"items_purged":[],"score":380,"play_id":"49fb9551-f92a-4af9-8f59-797cf8025890","local_time":"20190815163816","is_ascension_mode":true,"campfire_choices":[{"floor":6,"key":"REST"},{"floor":8,"key":"REST"},{"floor":11,"key":"REST"},{"data":"Rainbow","floor":15,"key":"SMITH"}],"neow_cost":"NO_GOLD","seed_source_timestamp":127799423464600,"circlet_count":0,"master_deck":["AscendersBane","Strike_B","Defend_B","Defend_B","Defend_B","Defend_B","Zap","Dualcast","Rainbow+1","Sunder","Leap","Loop","Go for the Eyes","Glacier","Seek","Conserve Battery","Hologram","Go for the Eyes","Echo Form","Electrodynamics+1","Heatsinks+1","Fission+1","Beam Cell","Genetic Algorithm","Melter"],"relics":["Cracked Core","Bronze Scales","Oddly Smooth Stone","Lantern","Pen Nib","Astrolabe"],"potions_floor_usage":[7,7,10,16],"damage_taken":[{"damage":10,"enemies":"Small Slimes","floor":1,"turns":2},{"damage":4,"enemies":"Cultist","floor":2,"turns":3},{"damage":12,"enemies":"Jaw Worm","floor":3,"turns":4},{"damage":18,"enemies":"Large Slime","floor":4,"turns":5},{"damage":12,"enemies":"Looter","floor":5,"turns":4},{"damage":17,"enemies":"Lagavulin","floor":7,"turns":7},{"damage":4,"enemies":"Gremlin Nob","floor":10,"turns":3},{"damage":0,"enemies":"Exordium Thugs","floor":12,"turns":5},{"damage":0,"enemies":"2 Fungi Beasts","floor":13,"turns":2},{"damage":15,"enemies":"The Guardian","floor":16,"turns":9},{"damage":0,"enemies":"3 Byrds","floor":18,"turns":2},{"damage":8,"enemies":"Chosen","floor":19,"turns":4},{"damage":20,"enemies":"Centurion and Healer","floor":21,"turns":8},{"damage":39,"enemies":"Shelled Parasite and Fungi","floor":22,"turns":4}],"seed_played":"8758847919123804284","potions_obtained":[{"floor":1,"key":"Ancient Potion"},{"floor":2,"key":"SkillPotion"},{"floor":5,"key":"Block Potion"},{"floor":7,"key":"Energy Potion"},{"floor":10,"key":"Energy Potion"},{"floor":13,"key":"SneckoOil"},{"floor":18,"key":"LiquidBronze"},{"floor":19,"key":"Strength Potion"}],"is_trial":false,"path_per_floor":["M","M","M","M","M","R","E","R","T","E","R","M","M","$","R","B",null,"M","M","?","M","M"],"character_chosen":"DEFECT","items_purchased":["Pen Nib"],"campfire_rested":3,"item_purchase_floors":[14],"current_hp_per_floor":[54,50,38,20,8,29,12,33,33,29,50,50,50,50,50,35,62,62,54,54,34,0],"gold":80,"neow_bonus":"THREE_RARE_CARDS","is_prod":false,"is_daily":false,"chose_seed":false,"campfire_upgraded":1,"win_rate":0,"timestamp":1565879896,"path_taken":["M","M","M","M","M","R","E","R","T","E","R","M","M","$","R","BOSS","M","M","?","?","M"],"build_version":"2019-07-17","purchased_purges":0,"victory":false,"max_hp_per_floor":[71,71,71,71,71,71,71,71,71,71,71,71,71,71,71,71,71,71,71,71,71,71],"card_choices":[{"not_picked":["Amplify","Meteor Strike"],"picked":"Rainbow","floor":0},{"not_picked":["Force Field","Ball Lightning"],"picked":"Sunder","floor":1},{"not_picked":["Reinforced Body","Lockon"],"picked":"Leap","floor":2},{"not_picked":["Rebound","Streamline"],"picked":"Loop","floor":3},{"not_picked":["Heatsinks","Reprogram"],"picked":"Go for the Eyes","floor":4},{"not_picked":["Beam Cell","Fusion"],"picked":"Glacier","floor":5},{"not_picked":["Cold Snap","Gash"],"picked":"Seek","floor":7},{"not_picked":["Hello World","Heatsinks"],"picked":"Conserve Battery","floor":10},{"not_picked":["Compile Driver","Cold Snap"],"picked":"Hologram","floor":12},{"not_picked":["Turbo","Hologram"],"picked":"Go for the Eyes","floor":13},{"not_picked":["Core Surge","Seek"],"picked":"Echo Form","floor":16},{"not_picked":["Steam Power","Lockon"],"picked":"Beam Cell","floor":18},{"not_picked":["Sweeping Beam","Auto Shields"],"picked":"Genetic Algorithm","floor":19},{"not_picked":["Conserve Battery","Stack"],"picked":"Melter","floor":21}],"player_experience":1922532,"relics_obtained":[{"floor":7,"key":"Bronze Scales"},{"floor":9,"key":"Oddly Smooth Stone"},{"floor":10,"key":"Lantern"}],"event_choices":[{"damage_healed":0,"gold_gain":0,"player_choice":"Bet on Owner","damage_taken":0,"max_hp_gain":0,"max_hp_loss":0,"event_name":"The Joust","floor":20,"gold_loss":50}],"is_beta":false,"boss_relics":[{"not_picked":["Lizard Tail","Eternal Feather"],"picked":"Astrolabe"}],"items_purged_floors":[],"is_endless":false,"potions_floor_spawned":[1,2,5,7,10,13,18,19],"killed_by":"Shelled Parasite and Fungi","ascension_level":18}