{"gold_per_floor":[118,42,54,72,72,72,72,72,72,106,106,141,158,158,158,253,253,270,287,202,127,227,227,247,247,271,171,190,190,207,219,219,316,316,326,1325,1338,1338,912,912,912,912,939,939,390,405,416,432,432,432],"floor_reached":51,"playtime":931,"items_purged":["Strike_R","Strike_R","Normality","Normality"],"score":805,"play_id":"317fc22f-46f4-41bd-a722-f470749f61e0","local_time":"20191007232300","is_ascension_mode":false,"campfire_choices":[{"data":"Whirlwind","floor":6.0,"key":"SMITH"},{"data":"Clash","floor":8.0,"key":"SMITH"},{"data":"Uppercut","floor":11.0,"key":"SMITH"},{"data":"Defend_R","floor":15.0,"key":"SMITH"},{"data":"Double Tap","floor":23,"key":"SMITH"},{"data":"Strike_R","floor":25,"key":"SMITH"},{"floor":32,"key":"REST"},{"floor":40,"key":"REST"},{"floor":42,"key":"REST"},{"floor":44,"key":"REST"},{"floor":49,"key":"RECALL"}],"neow_cost":"TEN_PERCENT_HP_LOSS","seed_source_timestamp":1335539187573,"circlet_count":0,"master_deck":["Defend_R+1","Defend_R+1","Defend_R+1","Bash+1","Whirlwind+1","Clash+1","Uppercut+1","Spot Weakness+1","Double Tap+1"],"special_seed":0,"relics":["Burning Blood","InkBottle","Strawberry","War Paint","Runic Dome","Pen Nib","Bronze Scales","Question Card","Sozu","PreservedInsect","Toy Ornithopter","Vajra","Bag of Marbles","Singing Bowl"],"potions_floor_usage":[28,50,50],"damage_taken":[{"damage":2.0,"enemies":"2 Louse","floor":1.0,"turns":3.0},{"damage":7.0,"enemies":"Small Slimes","floor":3.0,"turns":3.0},{"damage":4.0,"enemies":"Jaw Worm","floor":4.0,"turns":6.0},{"damage":0.0,"enemies":"3 Sentries","floor":10.0,"turns":1.0},{"damage":8.0,"enemies":"Lagavulin","floor":12.0,"turns":5.0},{"damage":10.0,"enemies":"Exordium Wildlife","floor":13.0,"turns":4.0},{"damage":6.0,"enemies":"The Guardian","floor":16.0,"turns":10.0},{"damage":0.0,"enemies":"Chosen","floor":18.0,"turns":2.0},{"damage":0.0,"enemies":"Spheric Guardian","floor":19.0,"turns":3.0},{"damage":15,"enemies":"Snake Plant","floor":24,"turns":3},{"damage":4,"enemies":"Centurion and Healer","floor":28,"turns":4},{"damage":16,"enemies":"Sentry and Sphere","floor":30,"turns":4},{"damage":0,"enemies":"Chosen and Byrds","floor":31,"turns":3},{"damage":21,"enemies":"Collector","floor":33,"turns":5},{"damage":23,"enemies":"3 Darklings","floor":35,"turns":3},{"damage":7,"enemies":"Orb Walker","floor":37,"turns":2},{"damage":5,"enemies":"Writhing Mass","floor":46,"turns":3},{"damage":6,"enemies":"Maw","floor":47,"turns":5},{"damage":0,"enemies":"3 Darklings","floor":48,"turns":2},{"damage":40,"enemies":"Awakened One","floor":50,"turns":6}],"seed_played":"3103753413837431694","potions_obtained":[{"floor":3.0,"key":"SkillPotion"},{"floor":4.0,"key":"Energy Potion"},{"floor":19.0,"key":"EssenceOfSteel"},{"floor":24,"key":"AttackPotion"},{"floor":30,"key":"FearPotion"}],"is_trial":false,"path_per_floor":["M","$","M","M","?","R","$","R","T","E","R","E","M","?","R","B",null,"M","M","?","$","?","R","M","R","T","$","M","T","M","M","R","B",null,"M","?","M","?","$","R","?","R","T","R","$","M","M","M","R","B",null],"character_chosen":"IRONCLAD","items_purchased":["Whirlwind","PreservedInsect","Toy Ornithopter","Bag of Marbles","Singing Bowl"],"campfire_rested":4,"item_purchase_floors":[2,39,39,45,45],"current_hp_per_floor":[72,72,71,72,58,58,58,58,58,71,71,69,65,65,65,65,79,79,79,79,79,79,79,70,70,70,70,72,72,62,68,79,64,79,62,62,61,61,61,79,79,79,79,79,79,81,83,85,85,51],"gold":432,"neow_bonus":"REMOVE_TWO","is_prod":false,"is_daily":false,"chose_seed":false,"campfire_upgraded":6,"win_rate":0,"timestamp":1570512180,"path_taken":["M","$","M","M","?","R","$","R","T","E","R","E","M","?","R","BOSS","M","M","?","$","?","R","?","R","T","$","M","?","M","M","R","BOSS","M","?","M","?","$","R","?","R","T","R","$","M","?","M","R","BOSS"],"build_version":"2019-10-07","purchased_purges":4,"victory":true,"max_hp_per_floor":[72,72,72,72,72,72,72,72,72,79,79,79,79,79,79,79,79,79,79,79,79,79,79,79,79,79,79,79,79,79,79,79,79,79,79,79,79,79,79,79,79,79,79,79,79,81,83,85,85,85],"card_choices":[{"not_picked":["Armaments","Shrug It Off","Warcry"],"picked":"SKIP","floor":1.0},{"not_picked":["Power Through","Iron Wave","Armaments"],"picked":"SKIP","floor":3.0},{"not_picked":["Wild Strike","Flame Barrier"],"picked":"Clash","floor":4.0},{"not_picked":["Shrug It Off","Flame Barrier"],"picked":"Uppercut","floor":10.0},{"not_picked":["Anger","Iron Wave"],"picked":"Spot Weakness","floor":12.0},{"not_picked":["Sword Boomerang","Infernal Blade","Uppercut"],"picked":"SKIP","floor":13.0},{"not_picked":["Sword Boomerang","Infernal Blade","Uppercut"],"picked":"SKIP","floor":13.0},{"not_picked":["Reaper","Exhume"],"picked":"Double Tap","floor":16.0},{"not_picked":["Flame Barrier","Entrench","Evolve"],"picked":"SKIP","floor":18.0},{"not_picked":["Flex","Clash","Heavy Blade"],"picked":"SKIP","floor":19.0},{"not_picked":["Carnage","Wild Strike","Fire Breathing+1"],"picked":"SKIP","floor":24},{"not_picked":["Seeing Red","Second Wind+1","Blood for Blood"],"picked":"SKIP","floor":28},{"not_picked":["Bloodletting+1","Havoc","Shrug It Off","Battle Trance+1"],"picked":"SKIP","floor":30},{"not_picked":["Intimidate+1","Bloodletting","Warcry","Perfected Strike"],"picked":"SKIP","floor":31},{"not_picked":["Sword Boomerang","Havoc+1","Inflame+1","Wild Strike+1"],"picked":"SKIP","floor":35},{"not_picked":["Flex","Havoc+1","Wild Strike+1","Sword Boomerang+1"],"picked":"SKIP","floor":37},{"not_picked":["Sword Boomerang","Shrug It Off","Twin Strike+1","Clothesline+1"],"picked":"SKIP","floor":46},{"not_picked":["Sword Boomerang","Shrug It Off","Twin Strike+1","Clothesline+1"],"picked":"Singing Bowl","floor":46},{"not_picked":["Shrug It Off+1","Feed","Rupture","Infernal Blade+1"],"picked":"Singing Bowl","floor":47},{"not_picked":["Dual Wield+1","Headbutt","Thunderclap+1","Sword Boomerang+1"],"picked":"Singing Bowl","floor":48}],"player_experience":1599151,"relics_obtained":[{"floor":9.0,"key":"InkBottle"},{"floor":10.0,"key":"Strawberry"},{"floor":12.0,"key":"War Paint"},{"floor":26,"key":"Bronze Scales"},{"floor":29,"key":"Question Card"},{"floor":43,"key":"Vajra"}],"event_choices":[{"damage_healed":0.0,"max_hp_gain":0.0,"max_hp_loss":0.0,"gold_gain":0.0,"event_name":"Shining Light","player_choice":"Entered Light","floor":5.0,"gold_loss":0.0,"damage_taken":14.0,"cards_upgraded":["Bash","Defend_R"]},{"cards_removed":["Strike_R"],"damage_healed":0.0,"max_hp_gain":0.0,"max_hp_loss":0.0,"gold_gain":0.0,"event_name":"Living Wall","player_choice":"Forget","floor":14.0,"gold_loss":0.0,"damage_taken":0.0},{"damage_healed":0.0,"max_hp_gain":0.0,"max_hp_loss":0.0,"gold_gain":0.0,"event_name":"Addict","player_choice":"Obtained Relic","floor":20.0,"gold_loss":85.0,"damage_taken":0.0,"relics_obtained":["Pen Nib"]},{"damage_healed":0,"gold_gain":100,"player_choice":"Pray","damage_taken":0,"max_hp_gain":0,"max_hp_loss":0,"event_name":"Golden Shrine","floor":22,"gold_loss":0},{"damage_healed":0,"gold_gain":999,"player_choice":"Gold","damage_taken":0,"max_hp_gain":0,"max_hp_loss":0,"event_name":"MindBloom","floor":36,"gold_loss":0,"cards_obtained":["Normality","Normality"]},{"cards_removed":["Strike_R"],"damage_healed":0,"gold_gain":0,"player_choice":"Removed Attack","damage_taken":0,"max_hp_gain":0,"max_hp_loss":0,"event_name":"Falling","floor":38,"gold_loss":0},{"damage_healed":0,"gold_gain":0,"player_choice":"Ignored","damage_taken":0,"max_hp_gain":0,"max_hp_loss":0,"event_name":"Accursed Blacksmith","floor":41,"gold_loss":0}],"is_beta":true,"boss_relics":[{"not_picked":["Astrolabe","Runic Cube"],"picked":"Runic Dome"},{"not_picked":["Tiny House","Pandora\u0027s Box"],"picked":"Sozu"}],"items_purged_floors":[21,27,39,45],"is_endless":false,"potions_floor_spawned":[3,4,19,24,30,46,47,48],"ascension_level":0}