{"path_per_floor":["M","?","M","M","$","E","R","M","T","R","?","M","R","E","R"],"character_chosen":"IRONCLAD","items_purchased":["Flex"],"gold_per_floor":[217,217,233,250,124,154,154,173,230,230,305,315,315,346,346,346],"floor_reached":16,"campfire_rested":3,"playtime":521,"current_hp_per_floor":[76,64,64,70,70,12,36,35,35,35,24,24,48,18,57,0],"items_purged":["Strike_R"],"gold":346,"score":110,"play_id":"d03aa523-597a-4034-9a8a-288441b48386","local_time":"20180520222631","is_prod":false,"is_daily":false,"chose_seed":false,"is_ascension_mode":false,"campfire_upgraded":1,"timestamp":1526851591,"campfire_choices":[{"floor":7,"key":"REST"},{"data":"Whirlwind","floor":10,"key":"SMITH"},{"floor":13,"key":"REST"},{"floor":15,"key":"REST"}],"path_taken":["M","?","M","M","$","E","R","M","T","R","?","M","R","E","R","BOSS"],"build_version":"2018-05-17","seed_source_timestamp":273766142823280,"purchased_purges":1,"victory":false,"master_deck":["Strike_R","Strike_R","Strike_R","Strike_R","Defend_R","Defend_R","Defend_R","Defend_R","Bash","Thunderclap","Evolve","Whirlwind+1","Flex","Inflame","True Grit"],"max_hp_per_floor":[80,80,80,80,80,80,80,80,80,80,80,80,80,80,80,80],"relics":["Burning Blood","Juzu Bracelet","Omamori","Tiny Chest","Regal Pillow"],"card_choices":[{"not_picked":["Perfected Strike","Body Slam"],"picked":"Thunderclap","floor":1},{"not_picked":["Armaments","Havoc"],"picked":"Evolve","floor":3},{"not_picked":["Havoc","Berserk"],"picked":"Whirlwind","floor":4},{"not_picked":["Rupture","Searing Blow"],"picked":"Inflame","floor":6},{"not_picked":["Twin Strike","Sword Boomerang","Clash"],"picked":"SKIP","floor":8},{"not_picked":["Warcry","Body Slam"],"picked":"True Grit","floor":12},{"not_picked":["Pummel","Anger","Perfected Strike"],"picked":"SKIP","floor":14}],"player_experience":372030,"potions_floor_usage":[16,16],"damage_taken":[{"damage":10,"enemies":"Small Slimes","floor":1,"turns":4},{"damage":6,"enemies":"Jaw Worm","floor":3,"turns":6},{"damage":0,"enemies":"2 Louse","floor":4,"turns":2},{"damage":64,"enemies":"Lagavulin","floor":6,"turns":7},{"damage":7,"enemies":"2 Fungi Beasts","floor":8,"turns":3},{"damage":6,"enemies":"Exordium Wildlife","floor":12,"turns":2},{"damage":36,"enemies":"Gremlin Nob","floor":14,"turns":5},{"damage":58,"enemies":"Hexaghost","floor":16,"turns":8}],"relics_obtained":[{"floor":6,"key":"Omamori"},{"floor":9,"key":"Tiny Chest"},{"floor":14,"key":"Regal Pillow"}],"event_choices":[{"event_name":"Scrap Ooze","player_choice":"success","floor":2,"damage_taken":12},{"event_name":"World of Goop","player_choice":"Gather Gold","floor":11,"damage_taken":0}],"boss_relics":[],"potions_floor_spawned":[8,14],"seed_played":"2048708954103128072","killed_by":"Hexaghost","ascension_level":0,"potions_obtained":[{"floor":8,"key":"AttackPotion"},{"floor":14,"key":"SkillPotion"}],"is_trial":false}