{"gold_per_floor":[112,112,129,146,160,160,177,53,53,53,65,65,65,85,85,180,180],"floor_reached":17,"playtime":492,"items_purged":["Strike_R"],"score":149,"play_id":"312ae70f-0bb3-4c0d-8b6a-4f214e0f1514","local_time":"20191009193251","is_ascension_mode":false,"campfire_choices":[{"data":"Bash","floor":6,"key":"SMITH"},{"data":"True Grit","floor":10,"key":"SMITH"},{"data":"Shrug It Off","floor":13,"key":"SMITH"},{"data":"Double Tap","floor":15,"key":"SMITH"}],"neow_cost":"NONE","seed_source_timestamp":278073603800119,"circlet_count":0,"master_deck":["Defend_R","Defend_R","Defend_R","Defend_R","Bash+1","Pommel Strike","Headbutt","Cleave","True Grit+1","Shrug It Off+1","Double Tap+1","Reaper","Inflame+1","Wild Strike+1","Dual Wield+1"],"relics":["Sozu","Dodecahedron","Astrolabe"],"potions_floor_usage":[],"damage_taken":[{"damage":6,"enemies":"Jaw Worm","floor":1,"turns":3},{"damage":0,"enemies":"Small Slimes","floor":3,"turns":3},{"damage":0,"enemies":"Cultist","floor":4,"turns":2},{"damage":2,"enemies":"Blue Slaver","floor":5,"turns":4},{"damage":0,"enemies":"2 Fungi Beasts","floor":7,"turns":3},{"damage":0,"enemies":"3 Louse","floor":11,"turns":2},{"damage":0,"enemies":"Exordium Thugs","floor":14,"turns":4},{"damage":45,"enemies":"Hexaghost","floor":16,"turns":9}],"seed_played":"6757039901605066131","potions_obtained":[],"is_trial":false,"path_per_floor":["M","?","M","M","M","R","M","$","T","R","M","?","R","M","R","B",null],"character_chosen":"IRONCLAD","items_purchased":["True Grit"],"campfire_rested":0,"item_purchase_floors":[8],"current_hp_per_floor":[74,67,67,67,65,65,65,65,65,65,65,65,65,65,65,20,20],"gold":180,"neow_bonus":"BOSS_RELIC","is_prod":false,"is_daily":false,"chose_seed":false,"campfire_upgraded":4,"win_rate":0,"timestamp":1570674771,"path_taken":["M","?","M","M","M","R","M","$","T","R","M","?","R","M","R","BOSS"],"build_version":"2019-07-17","purchased_purges":1,"victory":false,"max_hp_per_floor":[80,80,80,80,80,80,80,80,80,80,80,80,80,80,80,80,80],"card_choices":[{"not_picked":["Sword Boomerang","Fire Breathing"],"picked":"Pommel Strike","floor":1},{"not_picked":["Havoc","Headbutt","Anger"],"picked":"SKIP","floor":3},{"not_picked":["Havoc","Anger"],"picked":"Headbutt","floor":3},{"not_picked":["Armaments","Sever Soul","Uppercut"],"picked":"SKIP","floor":4},{"not_picked":["Wild Strike","Flex"],"picked":"Cleave","floor":5},{"not_picked":["Combust","Clothesline","Perfected Strike"],"picked":"SKIP","floor":7},{"not_picked":["Armaments","Rupture"],"picked":"Shrug It Off","floor":11},{"not_picked":["Cleave","Metallicize"],"picked":"Double Tap","floor":14},{"not_picked":["Offering","Immolate"],"picked":"Reaper","floor":16}],"player_experience":376265,"relics_obtained":[{"floor":9,"key":"Dodecahedron"}],"event_choices":[{"cards_removed":["Strike_R"],"damage_healed":0,"gold_gain":0,"player_choice":"Card Removal","damage_taken":7,"max_hp_gain":0,"max_hp_loss":0,"event_name":"Golden Wing","floor":2,"gold_loss":0},{"damage_healed":0,"gold_gain":0,"player_choice":"Got Potions","damage_taken":0,"max_hp_gain":0,"max_hp_loss":0,"event_name":"Lab","floor":12,"gold_loss":0}],"is_beta":false,"boss_relics":[{"not_picked":["Runic Dome","Philosopher\u0027s Stone"],"picked":"Astrolabe"}],"items_purged_floors":[8],"is_endless":false,"potions_floor_spawned":[3,5,7,11],"ascension_level":0}