{"gold_per_floor":[112,112,132,142,152,152,183,183,206,36,48,48,78,94,94,172,172,189,189,207,232,83,83,98,98,98,49,49,74,28,44,44,44],"floor_reached":33,"playtime":1257,"items_purged":["Strike_R","Strike_R"],"score":468,"play_id":"ec5d54e2-0501-45b6-a57e-2daa868648d3","local_time":"20190327134532","is_ascension_mode":true,"campfire_choices":[{"data":"Body Slam","floor":6,"key":"SMITH"},{"data":"Shockwave","floor":12,"key":"SMITH"},{"data":"True Grit","floor":15,"key":"SMITH"},{"data":"Whirlwind","floor":23,"key":"SMITH"},{"data":"True Grit","floor":25,"key":"SMITH"},{"floor":32,"key":"REST"}],"neow_cost":"NONE","seed_source_timestamp":112289680640800,"circlet_count":0,"master_deck":["AscendersBane","Strike_R","Strike_R+1","Defend_R","Defend_R","Defend_R","Defend_R","Bash+1","Body Slam+1","Anger","Shockwave+1","Sword Boomerang","Pommel Strike+1","True Grit+1","Battle Trance","Flex","Spot Weakness","Reaper","Shrug It Off","RitualDagger","Whirlwind+1","True Grit+1","Iron Wave","Anger","Anger","Heavy Blade"],"relics":["Burning Blood","NeowsBlessing","Red Skull","PreservedInsect","Whetstone","Velvet Choker","Red Mask","Darkstone Periapt","Gambling Chip"],"potions_floor_usage":[11,16,18,29,31,33,33],"damage_taken":[{"damage":0,"enemies":"2 Louse","floor":1,"turns":1},{"damage":0,"enemies":"Cultist","floor":3,"turns":1},{"damage":0,"enemies":"Jaw Worm","floor":4,"turns":1},{"damage":21,"enemies":"3 Louse","floor":5,"turns":4},{"damage":24,"enemies":"Gremlin Nob","floor":7,"turns":4},{"damage":6,"enemies":"Blue Slaver","floor":11,"turns":3},{"damage":20,"enemies":"3 Sentries","floor":13,"turns":4},{"damage":11,"enemies":"Gremlin Gang","floor":14,"turns":3},{"damage":3,"enemies":"Hexaghost","floor":16,"turns":7},{"damage":24,"enemies":"2 Thieves","floor":18,"turns":4},{"damage":13,"enemies":"3 Byrds","floor":20,"turns":6},{"damage":32,"enemies":"Masked Bandits","floor":21,"turns":3},{"damage":17,"enemies":"Shelled Parasite and Fungi","floor":24,"turns":4},{"damage":5,"enemies":"Book of Stabbing","floor":29,"turns":3},{"damage":19,"enemies":"Sentry and Sphere","floor":31,"turns":4},{"damage":73,"enemies":"Automaton","floor":33,"turns":6}],"seed_played":"7536180426990111810","potions_obtained":[{"floor":1,"key":"BloodPotion"},{"floor":5,"key":"PowerPotion"},{"floor":14,"key":"Swift Potion"},{"floor":18,"key":"SteroidPotion"},{"floor":29,"key":"Explosive Potion"},{"floor":31,"key":"Energy Potion"}],"is_trial":false,"path_per_floor":["M","?","M","M","M","R","E","?","T","$","M","R","E","M","R","B",null,"M","?","M","?","$","R","M","R","T","$","?","E","$","M","R","B"],"character_chosen":"IRONCLAD","items_purchased":["True Grit","Battle Trance","PowerPotion","Anger","Anger"],"campfire_rested":1,"item_purchase_floors":[10,10,22,27,30],"current_hp_per_floor":[74,74,75,75,60,60,42,42,42,42,49,49,35,30,30,33,65,56,50,49,53,53,53,42,42,42,42,42,43,43,30,52,0],"gold":44,"neow_bonus":"THREE_ENEMY_KILL","is_prod":false,"is_daily":false,"chose_seed":false,"campfire_upgraded":5,"win_rate":0,"timestamp":1553690732,"path_taken":["M","?","M","?","M","R","E","?","T","$","M","R","E","M","R","BOSS","M","?","M","?","$","R","M","R","T","$","?","E","?","M","R","BOSS"],"build_version":"2019-01-23","purchased_purges":2,"victory":false,"max_hp_per_floor":[75,75,75,75,75,75,75,75,75,75,75,75,75,75,75,75,75,75,75,75,75,75,75,75,75,75,75,75,75,75,75,75,75],"card_choices":[{"not_picked":["Power Through","Clothesline"],"picked":"Body Slam","floor":1},{"not_picked":["Wild Strike","Havoc"],"picked":"Anger","floor":3},{"not_picked":["Metallicize","Havoc"],"picked":"Shockwave","floor":4},{"not_picked":["Burning Pact","Uppercut"],"picked":"Sword Boomerang","floor":5},{"not_picked":["Bloodletting","Armaments"],"picked":"Pommel Strike","floor":7},{"not_picked":["Havoc","Uppercut"],"picked":"Flex","floor":11},{"not_picked":["Warcry","Shrug It Off"],"picked":"Spot Weakness","floor":13},{"not_picked":["Sever Soul","Pommel Strike","Dropkick"],"picked":"SKIP","floor":14},{"not_picked":["Brutality","Fiend Fire"],"picked":"Reaper","floor":16},{"not_picked":["Perfected Strike","True Grit"],"picked":"Shrug It Off","floor":18},{"not_picked":["Clothesline","Warcry"],"picked":"Whirlwind","floor":20},{"not_picked":["Sword Boomerang","Dual Wield"],"picked":"True Grit","floor":21},{"not_picked":["Shrug It Off","True Grit"],"picked":"Iron Wave","floor":24},{"not_picked":["Fire Breathing","Reaper","Flex"],"picked":"SKIP","floor":29},{"not_picked":["Body Slam","Clothesline"],"picked":"Heavy Blade","floor":31}],"player_experience":1008171,"relics_obtained":[{"floor":7,"key":"Red Skull"},{"floor":9,"key":"PreservedInsect"},{"floor":13,"key":"Whetstone"},{"floor":21,"key":"Red Mask"},{"floor":26,"key":"Darkstone Periapt"},{"floor":29,"key":"Gambling Chip"}],"event_choices":[{"damage_healed":0,"gold_gain":0,"player_choice":"Forge","damage_taken":0,"max_hp_gain":0,"max_hp_loss":0,"event_name":"Accursed Blacksmith","floor":2,"gold_loss":0,"cards_upgraded":["Bash"]},{"cards_removed":["Strike_R"],"damage_healed":0,"gold_gain":0,"player_choice":"Offered Basic","damage_taken":0,"max_hp_gain":0,"max_hp_loss":0,"event_name":"Bonfire Elementals","floor":8,"gold_loss":0},{"damage_healed":0,"gold_gain":0,"player_choice":"Joined the Cult","damage_taken":6,"max_hp_gain":0,"max_hp_loss":0,"event_name":"Nest","floor":19,"gold_loss":0,"cards_obtained":["RitualDagger"]},{"damage_healed":0,"gold_gain":0,"player_choice":"Fought Bandits","damage_taken":0,"max_hp_gain":0,"max_hp_loss":0,"event_name":"Masked Bandits","floor":21,"gold_loss":0},{"damage_healed":0,"gold_gain":0,"player_choice":"Ignored","damage_taken":0,"max_hp_gain":0,"max_hp_loss":0,"event_name":"Beggar","floor":28,"gold_loss":0}],"is_beta":false,"boss_relics":[{"not_picked":["Black Star","White Beast Statue"],"picked":"Velvet Choker"}],"items_purged_floors":[10,22],"is_endless":false,"potions_floor_spawned":[1,5,7,14,18,29,31],"killed_by":"Automaton","ascension_level":14}