{"gold_per_floor":[119,135,155,155,430,450,450,450],"floor_reached":8,"playtime":306,"items_purged":[],"score":86,"play_id":"1cd1f016-6e49-4fe1-accd-66b19b7bfba9","local_time":"20190625185141","is_ascension_mode":true,"campfire_choices":[{"floor":7,"key":"REST"}],"neow_cost":"PERCENT_DAMAGE","seed_source_timestamp":672298468551100,"circlet_count":0,"master_deck":["AscendersBane","Defend_G","Defend_G","Defend_G","Defend_G","Defend_G","Strike_G+1","Strike_G","Strike_G","Strike_G","Strike_G","Survivor","Neutralize","A Thousand Cuts","Flying Knee+1","Footwork","Crippling Poison","Regret","Blur"],"relics":["Ring of the Snake"],"potions_floor_usage":[3,8],"damage_taken":[{"damage":4,"enemies":"Cultist","floor":1,"turns":6},{"damage":10,"enemies":"Jaw Worm","floor":2,"turns":6},{"damage":0,"enemies":"Small Slimes","floor":3,"turns":6},{"damage":8,"enemies":"Exordium Thugs","floor":6,"turns":6},{"damage":33,"enemies":"Gremlin Gang","floor":8,"turns":3}],"seed_played":"-7179841763064397404","potions_obtained":[{"floor":2,"key":"GhostInAJar"},{"floor":6,"key":"Weak Potion"}],"is_trial":false,"path_per_floor":["M","M","M","?","?","M","R","M"],"character_chosen":"THE_SILENT","items_purchased":[],"campfire_rested":1,"item_purchase_floors":[],"current_hp_per_floor":[40,30,30,10,10,2,21,0],"gold":450,"neow_bonus":"THREE_RARE_CARDS","is_prod":false,"is_daily":false,"chose_seed":false,"campfire_upgraded":0,"win_rate":0,"timestamp":1561481501,"path_taken":["M","M","?","?","?","?","R","M"],"build_version":"2019-01-23","purchased_purges":0,"victory":false,"max_hp_per_floor":[66,66,66,66,66,66,66,66],"card_choices":[{"not_picked":["Night Terror","After Image"],"picked":"A Thousand Cuts","floor":0},{"not_picked":["Dagger Throw","PiercingWail"],"picked":"Flying Knee","floor":1},{"not_picked":["Dash","Prepared"],"picked":"Footwork","floor":2},{"not_picked":["Dagger Throw","Flying Knee"],"picked":"Crippling Poison","floor":3},{"not_picked":["Noxious Fumes","All Out Attack"],"picked":"Blur","floor":6}],"player_experience":1475072,"relics_obtained":[],"event_choices":[{"damage_healed":0,"gold_gain":0,"player_choice":"Entered Light","damage_taken":20,"max_hp_gain":0,"max_hp_loss":0,"event_name":"Shining Light","floor":4,"gold_loss":0,"cards_upgraded":["Flying Knee","Strike_G"]},{"damage_healed":0,"gold_gain":275,"player_choice":"Desecrate","damage_taken":0,"max_hp_gain":0,"max_hp_loss":0,"event_name":"Golden Shrine","floor":5,"gold_loss":0,"cards_obtained":["Regret"]}],"is_beta":false,"boss_relics":[],"items_purged_floors":[],"is_endless":false,"potions_floor_spawned":[2,6],"killed_by":"Gremlin Gang","ascension_level":16}