{"gold_per_floor":[114,127,127,144,144,144,176,176,229,260,260,280,338,365,365,365],"floor_reached":16,"playtime":571,"items_purged":[],"score":184,"play_id":"53ee31c0-7452-46c7-9a15-051cab495ab1","local_time":"20190401113006","is_ascension_mode":true,"campfire_choices":[{"data":"Storm of Steel","floor":6,"key":"SMITH"},{"data":"Neutralize","floor":8,"key":"SMITH"},{"data":"Phantasmal Killer","floor":11,"key":"SMITH"},{"floor":15,"key":"REST"}],"neow_cost":"NONE","seed_source_timestamp":533262857885599,"circlet_count":0,"master_deck":["AscendersBane","Defend_G","Defend_G","Defend_G","Defend_G","Defend_G","Strike_G","Strike_G","Strike_G","Strike_G","Survivor","Neutralize+1","Noxious Fumes","Dagger Spray","Flying Knee","Storm of Steel+1","Masterful Stab","Phantasmal Killer+1","Acrobatics","A Thousand Cuts"],"relics":["Ring of the Snake","Pen Nib","Omamori","Strawberry","Matryoshka","Anchor","Lantern"],"potions_floor_usage":[7,13,13],"damage_taken":[{"damage":5,"enemies":"Cultist","floor":1,"turns":5},{"damage":0,"enemies":"2 Louse","floor":2,"turns":3},{"damage":0,"enemies":"Small Slimes","floor":4,"turns":3},{"damage":27,"enemies":"Lagavulin","floor":7,"turns":7},{"damage":22,"enemies":"3 Sentries","floor":10,"turns":6},{"damage":2,"enemies":"3 Louse","floor":12,"turns":3},{"damage":13,"enemies":"Lagavulin Event","floor":13,"turns":4},{"damage":35,"enemies":"The Guardian","floor":16,"turns":9}],"seed_played":"-382037332036760951","potions_obtained":[{"floor":2,"key":"Swift Potion"},{"floor":7,"key":"SpeedPotion"},{"floor":12,"key":"AttackPotion"},{"floor":13,"key":"Ancient Potion"}],"is_trial":false,"path_per_floor":["M","M","?","M","?","R","E","R","T","E","R","M","?","T","R","B"],"character_chosen":"THE_SILENT","items_purchased":[],"campfire_rested":1,"item_purchase_floors":[],"current_hp_per_floor":[60,60,65,65,65,65,38,38,38,23,23,21,8,8,33,0],"gold":365,"neow_bonus":"TEN_PERCENT_HP_BONUS","is_prod":false,"is_daily":false,"chose_seed":false,"campfire_upgraded":3,"win_rate":0,"timestamp":1554111006,"path_taken":["M","M","?","M","?","R","E","R","T","E","R","M","?","?","R","BOSS"],"build_version":"2019-01-23","purchased_purges":0,"victory":false,"max_hp_per_floor":[72,72,77,77,77,77,77,77,77,84,84,84,84,84,84,84],"card_choices":[{"not_picked":["Underhanded Strike","PiercingWail"],"picked":"Noxious Fumes","floor":1},{"not_picked":["Choke","Dagger Throw"],"picked":"Dagger Spray","floor":2},{"not_picked":["Dagger Spray","Outmaneuver"],"picked":"Flying Knee","floor":4},{"not_picked":["Heel Hook","Poisoned Stab"],"picked":"Masterful Stab","floor":7},{"not_picked":["Concentrate","Prepared"],"picked":"Phantasmal Killer","floor":10},{"not_picked":["Underhanded Strike","Dagger Throw"],"picked":"Acrobatics","floor":12},{"not_picked":["Acrobatics","Flechettes"],"picked":"A Thousand Cuts","floor":13}],"player_experience":1029126,"relics_obtained":[{"floor":7,"key":"Pen Nib"},{"floor":9,"key":"Omamori"},{"floor":10,"key":"Strawberry"},{"floor":13,"key":"Matryoshka"},{"floor":14,"key":"Anchor"},{"floor":14,"key":"Lantern"}],"event_choices":[{"damage_healed":0,"gold_gain":0,"player_choice":"Donut","damage_taken":0,"max_hp_gain":5,"max_hp_loss":0,"event_name":"Big Fish","floor":3,"gold_loss":0},{"damage_healed":0,"gold_gain":0,"cards_transformed":["Strike_G"],"player_choice":"Change","damage_taken":0,"max_hp_gain":0,"max_hp_loss":0,"event_name":"Living Wall","floor":5,"gold_loss":0,"cards_obtained":["Storm of Steel"]},{"damage_healed":0,"gold_gain":0,"player_choice":"Searched \u00271\u0027 times","damage_taken":0,"max_hp_gain":0,"max_hp_loss":0,"event_name":"Dead Adventurer","floor":13,"gold_loss":0}],"is_beta":false,"boss_relics":[],"items_purged_floors":[],"is_endless":false,"potions_floor_spawned":[2,7,12,13],"killed_by":"The Guardian","ascension_level":14}