{"path_per_floor":["M","?","$","M","M","E","R","E","T","?","M","M","M","$","R","B",null,"M","$","?","?","M","R","M"],"character_chosen":"THE_SILENT","items_purchased":["Bane","Poison Potion","Bouncing Flask","Noxious Fumes","Bane"],"gold_per_floor":[119,119,21,33,48,73,73,98,98,98,112,128,148,60,60,160,160,172,84,84,84,99,99,117],"floor_reached":25,"campfire_rested":3,"playtime":2119,"current_hp_per_floor":[63,63,63,63,63,20,41,7,7,7,9,6,8,8,29,15,70,56,56,56,47,33,55,9],"items_purged":["Regret"],"gold":117,"play_id":"402a1695-1b97-4fa4-8132-75202bac88ad","is_prod":false,"is_daily":false,"campfire_rituals":0,"campfire_upgraded":0,"is_hardmode":false,"path_taken":["M","?","$","M","M","E","R","E","T","?","M","?","M","?","R","BOSS","M","$","?","?","M","R","M","M"],"build_version":"2018-01-11-PROD2","purchased_purges":1,"victory":false,"master_deck":["Defend_G","Defend_G","Defend_G","Defend_G","Strike_G","Strike_G","Strike_G","Survivor","Neutralize","Dagger Spray","Bane","Predator","Dagger Spray","Crippling Poison","Dash","Dash","PiercingWail","Bane","Bouncing Flask","After Image","Masterful Stab","Blur","Night Terror","Terror","Noxious Fumes","Bane","Deadly Poison","Poisoned Stab"],"max_hp_per_floor":[70,70,70,70,70,70,70,70,70,70,70,70,70,70,70,70,70,70,70,70,75,75,75,75],"relics":["Ring of the Snake","Snake Skull","Oddly Smooth Stone","Blood Vial","Ice Cream","Astrolabe"],"campfire_meditates":0,"card_choices":[{"not_picked":["Acrobatics","Dodge and Roll"],"picked":"Dagger Spray"},{"not_picked":["Heel Hook","Dodge and Roll"],"picked":"Predator"},{"not_picked":["Blur","Footwork"],"picked":"Dagger Spray"},{"not_picked":["Burst","Choke"],"picked":"Crippling Poison"},{"not_picked":["Caltrops","Outmaneuver"],"picked":"Dash"},{"not_picked":["Flying Knee","Endless Agony"],"picked":"Dash"},{"not_picked":["Flying Knee","Catalyst"],"picked":"PiercingWail"},{"not_picked":["Prepared","Crippling Poison"],"picked":"Bane"},{"not_picked":["Tools of the Trade","Glass Knife"],"picked":"After Image"},{"not_picked":["Dagger Throw","Well Laid Plans"],"picked":"Terror"},{"not_picked":["Well Laid Plans","Choke"],"picked":"Deadly Poison"},{"not_picked":["Dagger Throw","Crippling Poison"],"picked":"Poisoned Stab"}],"player_experience":14858,"potions_floor_usage":[12,16,16,16,22,25],"damage_taken":[{"damage":7,"enemies":"Blue Slaver","floor":1,"turns":6},{"damage":0,"enemies":"Small Slimes","floor":4,"turns":3},{"damage":0,"enemies":"Jaw Worm","floor":5,"turns":3},{"damage":43,"enemies":"Lagavulin","floor":6,"turns":9},{"damage":34,"enemies":"Gremlin Nob","floor":8,"turns":5},{"damage":0,"enemies":"Looter","floor":11,"turns":4},{"damage":5,"enemies":"Gremlin Gang","floor":12,"turns":4},{"damage":0,"enemies":"Red Slaver","floor":13,"turns":5},{"damage":31,"enemies":"Slime Boss","floor":16,"turns":10},{"damage":14,"enemies":"3 Byrds","floor":18,"turns":7},{"damage":16,"enemies":"Spheric Guardian","floor":22,"turns":4},{"damage":48,"enemies":"3 Cultists","floor":24,"turns":6},{"damage":16,"enemies":"Sentry and Sphere","floor":25,"turns":2}],"event_choices":[{"event_name":"Big Fish","player_choice":"Box","floor":2,"damage_taken":0},{"event_name":"Upgrade Shrine","player_choice":"Upgraded","floor":10,"damage_taken":0},{"event_name":"Cursed Tome","player_choice":"Ignored","floor":20,"damage_taken":0},{"event_name":"Forgotten Altar","player_choice":"Shed Blood","floor":21,"damage_taken":0}],"boss_relics":[{"not_picked":["Sozu","Tiny House"],"picked":"Astrolabe"}],"potions_floor_spawned":[11,12,13,18,22],"seed_played":"-5871804531095313990","killed_by":"Sentry and Sphere","is_trial":false}