{"gold_per_floor":[116,135,135,145,145,170,170,170],"floor_reached":8,"playtime":379,"items_purged":[],"score":104,"play_id":"cbbb1874-a43a-4fe0-898f-38b2f43bdc5e","local_time":"20190704204139","is_ascension_mode":true,"campfire_choices":[],"neow_cost":"NONE","seed_source_timestamp":1456447926709300,"circlet_count":0,"master_deck":["AscendersBane","Strike_R","Strike_R","Strike_R","Strike_R","Defend_R","Defend_R","Defend_R","Defend_R","Bash","True Grit","Shrug It Off","True Grit","Impervious","Exhume"],"relics":["Burning Blood","Blood Vial","Blue Candle","Boot"],"potions_floor_usage":[6],"damage_taken":[{"damage":8,"enemies":"Small Slimes","floor":1,"turns":3},{"damage":8,"enemies":"2 Louse","floor":2,"turns":4},{"damage":3,"enemies":"Cultist","floor":4,"turns":4},{"damage":59,"enemies":"Lagavulin","floor":6,"turns":9},{"damage":20,"enemies":"Large Slime","floor":8,"turns":8}],"seed_played":"-71211585396259327","potions_obtained":[{"floor":2,"key":"Explosive Potion"}],"is_trial":false,"path_per_floor":["M","M","$","M","?","E","?","M"],"character_chosen":"IRONCLAD","items_purchased":[],"campfire_rested":0,"item_purchase_floors":[],"current_hp_per_floor":[68,68,68,73,62,11,11,0],"gold":170,"neow_bonus":"RANDOM_COMMON_RELIC","is_prod":false,"is_daily":false,"chose_seed":false,"campfire_upgraded":0,"win_rate":0,"timestamp":1562265699,"path_taken":["M","M","$","M","?","E","?","?"],"build_version":"2019-07-01","purchased_purges":0,"victory":false,"max_hp_per_floor":[75,75,75,75,75,75,75,75],"card_choices":[{"not_picked":["Searing Blow","Fire Breathing"],"picked":"True Grit","floor":1},{"not_picked":["Seeing Red","Twin Strike"],"picked":"Shrug It Off","floor":2},{"not_picked":["Sword Boomerang","Bloodletting"],"picked":"True Grit","floor":4},{"not_picked":["Sword Boomerang","Havoc"],"picked":"Impervious","floor":6}],"player_experience":1581418,"relics_obtained":[{"floor":6,"key":"Boot"}],"event_choices":[{"damage_healed":0,"gold_gain":0,"player_choice":"Success","damage_taken":11,"relics_obtained":["Blue Candle"],"max_hp_gain":0,"max_hp_loss":0,"event_name":"Scrap Ooze","floor":5,"gold_loss":0},{"damage_healed":0,"gold_gain":0,"cards_transformed":["Strike_R"],"player_choice":"Transformed","damage_taken":0,"max_hp_gain":0,"max_hp_loss":0,"event_name":"Transmorgrifier","floor":7,"gold_loss":0,"cards_obtained":["Exhume"]}],"is_beta":false,"boss_relics":[],"items_purged_floors":[],"is_endless":false,"potions_floor_spawned":[2],"killed_by":"Large Slime","ascension_level":17}