{"gold_per_floor":[112,112,112,92,107,136,136,146,146,1,1,1,1,35,35,114,114,125,125],"floor_reached":19,"playtime":504,"items_purged":[],"score":366,"play_id":"333e426d-1d1c-44a1-b97b-78081f355c64","local_time":"20190808153751","is_ascension_mode":true,"campfire_choices":[{"data":"Zap","floor":7,"key":"SMITH"},{"data":"Genetic Algorithm","floor":11,"key":"SMITH"},{"data":"Ball Lightning","floor":15,"key":"SMITH"}],"neow_cost":"NONE","seed_source_timestamp":513726070155700,"circlet_count":0,"master_deck":["AscendersBane","Strike_B","Strike_B","Strike_B","Strike_B+1","Defend_B","Defend_B","Defend_B","Defend_B","Zap+1","Dualcast","Doom and Gloom+1","Genetic Algorithm+1","Hologram","Ball Lightning+1","Enlightenment","Auto Shields","Stack","Echo Form","Cold Snap"],"relics":["FrozenCore","NeowsBlessing","Ornamental Fan","Ice Cream","Regal Pillow"],"potions_floor_usage":[14,16],"damage_taken":[{"damage":0,"enemies":"Small Slimes","floor":1,"turns":1},{"damage":0,"enemies":"2 Louse","floor":5,"turns":1},{"damage":0,"enemies":"Lagavulin","floor":6,"turns":1},{"damage":1,"enemies":"Cultist","floor":8,"turns":4},{"damage":3,"enemies":"3 Sentries","floor":14,"turns":4},{"damage":32,"enemies":"Slime Boss","floor":16,"turns":9},{"damage":36,"enemies":"Shell Parasite","floor":18,"turns":6}],"seed_played":"174865429560123729","potions_obtained":[{"floor":1,"key":"Energy Potion"},{"floor":4,"key":"Strength Potion"}],"is_trial":false,"path_per_floor":["M","$","?","?","M","E","R","M","T","$","R","$","?","E","R","B",null,"M","?"],"character_chosen":"DEFECT","items_purchased":["Enlightenment","Auto Shields"],"campfire_rested":0,"item_purchase_floors":[10,10],"current_hp_per_floor":[64,64,43,43,43,43,43,42,42,42,42,42,42,39,39,7,55,19,0],"gold":125,"neow_bonus":"THREE_ENEMY_KILL","is_prod":false,"is_daily":false,"chose_seed":false,"campfire_upgraded":3,"win_rate":0,"timestamp":1565271471,"path_taken":["M","$","?","?","M","E","R","?","T","?","R","$","?","E","R","BOSS","M","?"],"build_version":"2019-07-17","purchased_purges":0,"victory":false,"max_hp_per_floor":[71,71,71,71,71,71,71,71,71,71,71,71,71,71,71,71,71,71,76],"card_choices":[{"not_picked":["Recycle","Stack"],"picked":"Doom and Gloom","floor":1},{"not_picked":["Cold Snap","Melter"],"picked":"Genetic Algorithm","floor":5},{"not_picked":["Barrage","Undo"],"picked":"Hologram","floor":6},{"not_picked":["Force Field","Beam Cell"],"picked":"Ball Lightning","floor":8},{"not_picked":["Storm","Rebound"],"picked":"Stack","floor":14},{"not_picked":["Biased Cognition","Reboot"],"picked":"Echo Form","floor":16},{"not_picked":["Auto Shields","Streamline+1"],"picked":"Cold Snap","floor":18}],"player_experience":1818189,"relics_obtained":[{"floor":6,"key":"Ornamental Fan"},{"floor":9,"key":"Ice Cream"},{"floor":14,"key":"Regal Pillow"}],"event_choices":[{"damage_healed":0,"gold_gain":0,"player_choice":"Entered Light","damage_taken":21,"max_hp_gain":0,"max_hp_loss":0,"event_name":"Shining Light","floor":3,"gold_loss":0,"cards_upgraded":["Doom and Gloom","Strike_B"]},{"damage_healed":0,"gold_gain":0,"player_choice":"Bought 1 Potion","damage_taken":0,"max_hp_gain":0,"max_hp_loss":0,"event_name":"The Woman in Blue","floor":4,"gold_loss":0},{"damage_healed":0,"gold_gain":0,"player_choice":"Ignored","damage_taken":0,"max_hp_gain":0,"max_hp_loss":0,"event_name":"Liars Game","floor":13,"gold_loss":0}],"is_beta":false,"boss_relics":[{"not_picked":["Coffee Dripper","White Beast Statue"],"picked":"FrozenCore"}],"items_purged_floors":[],"is_endless":false,"potions_floor_spawned":[1,6,8],"ascension_level":17}