{"gold_per_floor":[319,394,394,413,563,596,194,194,194,209,219,219,219,250,250,329,329,347,375,390,405,455,455,483,483,483,500,526,544,19,19,19,19],"floor_reached":33,"playtime":1490,"items_purged":["Doubt","Injury"],"score":661,"play_id":"6f809ace-238b-4361-b9ca-82d869e312cb","local_time":"20190703194903","is_ascension_mode":true,"campfire_choices":[{"floor":8.0,"key":"REST"},{"floor":12.0,"key":"REST"},{"data":"Defragment","floor":15.0,"key":"SMITH"},{"floor":23.0,"key":"REST"},{"floor":25,"key":"REST"},{"floor":32,"key":"REST"}],"neow_cost":"NO_GOLD","seed_source_timestamp":1730826651151823,"circlet_count":0,"master_deck":["AscendersBane","Strike_B+1","Strike_B+1","Strike_B","Defend_B","Defend_B","Defend_B","Defend_B","Zap","Dualcast","Rebound","FTL","Conserve Battery","Coolheaded","Capacitor","Conserve Battery","Sweeping Beam","Defragment+1","Ball Lightning","Biased Cognition","Coolheaded+1","Loop","Cold Snap","Chill","Defragment","Ghostly","Ghostly","Ghostly"],"special_seed":0,"relics":["Cracked Core","Old Coin","Whetstone","Sling","Bottled Tornado","Singing Bowl","Pear","Cursed Key","Red Mask","Torii","Molten Egg 2","Bottled Flame","Thread and Needle"],"potions_floor_usage":[24,28,33],"damage_taken":[{"damage":1.0,"enemies":"Cultist","floor":1.0,"turns":3.0},{"damage":7.0,"enemies":"Jaw Worm","floor":4.0,"turns":3.0},{"damage":33.0,"enemies":"Lagavulin","floor":6.0,"turns":5.0},{"damage":3.0,"enemies":"Small Slimes","floor":10.0,"turns":3.0},{"damage":11.0,"enemies":"Looter","floor":11.0,"turns":2.0},{"damage":0.0,"enemies":"Gremlin Nob","floor":14.0,"turns":2.0},{"damage":15.0,"enemies":"The Guardian","floor":16.0,"turns":11.0},{"damage":6.0,"enemies":"Shell Parasite","floor":18.0,"turns":5.0},{"damage":16.0,"enemies":"Masked Bandits","floor":19.0,"turns":3.0},{"damage":16.0,"enemies":"2 Thieves","floor":20.0,"turns":4.0},{"damage":4.0,"enemies":"Centurion and Healer","floor":21.0,"turns":6.0},{"damage":20,"enemies":"Book of Stabbing","floor":24,"turns":5},{"damage":10,"enemies":"Snecko","floor":27,"turns":7},{"damage":42,"enemies":"Gremlin Leader","floor":28,"turns":8},{"damage":7,"enemies":"3 Cultists","floor":29,"turns":6},{"damage":28,"enemies":"Champ","floor":33,"turns":15}],"seed_played":"205521887137593514","potions_obtained":[{"floor":1.0,"key":"SpeedPotion"},{"floor":4.0,"key":"FocusPotion"},{"floor":11.0,"key":"AttackPotion"},{"floor":14.0,"key":"SkillPotion"},{"floor":18.0,"key":"Fire Potion"},{"floor":20.0,"key":"Dexterity Potion"},{"floor":27,"key":"Dexterity Potion"},{"floor":29,"key":"Block Potion"}],"is_trial":false,"path_per_floor":["M","?","?","M","?","E","$","R","T","M","M","R","T","E","R","B",null,"M","?","M","M","?","R","E","R","T","M","E","M","$","?","R","B"],"character_chosen":"DEFECT","items_purchased":["Sling","Capacitor","Conserve Battery","Thread and Needle","Defragment"],"campfire_rested":5,"item_purchase_floors":[7,7,7,30,30],"current_hp_per_floor":[63,52,52,45,45,12,12,33,33,30,19,40,40,50,50,35,70,64,48,32,30,30,54,34,58,58,50,10,5,5,5,18,0],"gold":19,"neow_bonus":"ONE_RARE_RELIC","is_prod":false,"is_daily":false,"chose_seed":false,"campfire_upgraded":1,"win_rate":0,"timestamp":1562176143,"path_taken":["M","?","?","M","?","E","$","R","T","M","M","R","?","E","R","BOSS","M","?","M","M","?","R","E","R","T","M","E","?","$","?","R","BOSS"],"build_version":"2019-07-01","purchased_purges":2,"victory":false,"max_hp_per_floor":[71,71,71,71,71,71,71,71,71,71,71,71,71,81,81,81,81,81,81,81,83,83,83,83,83,83,85,87,89,89,44,44,44],"card_choices":[{"not_picked":["Skim","Leap"],"picked":"Rebound","floor":1.0},{"not_picked":["Barrage","Redo"],"picked":"Conserve Battery","floor":4.0},{"not_picked":["Self Repair","Undo"],"picked":"Coolheaded","floor":6.0},{"not_picked":["Darkness","White Noise"],"picked":"Sweeping Beam","floor":10.0},{"not_picked":["Storm","Rebound"],"picked":"Defragment","floor":11.0},{"not_picked":["Chill","Doom and Gloom"],"picked":"Ball Lightning","floor":14.0},{"not_picked":["Fission","Echo Form"],"picked":"Biased Cognition","floor":16.0},{"not_picked":["Undo","Steam Power"],"picked":"Coolheaded+1","floor":18.0},{"not_picked":["Rebound","BootSequence"],"picked":"Loop","floor":19.0},{"not_picked":["Conserve Battery","Sweeping Beam"],"picked":"Cold Snap","floor":20.0},{"not_picked":["Turbo","Melter","Go for the Eyes"],"picked":"Singing Bowl","floor":21.0},{"not_picked":["Leap","Streamline"],"picked":"Chill","floor":24},{"not_picked":["Compile Driver+1","Rebound+1","Conserve Battery"],"picked":"Singing Bowl","floor":27},{"not_picked":["Multi-Cast","Conserve Battery","Amplify"],"picked":"Singing Bowl","floor":28},{"not_picked":["Rip and Tear+1","Turbo+1","Auto Shields"],"picked":"Singing Bowl","floor":29}],"player_experience":866865,"relics_obtained":[{"floor":6.0,"key":"Whetstone"},{"floor":9.0,"key":"Bottled Tornado"},{"floor":13.0,"key":"Singing Bowl"},{"floor":14.0,"key":"Pear"},{"floor":19.0,"key":"Red Mask"},{"floor":24,"key":"Torii"},{"floor":26,"key":"Molten Egg 2"},{"floor":28,"key":"Bottled Flame"}],"event_choices":[{"damage_healed":0.0,"max_hp_gain":0.0,"max_hp_loss":0.0,"gold_gain":75.0,"event_name":"World of Goop","player_choice":"Gather Gold","floor":2.0,"gold_loss":0.0,"damage_taken":11.0},{"damage_healed":0.0,"max_hp_gain":0.0,"max_hp_loss":0.0,"gold_gain":0.0,"cards_transformed":["Strike_B"],"event_name":"Living Wall","player_choice":"Change","floor":3.0,"gold_loss":0.0,"damage_taken":0.0,"cards_obtained":["FTL"]},{"damage_healed":0.0,"max_hp_gain":0.0,"max_hp_loss":0.0,"gold_gain":150.0,"event_name":"Liars Game","player_choice":"AGREE","floor":5.0,"gold_loss":0.0,"damage_taken":0.0,"cards_obtained":["Doubt"]},{"damage_healed":0.0,"max_hp_gain":0.0,"max_hp_loss":0.0,"gold_gain":0.0,"event_name":"Masked Bandits","player_choice":"Fought Bandits","floor":19.0,"gold_loss":0.0,"damage_taken":0.0},{"damage_healed":0.0,"max_hp_gain":0.0,"max_hp_loss":0.0,"gold_gain":50.0,"event_name":"Golden Shrine","player_choice":"Pray","floor":22.0,"gold_loss":0.0,"damage_taken":0.0},{"damage_healed":0,"gold_gain":0,"player_choice":"Became a Ghost","damage_taken":0,"max_hp_gain":0,"max_hp_loss":45,"event_name":"Ghosts","floor":31,"gold_loss":0,"cards_obtained":["Ghostly","Ghostly","Ghostly"]}],"is_beta":false,"boss_relics":[{"not_picked":["Pandora\u0027s Box","Empty Cage"],"picked":"Cursed Key"}],"items_purged_floors":[7,30],"is_endless":false,"potions_floor_spawned":[1,4,11,14,18,20,27,29],"killed_by":"Champ","ascension_level":20}