{"gold_per_floor":[117,117,117,117,128,158,169,169,238,251,251,261,293,18,18,94,94,105,30,46,2,52,86,86,29,29,59,78,78,88,108,108,182,182,195,195],"floor_reached":36,"playtime":1416,"items_purged":["Strike_B"],"score":787,"play_id":"f29dc94e-2333-43dd-8bd8-ec7fe3773eea","local_time":"20190614010845","is_ascension_mode":true,"campfire_choices":[{"data":"Zap","floor":8,"key":"SMITH"},{"data":"Capacitor","floor":15,"key":"SMITH"},{"data":"Buffer","floor":24,"key":"SMITH"},{"floor":29,"key":"REST"},{"floor":32,"key":"REST"}],"neow_cost":"NONE","seed_source_timestamp":174927339603400,"circlet_count":0,"master_deck":["AscendersBane","Strike_B+1","Strike_B+1","Defend_B","Defend_B","Defend_B","Defend_B","Zap+1","Dualcast","BootSequence","Capacitor+1","Consume+1","Ball Lightning","Glacier","Chaos","Compile Driver","Buffer+1","Conserve Battery","Biased Cognition","Injury","Regret","FTL","Force Field+1","Storm","Beam Cell+1","Hologram","Core Surge","Steam","Genetic Algorithm","Steam+1","Creative AI","Coolheaded"],"relics":["Cracked Core","NeowsBlessing","Whetstone","Mercury Hourglass","Anchor","Calling Bell","Oddly Smooth Stone","Matryoshka","Bird Faced Urn","Cables","Smiling Mask","Happy Flower","Singing Bowl","Eternal Feather"],"potions_floor_usage":[16,16,20,28,30],"damage_taken":[{"damage":0,"enemies":"Small Slimes","floor":1,"turns":1},{"damage":0,"enemies":"2 Louse","floor":5,"turns":1},{"damage":0,"enemies":"Gremlin Nob","floor":6,"turns":1},{"damage":1,"enemies":"Cultist","floor":7,"turns":4},{"damage":0,"enemies":"3 Louse","floor":10,"turns":2},{"damage":2,"enemies":"Blue Slaver","floor":12,"turns":3},{"damage":6,"enemies":"3 Sentries","floor":13,"turns":6},{"damage":13,"enemies":"Hexaghost","floor":16,"turns":10},{"damage":15,"enemies":"2 Thieves","floor":18,"turns":5},{"damage":0,"enemies":"3 Byrds","floor":20,"turns":3},{"damage":38,"enemies":"Gremlin Leader","floor":23,"turns":11},{"damage":23,"enemies":"Book of Stabbing","floor":27,"turns":7},{"damage":9,"enemies":"Sentry and Sphere","floor":28,"turns":5},{"damage":6,"enemies":"Snake Plant","floor":30,"turns":5},{"damage":5,"enemies":"Centurion and Healer","floor":31,"turns":8},{"damage":27,"enemies":"Automaton","floor":33,"turns":9},{"damage":65,"enemies":"3 Darklings","floor":35,"turns":6},{"damage":21,"enemies":"3 Shapes","floor":36,"turns":3}],"seed_played":"1911831966188967298","potions_obtained":[{"floor":5,"key":"Weak Potion"},{"floor":10,"key":"Energy Potion"},{"floor":16,"key":"Fire Potion"},{"floor":27,"key":"Explosive Potion"},{"floor":28,"key":"Dexterity Potion"},{"floor":31,"key":"Ancient Potion"}],"is_trial":false,"path_per_floor":["M","?","$","?","M","E","M","R","T","M","?","M","E","$","R","B",null,"M","?","M","$","?","E","R","$","T","E","M","R","M","M","R","B",null,"M","M"],"character_chosen":"DEFECT","items_purchased":["Buffer","Conserve Battery","Storm","Hologram"],"campfire_rested":2,"item_purchase_floors":[14,14,21,25],"current_hp_per_floor":[64,69,69,69,69,69,68,68,68,68,68,66,60,60,60,47,69,58,58,62,62,55,25,25,25,25,8,7,29,31,34,56,37,66,11,0],"gold":195,"neow_bonus":"THREE_ENEMY_KILL","is_prod":false,"is_daily":false,"chose_seed":false,"campfire_upgraded":3,"win_rate":0,"timestamp":1560467325,"path_taken":["M","?","$","?","?","E","M","R","T","M","?","M","E","$","R","BOSS","M","?","M","$","?","E","R","$","T","E","?","R","M","M","R","BOSS","M","M"],"build_version":"2019-01-23","purchased_purges":1,"victory":false,"max_hp_per_floor":[71,76,76,76,76,76,76,76,76,76,76,76,76,76,76,76,76,76,76,76,76,76,76,76,76,76,76,76,76,76,76,76,76,76,76,76],"card_choices":[{"not_picked":["Streamline","Stack"],"picked":"BootSequence","floor":1},{"not_picked":["Rebound","Turbo"],"picked":"Capacitor","floor":5},{"not_picked":["Force Field","Streamline"],"picked":"Consume","floor":6},{"not_picked":["Steam Power","Steam"],"picked":"Ball Lightning","floor":7},{"not_picked":["Beam Cell","Rebound"],"picked":"Glacier","floor":10},{"not_picked":["Rip and Tear","Ball Lightning"],"picked":"Chaos","floor":12},{"not_picked":["Leap","Hello World"],"picked":"Compile Driver","floor":13},{"not_picked":["Machine Learning","All For One"],"picked":"Biased Cognition","floor":16},{"not_picked":["Turbo","Rebound"],"picked":"FTL","floor":18},{"not_picked":["Leap","Coolheaded"],"picked":"Force Field+1","floor":20},{"not_picked":["Steam","Glacier"],"picked":"Beam Cell+1","floor":23},{"not_picked":["Aggregate+1","Recycle+1"],"picked":"Core Surge","floor":27},{"not_picked":["Hello World","Beam Cell"],"picked":"Steam","floor":28},{"not_picked":["Barrage","Rebound"],"picked":"Genetic Algorithm","floor":30},{"not_picked":["Undo","Rebound"],"picked":"Steam+1","floor":31},{"not_picked":["Reboot","Thunder Strike"],"picked":"Creative AI","floor":33},{"not_picked":["Stack","BootSequence"],"picked":"Coolheaded","floor":35}],"player_experience":1334034,"relics_obtained":[{"floor":6,"key":"Whetstone"},{"floor":9,"key":"Mercury Hourglass"},{"floor":13,"key":"Anchor"},{"floor":17,"key":"Oddly Smooth Stone"},{"floor":17,"key":"Matryoshka"},{"floor":17,"key":"Bird Faced Urn"},{"floor":23,"key":"Cables"},{"floor":26,"key":"Smiling Mask"},{"floor":26,"key":"Happy Flower"},{"floor":27,"key":"Singing Bowl"}],"event_choices":[{"damage_healed":0,"gold_gain":0,"player_choice":"Donut","damage_taken":0,"max_hp_gain":5,"max_hp_loss":0,"event_name":"Big Fish","floor":2,"gold_loss":0},{"cards_removed":["Strike_B"],"damage_healed":0,"gold_gain":0,"player_choice":"Purged","damage_taken":0,"max_hp_gain":0,"max_hp_loss":0,"event_name":"Purifier","floor":4,"gold_loss":0},{"damage_healed":0,"gold_gain":0,"player_choice":"Grow","damage_taken":0,"max_hp_gain":0,"max_hp_loss":0,"event_name":"Living Wall","floor":11,"gold_loss":0,"cards_upgraded":["Consume"]},{"cards_removed":["Decay"],"damage_healed":0,"gold_gain":0,"player_choice":"Gave Gold","damage_taken":0,"max_hp_gain":0,"max_hp_loss":0,"event_name":"Beggar","floor":19,"gold_loss":75},{"damage_healed":0,"gold_gain":50,"player_choice":"Touch","damage_taken":7,"max_hp_gain":0,"max_hp_loss":0,"event_name":"FaceTrader","floor":22,"gold_loss":0}],"is_beta":false,"boss_relics":[{"not_picked":["Ectoplasm","Runic Dome"],"picked":"Calling Bell"},{"not_picked":["Fusion Hammer","Orrery"],"picked":"Eternal Feather"}],"items_purged_floors":[14],"is_endless":false,"potions_floor_spawned":[5,10,16,27,28,31],"killed_by":"3 Shapes","ascension_level":16}