{"gold_per_floor":[110,185,205,205,130,161,174,206,241,253,283,295,307,142,142,218,218,236,236,236,236,255,255,55,55,78,78,28,111,111,146,146,225,225,237,237,249,249,249,249,199,199,199,232,36,48,48,64,64,64],"floor_reached":50,"playtime":1857,"items_purged":["Strike_R","Burning Pact+1","Defend_R","Writhe"],"score":1080,"play_id":"a7f5c256-421b-410d-93b6-b7d7f58091e4","local_time":"20190109001509","is_ascension_mode":true,"campfire_choices":[{"data":"Clothesline","floor":10.0,"key":"SMITH"},{"data":"Rampage","floor":12.0,"key":"SMITH"},{"data":"Burning Pact","floor":15.0,"key":"SMITH"},{"data":"Disarm","floor":23.0,"key":"SMITH"},{"floor":25.0,"key":"REST"},{"data":"Double Tap","floor":30.0,"key":"SMITH"},{"floor":32.0,"key":"REST"},{"data":"Feel No Pain","floor":40.0,"key":"SMITH"},{"data":"Demon Form","floor":42.0,"key":"SMITH"},{"floor":47,"key":"REST"},{"floor":49,"key":"REST"}],"neow_cost":"NONE","seed_source_timestamp":0,"circlet_count":0,"master_deck":["AscendersBane","Defend_R","Defend_R","Defend_R","Bash+1","Shrug It Off","Iron Wave","Shockwave","Clothesline+1","Rampage+1","Feel No Pain","Burning Pact+1","Immolate","Uppercut+1","Headbutt+1","Disarm+1","Feel No Pain","Double Tap+1","Sentinel","Demon Form+1","Feel No Pain+1","Battle Trance","Pummel"],"special_seed":0,"relics":["Burning Blood","NeowsBlessing","Bag of Preparation","MawBank","Smiling Mask","Mercury Hourglass","Astrolabe","Strawberry","MutagenicStrength","Tiny Chest","Bottled Flame","Philosopher\u0027s Stone","Turnip","Self Forming Clay","Ancient Tea Set"],"potions_floor_usage":[46,46],"damage_taken":[{"damage":0.0,"enemies":"Cultist","floor":1.0,"turns":1.0},{"damage":0.0,"enemies":"Small Slimes","floor":3.0,"turns":1.0},{"damage":0.0,"enemies":"3 Sentries","floor":6.0,"turns":2.0},{"damage":2.0,"enemies":"2 Louse","floor":7.0,"turns":3.0},{"damage":46.0,"enemies":"Lagavulin","floor":8.0,"turns":10.0},{"damage":5.0,"enemies":"2 Fungi Beasts","floor":11.0,"turns":4.0},{"damage":31.0,"enemies":"The Guardian","floor":16.0,"turns":10.0},{"damage":4.0,"enemies":"Chosen","floor":18.0,"turns":5.0},{"damage":24.0,"enemies":"3 Byrds","floor":22.0,"turns":5.0},{"damage":45.0,"enemies":"Book of Stabbing","floor":31.0,"turns":6.0},{"damage":56.0,"enemies":"Champ","floor":33.0,"turns":12.0},{"damage":17.0,"enemies":"Orb Walker","floor":35.0,"turns":4.0},{"damage":9.0,"enemies":"3 Shapes","floor":37.0,"turns":6.0},{"damage":53.0,"enemies":"Giant Head","floor":44.0,"turns":7.0},{"damage":15,"enemies":"Maw","floor":46,"turns":6},{"damage":8,"enemies":"Sphere and 2 Shapes","floor":48,"turns":7},{"damage":68,"enemies":"Donu and Deca","floor":50,"turns":6}],"seed_played":"3936921246252792083","potions_obtained":[{"floor":3.0,"key":"Block Potion"},{"floor":6.0,"key":"FearPotion"},{"floor":22.0,"key":"LiquidBronze"},{"floor":35.0,"key":"Swift Potion"},{"floor":48,"key":"Explosive Potion"}],"is_trial":false,"path_per_floor":["M","?","M","?","?","E","M","E","T","R","M","R","T","$","R","B",null,"M","?","?","?","M","R","$","R","T","?","$","T","R","E","R","B",null,"M","T","M","?","T","R","$","R","T","E","$","M","R","M","R","B"],"character_chosen":"IRONCLAD","items_purchased":["Feel No Pain","Burning Pact","Double Tap","Battle Trance","PowerPotion","Poison Potion"],"campfire_rested":4,"item_purchase_floors":[14,14,24,45,45,45],"current_hp_per_floor":[74,63,69,69,69,75,75,35,35,35,36,36,36,36,36,11,59,61,75,75,75,57,57,57,75,82,82,82,82,82,43,67,17,66,55,55,52,68,68,68,68,68,68,21,21,12,36,34,58,0],"gold":64,"neow_bonus":"THREE_ENEMY_KILL","is_prod":false,"is_daily":false,"chose_seed":false,"campfire_upgraded":7,"win_rate":0,"timestamp":1546989309,"path_taken":["M","?","M","?","?","E","M","E","T","R","M","R","?","$","R","BOSS","M","?","?","?","?","R","$","R","T","?","?","?","R","E","R","BOSS","M","?","M","?","?","R","$","R","T","E","$","M","R","M","R","BOSS"],"build_version":"2019-01-03v4","purchased_purges":4,"victory":false,"max_hp_per_floor":[75,75,75,75,75,75,75,75,75,75,75,75,75,75,75,75,75,75,75,75,75,75,75,75,75,82,82,82,82,82,82,82,82,82,82,82,82,82,82,82,82,82,82,82,82,82,82,82,82,82],"card_choices":[{"not_picked":["Shockwave","Combust"],"picked":"Shrug It Off","floor":1.0},{"not_picked":["Warcry","Reckless Charge"],"picked":"Iron Wave","floor":3.0},{"not_picked":["Perfected Strike","Twin Strike"],"picked":"Clothesline","floor":6.0},{"not_picked":["Burning Pact","Twin Strike"],"picked":"Shockwave","floor":7.0},{"not_picked":["Reckless Charge","Rupture"],"picked":"Clothesline","floor":8.0},{"not_picked":["Sword Boomerang","Heavy Blade"],"picked":"Rampage","floor":11.0},{"not_picked":["Limit Break","Berserk"],"picked":"Immolate","floor":16.0},{"not_picked":["Body Slam","Thunderclap+1"],"picked":"Disarm","floor":18.0},{"not_picked":["Heavy Blade","Flex"],"picked":"Feel No Pain","floor":22.0},{"not_picked":["Bloodletting","Perfected Strike"],"picked":"Sentinel","floor":31.0},{"not_picked":["Bludgeon","Immolate"],"picked":"Demon Form","floor":33.0},{"not_picked":["Sever Soul","Metallicize"],"picked":"Feel No Pain","floor":35.0},{"not_picked":["Seeing Red","Clash","Heavy Blade"],"picked":"SKIP","floor":37.0},{"not_picked":["Armaments","True Grit","Second Wind"],"picked":"SKIP","floor":44.0},{"not_picked":["Warcry","Spot Weakness","Flex"],"picked":"SKIP","floor":46},{"not_picked":["Clash","Havoc+1"],"picked":"Pummel","floor":48}],"player_experience":586704,"relics_obtained":[{"floor":6.0,"key":"Bag of Preparation"},{"floor":8.0,"key":"MawBank"},{"floor":9.0,"key":"Smiling Mask"},{"floor":13.0,"key":"Mercury Hourglass"},{"floor":26.0,"key":"Strawberry"},{"floor":29.0,"key":"Tiny Chest"},{"floor":31.0,"key":"Bottled Flame"},{"floor":39.0,"key":"Turnip"},{"floor":43.0,"key":"Self Forming Clay"},{"floor":44.0,"key":"Ancient Tea Set"}],"event_choices":[{"damage_healed":0.0,"max_hp_gain":0.0,"max_hp_loss":0.0,"gold_gain":75.0,"event_name":"World of Goop","player_choice":"Gather Gold","floor":2.0,"gold_loss":0.0,"damage_taken":11.0},{"damage_healed":0.0,"max_hp_gain":0.0,"max_hp_loss":0.0,"gold_gain":0.0,"event_name":"Living Wall","player_choice":"Grow","floor":4.0,"gold_loss":0.0,"damage_taken":0.0,"cards_upgraded":["Bash"]},{"cards_removed":["Strike_R"],"damage_healed":0.0,"max_hp_gain":0.0,"max_hp_loss":0.0,"gold_gain":0.0,"event_name":"The Cleric","player_choice":"Card Removal","floor":5.0,"gold_loss":75.0,"damage_taken":0.0},{"damage_healed":15.0,"max_hp_gain":0.0,"max_hp_loss":0.0,"gold_gain":0.0,"event_name":"The Library","player_choice":"Heal","floor":19.0,"gold_loss":0.0,"damage_taken":0.0},{"damage_healed":0.0,"max_hp_gain":0.0,"max_hp_loss":0.0,"gold_gain":0.0,"event_name":"Ghosts","player_choice":"Ignored","floor":20.0,"gold_loss":0.0,"damage_taken":0.0},{"cards_removed":["Clothesline"],"damage_healed":5.0,"max_hp_gain":0.0,"max_hp_loss":0.0,"gold_gain":0.0,"event_name":"Bonfire Elementals","player_choice":"Offered Common","floor":21.0,"gold_loss":0.0,"damage_taken":0.0},{"cards_removed":["Clothesline"],"damage_healed":5.0,"max_hp_gain":0.0,"max_hp_loss":0.0,"gold_gain":0.0,"event_name":"Bonfire Elementals","player_choice":"Offered Special","floor":21.0,"gold_loss":0.0,"damage_taken":0.0},{"damage_healed":0.0,"max_hp_gain":0.0,"max_hp_loss":0.0,"gold_gain":0.0,"event_name":"Drug Dealer","player_choice":"Inject Mutagens","floor":27.0,"gold_loss":0.0,"damage_taken":0.0,"relics_obtained":["MutagenicStrength"]},{"damage_healed":16.0,"max_hp_gain":0.0,"max_hp_loss":0.0,"gold_gain":0.0,"event_name":"Winding Halls","player_choice":"Writhe","floor":38.0,"gold_loss":0.0,"damage_taken":0.0,"cards_obtained":["Writhe"]}],"is_beta":false,"boss_relics":[{"not_picked":["Orrery","Cursed Key"],"picked":"Astrolabe"},{"not_picked":["Black Star","Runic Cube"],"picked":"Philosopher\u0027s Stone"}],"items_purged_floors":[14,24,28,41],"is_endless":false,"potions_floor_spawned":[3,6,22,35,48],"killed_by":"Donu and Deca","ascension_level":20}