{"gold_per_floor":[118,193,193,5,17,48,48,48,48,80,99,130,130,130,130,207,207,222,3,22,122,136,136,165,165,217,252,252,287,287,305,305,378,378,398,398,398,451,462,493,493,86,109,34,48,77,94,5,5,5],"floor_reached":50,"playtime":1871,"items_purged":["Perfected Strike"],"score":1190,"play_id":"8e240842-f606-4d2e-aa9b-147b8b646cf9","local_time":"20190610034937","is_ascension_mode":true,"campfire_choices":[{"data":"Apotheosis","floor":8,"key":"SMITH"},{"data":"Corruption","floor":13,"key":"SMITH"},{"data":"Anger","floor":15,"key":"SMITH"},{"data":"Fiend Fire","floor":23,"key":"SMITH"},{"floor":28,"key":"REST"},{"data":"Double Tap","floor":30,"key":"SMITH"},{"data":"Feel No Pain","floor":32,"key":"SMITH"},{"floor":41,"key":"REST"},{"floor":49,"key":"REST"}],"neow_cost":"NONE","seed_source_timestamp":254987614637500,"circlet_count":0,"master_deck":["AscendersBane","Bash+1","Corruption+1","Apotheosis+1","Clothesline","Anger","Sentinel","Immolate","Anger+1","Flex","Fiend Fire+1","Uppercut","Headbutt","Dual Wield","Exhume","Spot Weakness","Headbutt","Iron Wave+1","Anger","Thunderclap+1","Ghostly Armor","Heavy Blade","Double Tap+1","Necronomicurse","Dual Wield+1","Feel No Pain+1","Clash+1","Barricade","Shrug It Off","Madness","Madness","True Grit","Juggernaut","Body Slam+1","Whirlwind+1","Shockwave","Dual Wield","Sword Boomerang+1","Battle Trance"],"relics":["Burning Blood","NeowsBlessing","Incense Burner","Whetstone","Mummified Hand","PreservedInsect","Pandora\u0027s Box","Vajra","Charon\u0027s Ashes","Bottled Tornado","Blood Vial","Necronomicon","Bag of Marbles","Molten Egg 2","Ancient Tea Set","Busted Crown","Champion Belt","Pantograph","Orichalcum","Letter Opener"],"potions_floor_usage":[16,16,20,21,40,50,50],"damage_taken":[{"damage":0,"enemies":"Small Slimes","floor":1,"turns":1},{"damage":0,"enemies":"2 Louse","floor":5,"turns":1},{"damage":0,"enemies":"Gremlin Nob","floor":6,"turns":1},{"damage":31,"enemies":"Lagavulin","floor":10,"turns":6},{"damage":4,"enemies":"Jaw Worm","floor":11,"turns":2},{"damage":4,"enemies":"3 Sentries","floor":12,"turns":4},{"damage":13,"enemies":"Hexaghost","floor":16,"turns":7},{"damage":8,"enemies":"Chosen","floor":18,"turns":3},{"damage":12,"enemies":"3 Byrds","floor":20,"turns":4},{"damage":8,"enemies":"Colosseum Slavers","floor":21,"turns":2},{"damage":1,"enemies":"Colosseum Nobs","floor":21,"turns":3},{"damage":14,"enemies":"Snake Plant","floor":22,"turns":3},{"damage":6,"enemies":"Gremlin Leader","floor":24,"turns":4},{"damage":0,"enemies":"Slavers","floor":27,"turns":1},{"damage":0,"enemies":"Gremlin Leader","floor":29,"turns":2},{"damage":2,"enemies":"Shelled Parasite and Fungi","floor":31,"turns":3},{"damage":56,"enemies":"Automaton","floor":33,"turns":8},{"damage":2,"enemies":"3 Darklings","floor":35,"turns":4},{"damage":27,"enemies":"2 Orb Walkers","floor":38,"turns":3},{"damage":0,"enemies":"3 Shapes","floor":39,"turns":3},{"damage":21,"enemies":"Nemesis","floor":40,"turns":5},{"damage":31,"enemies":"Writhing Mass","floor":45,"turns":4},{"damage":3,"enemies":"Giant Head","floor":46,"turns":4},{"damage":13,"enemies":"Spire Growth","floor":47,"turns":4},{"damage":76,"enemies":"Time Eater","floor":50,"turns":7}],"seed_played":"2372850005202698558","potions_obtained":[{"floor":1,"key":"Fire Potion"},{"floor":5,"key":"SkillPotion"},{"floor":10,"key":"Dexterity Potion"},{"floor":12,"key":"PowerPotion"},{"floor":16,"key":"Fire Potion"},{"floor":18,"key":"Weak Potion"},{"floor":31,"key":"Weak Potion"},{"floor":35,"key":"SkillPotion"},{"floor":46,"key":"Dexterity Potion"}],"is_trial":false,"path_per_floor":["M","?","?","$","M","E","?","R","T","E","M","E","R","?","R","B",null,"M","$","M","?","M","R","E","?","T","E","R","E","R","M","R","B",null,"M","?","?","?","M","E","R","$","T","$","M","E","M","$","R","B"],"character_chosen":"IRONCLAD","items_purchased":["Apotheosis","Vajra","Anger","Juggernaut","Body Slam+1","Whirlwind+1","GamblersBrew","Shockwave","Battle Trance"],"campfire_rested":3,"item_purchase_floors":[4,19,19,42,42,42,42,44,48],"current_hp_per_floor":[74,63,40,40,46,52,52,52,52,27,29,31,31,24,24,17,61,59,59,53,56,48,48,48,27,27,35,57,65,65,71,71,23,62,68,68,54,35,43,30,52,52,52,52,29,34,29,29,51,0],"gold":5,"neow_bonus":"THREE_ENEMY_KILL","is_prod":false,"is_daily":false,"chose_seed":false,"campfire_upgraded":6,"win_rate":0,"timestamp":1560131377,"path_taken":["M","?","?","$","M","E","?","R","T","E","M","E","R","?","R","BOSS","M","$","M","?","M","R","E","?","T","E","R","E","R","M","R","BOSS","M","?","?","?","M","E","R","$","T","$","M","E","M","?","R","BOSS"],"build_version":"2019-01-23","purchased_purges":1,"victory":false,"max_hp_per_floor":[75,75,75,75,75,75,75,75,75,75,75,75,75,75,75,75,75,75,75,75,75,75,75,75,75,75,75,75,75,75,75,75,75,75,75,75,75,75,75,75,75,75,75,75,75,75,75,75,75,75],"card_choices":[{"not_picked":["Burning Pact","Wild Strike"],"picked":"Corruption","floor":1},{"not_picked":["Dropkick","Wild Strike"],"picked":"Clothesline","floor":5},{"not_picked":["Hemokinesis","Heavy Blade"],"picked":"Anger","floor":6},{"not_picked":["Twin Strike","Clothesline"],"picked":"Immolate","floor":10},{"not_picked":["Metallicize","Pummel"],"picked":"Anger","floor":11},{"not_picked":["Armaments","Iron Wave"],"picked":"Flex","floor":12},{"not_picked":["Berserk","Bludgeon"],"picked":"Fiend Fire","floor":16},{"not_picked":["Power Through","Shrug It Off"],"picked":"Iron Wave+1","floor":18},{"not_picked":["Flex","Intimidate"],"picked":"Thunderclap+1","floor":20},{"not_picked":["Searing Blow+1","Blood for Blood"],"picked":"Ghostly Armor","floor":21},{"not_picked":["Armaments","Hemokinesis"],"picked":"Heavy Blade","floor":22},{"not_picked":["Shockwave","Armaments"],"picked":"Double Tap","floor":24},{"not_picked":["Perfected Strike","Clash"],"picked":"Dual Wield+1","floor":27},{"not_picked":["Twin Strike+1","Clothesline+1"],"picked":"Feel No Pain","floor":29},{"not_picked":["Spot Weakness","Infernal Blade"],"picked":"Clash+1","floor":31},{"not_picked":["Berserk","Feed+1"],"picked":"Barricade","floor":33},{"not_picked":[],"picked":"Shrug It Off","floor":35},{"not_picked":["Armaments"],"picked":"SKIP","floor":39},{"not_picked":[],"picked":"True Grit","floor":40},{"not_picked":["Reckless Charge+1"],"picked":"SKIP","floor":45},{"not_picked":[],"picked":"Dual Wield","floor":46},{"not_picked":[],"picked":"Sword Boomerang+1","floor":47}],"player_experience":1265872,"relics_obtained":[{"floor":6,"key":"Incense Burner"},{"floor":9,"key":"Whetstone"},{"floor":10,"key":"Mummified Hand"},{"floor":12,"key":"PreservedInsect"},{"floor":21,"key":"Charon\u0027s Ashes"},{"floor":21,"key":"Bottled Tornado"},{"floor":24,"key":"Blood Vial"},{"floor":25,"key":"Necronomicon"},{"floor":26,"key":"Bag of Marbles"},{"floor":27,"key":"Molten Egg 2"},{"floor":29,"key":"Ancient Tea Set"},{"floor":38,"key":"Champion Belt"},{"floor":40,"key":"Pantograph"},{"floor":43,"key":"Orichalcum"},{"floor":46,"key":"Letter Opener"}],"event_choices":[{"damage_healed":0,"gold_gain":75,"player_choice":"Gather Gold","damage_taken":11,"max_hp_gain":0,"max_hp_loss":0,"event_name":"World of Goop","floor":2,"gold_loss":0},{"damage_healed":0,"gold_gain":0,"player_choice":"Entered Light","damage_taken":23,"max_hp_gain":0,"max_hp_loss":0,"event_name":"Shining Light","floor":3,"gold_loss":0,"cards_upgraded":["Strike_R","Defend_R"]},{"damage_healed":0,"gold_gain":0,"cards_transformed":["Strike_R"],"player_choice":"Change","damage_taken":0,"max_hp_gain":0,"max_hp_loss":0,"event_name":"Living Wall","floor":7,"gold_loss":0,"cards_obtained":["Sentinel"]},{"cards_removed":["Strike_R"],"damage_healed":0,"gold_gain":0,"player_choice":"Card Removal","damage_taken":7,"max_hp_gain":0,"max_hp_loss":0,"event_name":"Golden Wing","floor":14,"gold_loss":0},{"damage_healed":0,"gold_gain":0,"player_choice":"Fight","damage_taken":0,"max_hp_gain":0,"max_hp_loss":0,"event_name":"Colosseum","floor":21,"gold_loss":0},{"damage_healed":0,"gold_gain":0,"player_choice":"Fought Nobs","damage_taken":0,"max_hp_gain":0,"max_hp_loss":0,"event_name":"Colosseum","floor":21,"gold_loss":0},{"damage_healed":0,"gold_gain":0,"player_choice":"Obtained Book","damage_taken":21,"max_hp_gain":0,"max_hp_loss":0,"event_name":"Cursed Tome","floor":25,"gold_loss":0},{"damage_healed":0,"gold_gain":0,"player_choice":"Ignored","damage_taken":0,"max_hp_gain":0,"max_hp_loss":0,"event_name":"Tomb of Lord Red Mask","floor":36,"gold_loss":0},{"damage_healed":0,"gold_gain":0,"player_choice":"Embrace Madness","damage_taken":14,"max_hp_gain":0,"max_hp_loss":0,"event_name":"Winding Halls","floor":37,"gold_loss":0,"cards_obtained":["Madness","Madness"]},{"damage_healed":0,"gold_gain":0,"player_choice":"Fight","damage_taken":0,"max_hp_gain":0,"max_hp_loss":0,"event_name":"Mysterious Sphere","floor":38,"gold_loss":0}],"is_beta":false,"boss_relics":[{"not_picked":["White Beast Statue","Coffee Dripper"],"picked":"Pandora\u0027s Box"},{"not_picked":["Runic Pyramid","Calling Bell"],"picked":"Busted Crown"}],"items_purged_floors":[42],"is_endless":false,"potions_floor_spawned":[1,5,10,12,16,18,21,31,35,45,46],"killed_by":"Time Eater","ascension_level":16}