{"gold_per_floor":[117,117,117,132,282,282,300,300,300,338,86,86,105,129,129,225,225,250,64,64,80,80,80,80,94,94,114,114,114],"floor_reached":29,"playtime":609,"items_purged":["Doubt","Clumsy"],"score":446,"play_id":"64e37985-498a-42c7-a83e-7af9167b983b","local_time":"20190106163109","is_ascension_mode":true,"campfire_choices":[{"data":"Biased Cognition","floor":6.0,"key":"SMITH"},{"data":"Streamline","floor":8.0,"key":"SMITH"},{"data":"Defragment","floor":12.0,"key":"SMITH"},{"floor":15.0,"key":"REST"},{"floor":23.0,"key":"REST"}],"neow_cost":"CURSE","seed_source_timestamp":341004871853011,"circlet_count":0,"master_deck":["AscendersBane","Strike_B","Strike_B","Strike_B","Strike_B","Defend_B","Defend_B","Defend_B","Defend_B","Zap","Dualcast","Biased Cognition+1","Ball Lightning","Hologram","Streamline+1","Auto Shields","Defragment+1","Trip","Biased Cognition+1","Ball Lightning","Creative AI+1","Coolheaded","Capacitor","Cold Snap","Cold Snap","Cold Snap"],"special_seed":0,"relics":["Cracked Core","Golden Idol","Bottled Flame","Sozu","Nloth\u0027s Gift","Kunai"],"potions_floor_usage":[29],"damage_taken":[{"damage":7.0,"enemies":"Jaw Worm","floor":1.0,"turns":3.0},{"damage":5.0,"enemies":"Small Slimes","floor":4.0,"turns":2.0},{"damage":0.0,"enemies":"Cultist","floor":7.0,"turns":3.0},{"damage":38.0,"enemies":"Gremlin Nob","floor":10.0,"turns":4.0},{"damage":8.0,"enemies":"Blue Slaver","floor":13.0,"turns":2.0},{"damage":11.0,"enemies":"Looter","floor":14.0,"turns":3.0},{"damage":20.0,"enemies":"Hexaghost","floor":16.0,"turns":7.0},{"damage":20.0,"enemies":"Spheric Guardian","floor":18.0,"turns":4.0},{"damage":28.0,"enemies":"Shell Parasite","floor":21.0,"turns":3.0},{"damage":20.0,"enemies":"3 Cultists","floor":25.0,"turns":5.0},{"damage":18,"enemies":"Centurion and Healer","floor":27,"turns":7},{"damage":21,"enemies":"Book of Stabbing","floor":29,"turns":1}],"seed_played":"-8702981730406147313","potions_obtained":[{"floor":7.0,"key":"FairyPotion"},{"floor":10.0,"key":"FearPotion"},{"floor":16.0,"key":"PowerPotion"}],"is_trial":false,"path_per_floor":["M","?","?","M","?","R","M","R","T","E","$","R","M","M","R","B",null,"M","$","?","M","?","R","?","M","T","M","?","E"],"character_chosen":"DEFECT","items_purchased":["Defragment","Trip","Capacitor"],"campfire_rested":2,"item_purchase_floors":[11,11,19],"current_hp_per_floor":[57,62,62,57,57,57,57,57,57,26,26,26,18,7,29,9,59,39,39,39,11,26,48,48,28,28,10,10,0],"gold":114,"neow_bonus":"THREE_RARE_CARDS","is_prod":false,"is_daily":false,"chose_seed":false,"campfire_upgraded":3,"win_rate":0,"timestamp":1546788669,"path_taken":["M","?","?","M","?","R","M","R","T","E","$","R","?","M","R","BOSS","M","$","?","?","?","R","?","M","T","?","?","E"],"build_version":"2019-01-03v4","purchased_purges":2,"victory":false,"max_hp_per_floor":[71,76,69,69,69,69,69,69,69,76,76,76,76,76,76,76,76,76,76,76,76,76,76,76,76,76,76,76,76],"card_choices":[{"not_picked":["Core Surge","Rainbow"],"picked":"Biased Cognition","floor":0.0},{"not_picked":["Go for the Eyes","Force Field"],"picked":"Ball Lightning","floor":1.0},{"not_picked":["Steam","Hello World"],"picked":"Hologram","floor":4.0},{"not_picked":["Barrage","Gash"],"picked":"Streamline","floor":7.0},{"not_picked":["Darkness","Aggregate"],"picked":"Auto Shields","floor":10.0},{"not_picked":["Hologram","Reinforced Body"],"picked":"Biased Cognition","floor":13.0},{"not_picked":["Gash","Rebound"],"picked":"Ball Lightning","floor":14.0},{"not_picked":["Machine Learning","Biased Cognition"],"picked":"Creative AI","floor":16.0},{"not_picked":["Barrage","Go for the Eyes"],"picked":"Coolheaded","floor":18.0},{"not_picked":["Conserve Battery+1","Multi-Cast"],"picked":"Cold Snap","floor":21.0},{"not_picked":["Stack","Streamline"],"picked":"Cold Snap","floor":25.0},{"not_picked":["Ball Lightning+1","Consume"],"picked":"Cold Snap","floor":27}],"player_experience":578264,"relics_obtained":[{"floor":9.0,"key":"Bottled Flame"},{"floor":10.0,"key":"Strawberry"},{"floor":26.0,"key":"Kunai"}],"event_choices":[{"damage_healed":0.0,"max_hp_gain":5.0,"max_hp_loss":0.0,"gold_gain":0.0,"event_name":"Big Fish","player_choice":"Donut","floor":2.0,"gold_loss":0.0,"damage_taken":0.0},{"damage_healed":0.0,"max_hp_gain":0.0,"max_hp_loss":7.0,"gold_gain":0.0,"event_name":"Golden Idol","player_choice":"Lose Max HP","floor":3.0,"gold_loss":0.0,"damage_taken":0.0,"relics_obtained":["Golden Idol"]},{"damage_healed":0.0,"max_hp_gain":0.0,"max_hp_loss":0.0,"gold_gain":150.0,"event_name":"Liars Game","player_choice":"AGREE","floor":5.0,"gold_loss":0.0,"damage_taken":0.0,"cards_obtained":["Doubt"]},{"damage_healed":0.0,"max_hp_gain":0.0,"max_hp_loss":0.0,"gold_gain":0.0,"event_name":"N\u0027loth","player_choice":"Traded Relic","floor":20.0,"relics_lost":["Strawberry"],"gold_loss":0.0,"damage_taken":0.0,"relics_obtained":["Nloth\u0027s Gift"]},{"damage_healed":15.0,"max_hp_gain":0.0,"max_hp_loss":0.0,"gold_gain":0.0,"event_name":"The Library","player_choice":"Heal","floor":22.0,"gold_loss":0.0,"damage_taken":0.0},{"damage_healed":0.0,"max_hp_gain":0.0,"max_hp_loss":0.0,"gold_gain":0.0,"event_name":"Upgrade Shrine","player_choice":"Upgraded","floor":24.0,"gold_loss":0.0,"damage_taken":0.0,"cards_upgraded":["Biased Cognition"]},{"damage_healed":0,"gold_gain":0,"player_choice":"Upgraded","damage_taken":0,"max_hp_gain":0,"max_hp_loss":0,"event_name":"Upgrade Shrine","floor":28,"gold_loss":0,"cards_upgraded":["Creative AI"]}],"is_beta":false,"boss_relics":[{"not_picked":["Snecko Eye","White Beast Statue"],"picked":"Sozu"}],"items_purged_floors":[11,19],"is_endless":false,"potions_floor_spawned":[7,10,16,21,25,27],"killed_by":"Book of Stabbing","ascension_level":20}