{"gold_per_floor":[113,113,133,38,57,88,100,116,116,116],"floor_reached":10,"playtime":661,"items_purged":[],"score":70,"play_id":"d7d9cdea-a422-4b19-90b9-d84ed1bf040e","local_time":"20190626212417","is_ascension_mode":false,"campfire_choices":[],"neow_cost":"NONE","seed_source_timestamp":0,"circlet_count":0,"master_deck":["Strike_R","Strike_R","Strike_R","Strike_R","Strike_R","Defend_R","Defend_R","Defend_R","Defend_R","Bash","Sentinel","Burning Pact","True Grit","Metallicize","Havoc","Infernal Blade","Rampage","Pummel"],"special_seed":0,"relics":["Burning Blood","Juzu Bracelet","PreservedInsect","Bottled Flame"],"potions_floor_usage":[6,10],"damage_taken":[{"damage":5.0,"enemies":"2 Louse","floor":1.0,"turns":4.0},{"damage":6.0,"enemies":"Cultist","floor":3.0,"turns":3.0},{"damage":6.0,"enemies":"Jaw Worm","floor":5.0,"turns":5.0},{"damage":45,"enemies":"3 Sentries","floor":6,"turns":17},{"damage":21,"enemies":"Large Slime","floor":7,"turns":8},{"damage":19,"enemies":"Red Slaver","floor":8,"turns":5},{"damage":14,"enemies":"Gremlin Gang","floor":10,"turns":2}],"seed_played":"-7946194380338788431","potions_obtained":[{"floor":1.0,"key":"LiquidBronze"},{"floor":7,"key":"PowerPotion"}],"is_trial":false,"path_per_floor":["M","?","M","$","M","E","M","M","T","M"],"character_chosen":"IRONCLAD","items_purchased":["True Grit","Metallicize"],"campfire_rested":0,"item_purchase_floors":[4,4],"current_hp_per_floor":[80,80,80,80,80,41,26,13,13,0],"gold":116,"neow_bonus":"RANDOM_COMMON_RELIC","is_prod":false,"is_daily":false,"chose_seed":false,"campfire_upgraded":0,"win_rate":0,"timestamp":1561598657,"path_taken":["M","?","M","?","M","E","M","M","T","M"],"build_version":"2019-01-23","purchased_purges":0,"victory":false,"max_hp_per_floor":[80,80,80,80,80,80,80,80,80,80],"card_choices":[{"not_picked":["Seeing Red","Shockwave"],"picked":"Sentinel","floor":1.0},{"not_picked":["Clash","Clothesline"],"picked":"Burning Pact","floor":3.0},{"not_picked":["Heavy Blade","Anger"],"picked":"Havoc","floor":5.0},{"not_picked":["Blood for Blood","Evolve"],"picked":"Infernal Blade","floor":6},{"not_picked":["Heavy Blade","Anger"],"picked":"Rampage","floor":7},{"not_picked":["Carnage","Metallicize"],"picked":"Pummel","floor":8}],"player_experience":255768,"relics_obtained":[{"floor":6,"key":"PreservedInsect"},{"floor":9,"key":"Bottled Flame"}],"event_choices":[{"damage_healed":0.0,"max_hp_gain":0.0,"max_hp_loss":0.0,"gold_gain":0.0,"event_name":"NoteForYourself","player_choice":"Ignored","floor":2.0,"gold_loss":0.0,"damage_taken":0.0}],"is_beta":false,"boss_relics":[],"items_purged_floors":[],"is_endless":false,"potions_floor_spawned":[1,7],"killed_by":"Gremlin Gang","ascension_level":0}