{"path_per_floor":["M","?","?","M","M","M","R","M","T","M","M","M","E","M","R"],"character_chosen":"IRONCLAD","items_purchased":[],"gold_per_floor":[119,119,194,207,217,237,237,252,303,313,325,344,370,383,383,383],"floor_reached":16,"campfire_rested":0,"playtime":612,"current_hp_per_floor":[79,79,68,71,77,67,67,67,67,64,50,51,50,44,44,0],"items_purged":[],"gold":383,"score":108,"play_id":"c9ea2da5-e9fc-4e6c-9b77-b8020cba5ffe","local_time":"20180512173316","is_prod":false,"is_daily":false,"chose_seed":false,"is_ascension_mode":false,"campfire_upgraded":2,"timestamp":1526142796,"path_taken":["M","?","?","M","M","M","R","M","T","M","M","M","E","M","R","BOSS"],"build_version":"2018-05-10","seed_source_timestamp":246839005339900,"purchased_purges":0,"victory":false,"master_deck":["Strike_R","Strike_R","Strike_R","Strike_R","Defend_R","Defend_R","Defend_R","Defend_R","Bash+1","Whirlwind+1","Feel No Pain","Burning Pact","Flex","Corruption","Flex+1","Immolate"],"max_hp_per_floor":[80,80,80,80,80,80,80,80,80,80,80,80,80,80,80,80],"relics":["Burning Blood","Prayer Wheel","Self Forming Clay"],"card_choices":[{"not_picked":["Inflame","Disarm"],"picked":"Whirlwind","floor":4},{"not_picked":["Anger","Corruption"],"picked":"Feel No Pain","floor":5},{"not_picked":["Bloodletting","Second Wind"],"picked":"Burning Pact","floor":6},{"not_picked":["Twin Strike","Whirlwind"],"picked":"Flex","floor":8},{"not_picked":["Perfected Strike","True Grit"],"picked":"Corruption","floor":10},{"not_picked":["Shrug It Off","Armaments"],"picked":"Flex","floor":12},{"not_picked":["Thunderclap","Havoc"],"picked":"Immolate","floor":13}],"player_experience":290047,"potions_floor_usage":[4,10,13,16],"damage_taken":[{"damage":7,"enemies":"Small Slimes","floor":1,"turns":4},{"damage":3,"enemies":"Jaw Worm","floor":4,"turns":2},{"damage":0,"enemies":"2 Louse","floor":5,"turns":2},{"damage":16,"enemies":"Exordium Wildlife","floor":6,"turns":5},{"damage":6,"enemies":"3 Louse","floor":8,"turns":2},{"damage":9,"enemies":"Red Slaver","floor":10,"turns":4},{"damage":20,"enemies":"Exordium Wildlife","floor":11,"turns":5},{"damage":5,"enemies":"Looter","floor":12,"turns":2},{"damage":7,"enemies":"Lagavulin","floor":13,"turns":5},{"damage":12,"enemies":"Blue Slaver","floor":14,"turns":3},{"damage":52,"enemies":"The Guardian","floor":16,"turns":8}],"event_choices":[{"event_name":"Living Wall","player_choice":"Forget","floor":2,"damage_taken":0},{"event_name":"World of Goop","player_choice":"Gather Gold","floor":3,"damage_taken":0}],"boss_relics":[],"potions_floor_spawned":[1,6,8,10,14],"seed_played":"4773126979030092696","killed_by":"The Guardian","ascension_level":0,"is_trial":false}