{"gold_per_floor":[209,209,209,224,234,234,254,254,334,348,377,377,393,451,451,527,527,511,526,526,138,138,138,138],"floor_reached":24,"playtime":916,"items_purged":["Strike_B"],"score":343,"play_id":"4969f402-023b-4093-b187-9cc47e67b0ac","local_time":"20190515225230","is_ascension_mode":true,"campfire_choices":[{"data":"Sunder","floor":6.0,"key":"SMITH"},{"data":"Zap","floor":8.0,"key":"SMITH"},{"data":"Buffer","floor":12,"key":"SMITH"},{"data":"Leap","floor":15,"key":"SMITH"},{"data":"Loop","floor":23,"key":"SMITH"}],"neow_cost":"NONE","seed_source_timestamp":0,"circlet_count":0,"master_deck":["AscendersBane","Strike_B","Strike_B","Defend_B","Defend_B","Defend_B","Defend_B","Zap+1","Dualcast","Sunder+1","Gash","Melter","Leap+1","Buffer+1","Ball Lightning","Self Repair","Cold Snap","Electrodynamics","Conserve Battery","Hologram","Loop+1","Conserve Battery","Writhe"],"special_seed":0,"relics":["FrozenCore","Pantograph","Bag of Marbles","Centennial Puzzle","Nilry\u0027s Codex","Lee\u0027s Waffle","Orichalcum"],"potions_floor_usage":[11,14,16],"damage_taken":[{"damage":2.0,"enemies":"Jaw Worm","floor":1.0,"turns":3.0},{"damage":0.0,"enemies":"Small Slimes","floor":4.0,"turns":3.0},{"damage":0.0,"enemies":"Cultist","floor":5.0,"turns":4.0},{"damage":13.0,"enemies":"Blue Slaver","floor":7.0,"turns":2.0},{"damage":9,"enemies":"Exordium Thugs","floor":10,"turns":4},{"damage":13,"enemies":"Lagavulin","floor":11,"turns":7},{"damage":0,"enemies":"2 Fungi Beasts","floor":13,"turns":2},{"damage":0,"enemies":"Lagavulin Event","floor":14,"turns":5},{"damage":45,"enemies":"Hexaghost","floor":16,"turns":11},{"damage":33,"enemies":"2 Thieves","floor":18,"turns":4},{"damage":12,"enemies":"Shell Parasite","floor":19,"turns":7},{"damage":83,"enemies":"Slavers","floor":24,"turns":7}],"seed_played":"-8274669110935903668","potions_obtained":[{"floor":4.0,"key":"Dexterity Potion"},{"floor":7.0,"key":"Fire Potion"},{"floor":13,"key":"PowerPotion"},{"floor":19,"key":"SpeedPotion"}],"is_trial":false,"path_per_floor":["M","?","?","M","M","R","M","R","T","M","E","R","M","?","R","B",null,"M","M","?","$","?","R","E"],"character_chosen":"DEFECT","items_purchased":["Lee\u0027s Waffle","Loop","Conserve Battery"],"campfire_rested":0,"item_purchase_floors":[21,21,21],"current_hp_per_floor":[62,55,60,60,60,60,47,47,47,38,25,25,25,32,32,19,62,36,31,10,83,83,83,0],"gold":138,"neow_bonus":"HUNDRED_GOLD","is_prod":false,"is_daily":false,"chose_seed":false,"campfire_upgraded":5,"win_rate":0,"timestamp":1557953550,"path_taken":["M","?","?","?","M","R","M","R","T","M","E","R","M","?","R","BOSS","M","M","?","$","?","R","E"],"build_version":"2019-01-23","purchased_purges":1,"victory":false,"max_hp_per_floor":[71,71,76,76,76,76,76,76,76,76,76,76,76,76,76,76,76,76,76,76,83,83,83,83],"card_choices":[{"not_picked":["Conserve Battery","Turbo"],"picked":"Sunder","floor":1.0},{"not_picked":["Sunder","Chill"],"picked":"Gash","floor":4.0},{"not_picked":["Go for the Eyes","Rebound"],"picked":"Melter","floor":5.0},{"not_picked":["Streamline","Turbo"],"picked":"Leap","floor":7.0},{"not_picked":["Auto Shields","Heatsinks"],"picked":"Buffer","floor":10},{"not_picked":["Compile Driver","Sweeping Beam"],"picked":"Ball Lightning","floor":11},{"not_picked":["Cold Snap","Gash"],"picked":"Self Repair","floor":13},{"not_picked":["Electrodynamics","Compile Driver"],"picked":"Cold Snap","floor":14},{"not_picked":["Amplify","Seek"],"picked":"Electrodynamics","floor":16},{"not_picked":["Barrage","Steam Power"],"picked":"Conserve Battery","floor":18},{"not_picked":["Static Discharge","Stack"],"picked":"Hologram","floor":19}],"player_experience":1104858,"relics_obtained":[{"floor":9,"key":"Pantograph"},{"floor":11,"key":"Bag of Marbles"},{"floor":14,"key":"Centennial Puzzle"},{"floor":20,"key":"Nilry\u0027s Codex"}],"event_choices":[{"cards_removed":["Strike_B"],"damage_healed":0.0,"max_hp_gain":0.0,"max_hp_loss":0.0,"gold_gain":0.0,"event_name":"Golden Wing","player_choice":"Card Removal","floor":2.0,"gold_loss":0.0,"damage_taken":7.0},{"damage_healed":0.0,"max_hp_gain":5.0,"max_hp_loss":0.0,"gold_gain":0.0,"event_name":"Big Fish","player_choice":"Donut","floor":3.0,"gold_loss":0.0,"damage_taken":0.0},{"damage_healed":0,"gold_gain":0,"player_choice":"Searched \u00271\u0027 times","damage_taken":0,"max_hp_gain":0,"max_hp_loss":0,"event_name":"Dead Adventurer","floor":14,"gold_loss":0},{"damage_healed":0,"gold_gain":0,"player_choice":"Obtained Book","damage_taken":21,"max_hp_gain":0,"max_hp_loss":0,"event_name":"Cursed Tome","floor":20,"gold_loss":0},{"damage_healed":0,"gold_gain":0,"player_choice":"Opened","damage_taken":0,"relics_obtained":["Orichalcum"],"max_hp_gain":0,"max_hp_loss":0,"event_name":"The Mausoleum","floor":22,"gold_loss":0,"cards_obtained":["Writhe"]}],"is_beta":false,"boss_relics":[{"not_picked":["Cursed Key","Orrery"],"picked":"FrozenCore"}],"items_purged_floors":[21],"is_endless":false,"potions_floor_spawned":[4,7,10,13,19],"killed_by":"Slavers","ascension_level":15}