{"gold_per_floor":[111,29,43,43,62,93,93,93,93,110,126,126,126,157,157,157],"floor_reached":16,"playtime":774,"items_purged":[],"score":193,"play_id":"c94eed89-858f-440b-8317-eb647bb2bdf0","local_time":"20190717090909","is_ascension_mode":true,"campfire_choices":[{"data":"Predator","floor":8,"key":"SMITH"},{"floor":12,"key":"REST"},{"data":"Crippling Poison","floor":15,"key":"SMITH"}],"neow_cost":"NONE","seed_source_timestamp":559989423354888,"circlet_count":0,"master_deck":["AscendersBane","Strike_G","Strike_G","Strike_G","Strike_G","Defend_G","Defend_G","Defend_G","Defend_G","Survivor","Neutralize","Dagger Throw","Flechettes","Predator+1","Dodge and Roll","Backflip","Crippling Poison+1","Blur"],"relics":["Empty Cage","Tingsha","Ornamental Fan","Kunai"],"potions_floor_usage":[14,16],"damage_taken":[{"damage":2,"enemies":"2 Louse","floor":1,"turns":3},{"damage":0,"enemies":"Small Slimes","floor":3,"turns":3},{"damage":1,"enemies":"Cultist","floor":5,"turns":3},{"damage":20,"enemies":"Gremlin Nob","floor":6,"turns":4},{"damage":18,"enemies":"Large Slime","floor":10,"turns":6},{"damage":6,"enemies":"Exordium Wildlife","floor":11,"turns":4},{"damage":12,"enemies":"3 Sentries","floor":14,"turns":8},{"damage":28,"enemies":"Hexaghost","floor":16,"turns":11}],"seed_played":"-7773095291981733671","potions_obtained":[{"floor":6,"key":"Strength Potion"},{"floor":10,"key":"Strength Potion"}],"is_trial":false,"path_per_floor":["M","$","M","?","M","E","?","R","T","M","M","R","?","E","R","B"],"character_chosen":"THE_SILENT","items_purchased":["Flechettes"],"campfire_rested":1,"item_purchase_floors":[2],"current_hp_per_floor":[57,57,57,57,56,36,41,41,41,23,17,38,38,26,26,0],"gold":157,"neow_bonus":"BOSS_RELIC","is_prod":false,"is_daily":false,"chose_seed":false,"campfire_upgraded":2,"win_rate":0,"timestamp":1563350949,"path_taken":["M","$","M","?","M","E","?","R","T","M","M","R","?","E","R","BOSS"],"build_version":"2019-07-05","purchased_purges":0,"victory":false,"max_hp_per_floor":[66,66,66,66,66,66,71,71,71,71,71,71,71,71,71,71],"card_choices":[{"not_picked":["Quick Slash","Terror"],"picked":"Dagger Throw","floor":1},{"not_picked":["Tactician","Riddle With Holes"],"picked":"Predator","floor":3},{"not_picked":["Bane","Backstab"],"picked":"Dodge and Roll","floor":5},{"not_picked":["Finisher","Catalyst"],"picked":"Backflip","floor":6},{"not_picked":["Deadly Poison","Poisoned Stab"],"picked":"Crippling Poison","floor":10},{"not_picked":["Bane","Blade Dance","Outmaneuver"],"picked":"SKIP","floor":11},{"not_picked":["Flying Knee","Underhanded Strike","Distraction"],"picked":"SKIP","floor":14}],"player_experience":1181148,"relics_obtained":[{"floor":6,"key":"Tingsha"},{"floor":9,"key":"Ornamental Fan"},{"floor":14,"key":"Kunai"}],"event_choices":[{"damage_healed":0,"gold_gain":0,"player_choice":"Ignored","damage_taken":0,"max_hp_gain":0,"max_hp_loss":0,"event_name":"Liars Game","floor":4,"gold_loss":0},{"damage_healed":0,"gold_gain":0,"player_choice":"Donut","damage_taken":0,"max_hp_gain":5,"max_hp_loss":0,"event_name":"Big Fish","floor":7,"gold_loss":0},{"damage_healed":0,"gold_gain":0,"player_choice":"1 cards matched","damage_taken":0,"max_hp_gain":0,"max_hp_loss":0,"event_name":"Match and Keep!","floor":13,"gold_loss":0,"cards_obtained":["Blur"]}],"is_beta":false,"boss_relics":[],"items_purged_floors":[],"is_endless":false,"potions_floor_spawned":[6,10,11],"killed_by":"Hexaghost","ascension_level":15}