{"gold_per_floor":[112,131,281,281,281,281,281,281,281,281,314,24,39,39,39,39],"floor_reached":16,"playtime":253,"items_purged":["Strike_B"],"score":182,"play_id":"753cb6cb-63dd-4f3c-95d7-c9e923f2a667","local_time":"20190822171619","is_ascension_mode":true,"campfire_choices":[{"data":"Zap","floor":6,"key":"SMITH"},{"floor":8,"key":"REST"},{"data":"Go for the Eyes","floor":10,"key":"SMITH"},{"floor":15,"key":"REST"}],"neow_cost":"PERCENT_DAMAGE","seed_source_timestamp":735543666653400,"circlet_count":0,"master_deck":["AscendersBane","Strike_B","Strike_B","Strike_B","Defend_B","Defend_B","Defend_B","Defend_B","Zap+1","Dualcast","Go for the Eyes+1","Beam Cell","Injury","Cold Snap","Capacitor","Consume"],"relics":["Cracked Core","Du-Vu Doll","Golden Idol","Singing Bowl","Ornamental Fan","Matryoshka"],"potions_floor_usage":[16,16],"damage_taken":[{"damage":0,"enemies":"Cultist","floor":1,"turns":3},{"damage":7,"enemies":"Jaw Worm","floor":2,"turns":3},{"damage":32,"enemies":"Gremlin Nob","floor":11,"turns":4},{"damage":2,"enemies":"2 Louse","floor":13,"turns":3},{"damage":49,"enemies":"Slime Boss","floor":16,"turns":5}],"seed_played":"-4854136626397389261","potions_obtained":[{"floor":2,"key":"Dexterity Potion"}],"is_trial":false,"path_per_floor":["M","M","?","?","?","R","T","R","T","R","E","$","M","$","R","B"],"character_chosen":"DEFECT","items_purchased":["Capacitor","Consume","AttackPotion"],"campfire_rested":2,"item_purchase_floors":[12,12,12],"current_hp_per_floor":[46,39,39,39,32,32,32,53,53,53,21,21,21,21,42,0],"gold":39,"neow_bonus":"ONE_RARE_RELIC","is_prod":false,"is_daily":false,"chose_seed":false,"campfire_upgraded":2,"win_rate":0,"timestamp":1566486979,"path_taken":["M","M","?","?","?","R","?","R","T","R","E","$","?","?","R","BOSS"],"build_version":"2019-07-17","purchased_purges":1,"victory":false,"max_hp_per_floor":[71,71,71,71,71,71,71,71,71,71,71,71,73,73,73,73],"card_choices":[{"not_picked":["Redo","Consume"],"picked":"Go for the Eyes","floor":1},{"not_picked":["Rip and Tear","Hologram"],"picked":"Beam Cell","floor":2},{"not_picked":["Compile Driver","Rebound"],"picked":"Cold Snap","floor":11},{"not_picked":["Rebound","Rip and Tear","Go for the Eyes"],"picked":"Singing Bowl","floor":13}],"player_experience":1948472,"relics_obtained":[{"floor":7,"key":"Singing Bowl"},{"floor":9,"key":"Ornamental Fan"},{"floor":11,"key":"Matryoshka"}],"event_choices":[{"damage_healed":0,"gold_gain":150,"player_choice":"AGREE","damage_taken":0,"max_hp_gain":0,"max_hp_loss":0,"event_name":"Liars Game","floor":3,"gold_loss":0,"cards_obtained":["Doubt"]},{"damage_healed":0,"gold_gain":0,"player_choice":"Take Wound","damage_taken":0,"relics_obtained":["Golden Idol"],"max_hp_gain":0,"max_hp_loss":0,"event_name":"Golden Idol","floor":4,"gold_loss":0,"cards_obtained":["Injury"]},{"cards_removed":["Doubt"],"damage_healed":0,"gold_gain":0,"player_choice":"Card Removal","damage_taken":7,"max_hp_gain":0,"max_hp_loss":0,"event_name":"Golden Wing","floor":5,"gold_loss":0}],"is_beta":false,"boss_relics":[],"items_purged_floors":[12],"is_endless":false,"potions_floor_spawned":[2],"killed_by":"Slime Boss","ascension_level":18}