{"gold_per_floor":[110,110,110,110,9,34,45,45,45,77,93,120,132,148,148,226,226,242,242,242,256,272,307,307,307,307,12,12,70,12,27,27,27],"floor_reached":33,"playtime":1180,"items_purged":["Strike_R","Strike_R"],"score":635,"play_id":"1ab4a1cd-661b-4228-9334-3b30afec5fa9","local_time":"20190609035724","is_ascension_mode":true,"campfire_choices":[{"floor":8,"key":"REST"},{"data":"Whirlwind","floor":15,"key":"SMITH"},{"data":"Feel No Pain","floor":24,"key":"SMITH"},{"data":"Metallicize","floor":28,"key":"SMITH"},{"data":"Anger","floor":32,"key":"SMITH"}],"neow_cost":"NONE","seed_source_timestamp":169662678878400,"circlet_count":0,"master_deck":["AscendersBane","Strike_R","Strike_R","Strike_R+1","Defend_R","Defend_R","Defend_R","Defend_R+1","Bash","Anger+1","True Grit+1","Intimidate+1","Metallicize+1","Anger","Whirlwind+1","Double Tap+1","Feel No Pain+1","Pommel Strike","Offering+1","Shrug It Off+1","Double Tap+1","Sentinel+1","Burning Pact+1","Rage+1","True Grit+1","Seeing Red+1","Armaments+1"],"relics":["Burning Blood","NeowsBlessing","Boot","Toxic Egg 2","Paper Frog","Lantern","Regal Pillow","Red Skull","Eternal Feather","Mercury Hourglass","Gambling Chip","Dead Branch","Vajra","Tiny Chest"],"potions_floor_usage":[12,16,16,23],"damage_taken":[{"damage":0,"enemies":"Jaw Worm","floor":1,"turns":1},{"damage":0,"enemies":"3 Sentries","floor":6,"turns":1},{"damage":0,"enemies":"2 Louse","floor":7,"turns":1},{"damage":16,"enemies":"Lagavulin","floor":10,"turns":8},{"damage":0,"enemies":"Cultist","floor":11,"turns":3},{"damage":37,"enemies":"Gremlin Nob","floor":12,"turns":5},{"damage":0,"enemies":"Looter","floor":13,"turns":2},{"damage":0,"enemies":"2 Fungi Beasts","floor":14,"turns":1},{"damage":15,"enemies":"Hexaghost","floor":16,"turns":8},{"damage":6,"enemies":"Chosen","floor":18,"turns":4},{"damage":6,"enemies":"3 Byrds","floor":21,"turns":3},{"damage":6,"enemies":"3 Cultists","floor":22,"turns":3},{"damage":44,"enemies":"Book of Stabbing","floor":23,"turns":6},{"damage":6,"enemies":"Slavers","floor":29,"turns":4},{"damage":6,"enemies":"Snecko","floor":31,"turns":5},{"damage":73,"enemies":"Champ","floor":33,"turns":10}],"seed_played":"6935236943750155559","potions_obtained":[{"floor":1,"key":"Energy Potion"},{"floor":6,"key":"Energy Potion"},{"floor":13,"key":"SteroidPotion"},{"floor":16,"key":"Ancient Potion"},{"floor":21,"key":"Energy Potion"}],"is_trial":false,"path_per_floor":["M","?","T","?","$","E","M","R","T","E","M","E","M","M","R","B",null,"M","?","?","M","M","E","R","?","T","$","R","E","$","M","R","B"],"character_chosen":"IRONCLAD","items_purchased":["True Grit+1","Vajra","True Grit+1","Armaments+1"],"campfire_rested":1,"item_purchase_floors":[5,27,27,30],"current_hp_per_floor":[74,39,39,16,16,22,28,50,50,40,46,15,21,27,27,18,61,61,61,61,61,61,23,38,38,38,38,53,53,53,53,68,0],"gold":27,"neow_bonus":"THREE_ENEMY_KILL","is_prod":false,"is_daily":false,"chose_seed":false,"campfire_upgraded":4,"win_rate":0,"timestamp":1560045444,"path_taken":["M","?","?","?","$","E","?","R","T","E","M","E","M","?","R","BOSS","M","?","?","?","?","E","R","?","T","?","R","E","$","?","R","BOSS"],"build_version":"2019-01-23","purchased_purges":2,"victory":false,"max_hp_per_floor":[75,75,75,75,75,75,75,75,75,75,75,75,75,75,75,75,75,75,75,75,75,75,75,75,75,75,75,75,75,75,75,75,75],"card_choices":[{"not_picked":["Rage","Clothesline"],"picked":"Anger","floor":1},{"not_picked":["Wild Strike","Dark Embrace"],"picked":"Intimidate+1","floor":6},{"not_picked":["Havoc+1","Pommel Strike"],"picked":"Metallicize","floor":7},{"not_picked":["Warcry+1","Evolve"],"picked":"Anger","floor":10},{"not_picked":["Cleave","Anger"],"picked":"Whirlwind","floor":11},{"not_picked":["Clash","Flame Barrier+1"],"picked":"Double Tap+1","floor":12},{"not_picked":["Thunderclap","Entrench+1"],"picked":"Feel No Pain","floor":13},{"not_picked":["Wild Strike","Clash"],"picked":"Pommel Strike","floor":14},{"not_picked":["Dark Embrace","Berserk"],"picked":"Offering+1","floor":16},{"not_picked":["Sword Boomerang","Wild Strike"],"picked":"Shrug It Off+1","floor":18},{"not_picked":["Shrug It Off+1","Thunderclap"],"picked":"Sentinel+1","floor":21},{"not_picked":["Body Slam","Pommel Strike"],"picked":"Burning Pact+1","floor":22},{"not_picked":["Anger","Body Slam"],"picked":"Rage+1","floor":23},{"not_picked":["Double Tap+1","Disarm+1"],"picked":"Seeing Red+1","floor":29},{"not_picked":["Hemokinesis","Pommel Strike","Warcry+1"],"picked":"SKIP","floor":31}],"player_experience":1245858,"relics_obtained":[{"floor":3,"key":"Toxic Egg 2"},{"floor":6,"key":"Paper Frog"},{"floor":9,"key":"Lantern"},{"floor":10,"key":"Regal Pillow"},{"floor":12,"key":"Red Skull"},{"floor":23,"key":"Mercury Hourglass"},{"floor":26,"key":"Dead Branch"},{"floor":29,"key":"Tiny Chest"}],"event_choices":[{"damage_healed":0,"gold_gain":0,"player_choice":"Success","damage_taken":35,"relics_obtained":["Boot"],"max_hp_gain":0,"max_hp_loss":0,"event_name":"Scrap Ooze","floor":2,"gold_loss":0},{"damage_healed":0,"gold_gain":0,"player_choice":"Entered Light","damage_taken":23,"max_hp_gain":0,"max_hp_loss":0,"event_name":"Shining Light","floor":4,"gold_loss":0,"cards_upgraded":["Strike_R","Defend_R"]},{"damage_healed":0,"gold_gain":0,"player_choice":"Ignored","damage_taken":0,"max_hp_gain":0,"max_hp_loss":0,"event_name":"Vampires","floor":19,"gold_loss":0},{"damage_healed":0,"gold_gain":0,"player_choice":"Copied","damage_taken":0,"max_hp_gain":0,"max_hp_loss":0,"event_name":"Duplicator","floor":20,"gold_loss":0,"cards_obtained":["Double Tap"]},{"damage_healed":0,"gold_gain":0,"player_choice":"Gave Potion","damage_taken":0,"relics_obtained":["Gambling Chip"],"max_hp_gain":0,"max_hp_loss":0,"event_name":"WeMeetAgain","floor":25,"gold_loss":0}],"is_beta":false,"boss_relics":[{"not_picked":["Fusion Hammer","Philosopher\u0027s Stone"],"picked":"Eternal Feather"}],"items_purged_floors":[5,27],"is_endless":false,"potions_floor_spawned":[1,6,13,16,21,22],"killed_by":"Champ","ascension_level":16}