{"gold_per_floor":[114,125,50,50,50,78,89,114,114,114,127,127,139,152,152,254,254,267,277,107,124,139,172,187,187,187,187,187,286,315,71,71,175,175,193,17,33,45,63,63,81,81,105,105,122,152,152,152,152,152],"floor_reached":50,"playtime":3232,"items_purged":["Strike_R","Strike_R","Shame"],"score":549,"play_id":"a4cfa063-a4ac-4aae-9fb1-cf3a3c67ab3e","local_time":"20190707231727","is_ascension_mode":false,"campfire_choices":[{"floor":10,"key":"REST"},{"data":"Spot Weakness","floor":15,"key":"SMITH"},{"data":"Demon Form","floor":25,"key":"SMITH"},{"data":"Heavy Blade","floor":28,"key":"SMITH"},{"floor":32,"key":"REST"},{"data":"Pummel","floor":40,"key":"SMITH"},{"data":"Pummel","floor":42,"key":"SMITH"},{"floor":44,"key":"RECALL"},{"data":"Inflame","floor":49,"key":"SMITH"}],"neow_cost":"PERCENT_DAMAGE","seed_source_timestamp":954691566423303,"circlet_count":0,"master_deck":["Defend_R+1","Defend_R","Defend_R+1","Defend_R","Bash","Anger","Spot Weakness+1","Ghostly Armor","Immolate","Heavy Blade+1","Corruption","Demon Form+1","Pommel Strike+1","Pummel+1","Evolve+1","Warcry+1","Pummel+1","Thunderclap","Offering+1","Metallicize","Impervious+1","Exhume+1","Impervious+1","Inflame+1","Shrug It Off+1","Pummel+1","Shockwave+1","True Grit+1","Limit Break+1","Headbutt"],"relics":["Burning Blood","Bag of Marbles","Bird Faced Urn","Toxic Egg 2","Mark of Pain","Calipers","Dodecahedron","FossilizedHelix","Astrolabe","Kunai"],"potions_floor_usage":[7,16,16,18,19,21,30,37,46,50],"damage_taken":[{"damage":2,"enemies":"2 Louse","floor":1,"turns":3},{"damage":6,"enemies":"Jaw Worm","floor":2,"turns":3},{"damage":44,"enemies":"3 Sentries","floor":6,"turns":11},{"damage":4,"enemies":"Small Slimes","floor":7,"turns":4},{"damage":40,"enemies":"Lagavulin","floor":8,"turns":8},{"damage":4,"enemies":"Exordium Wildlife","floor":11,"turns":3},{"damage":0,"enemies":"Gremlin Gang","floor":13,"turns":1},{"damage":0,"enemies":"3 Louse","floor":14,"turns":2},{"damage":49,"enemies":"The Guardian","floor":16,"turns":11},{"damage":7,"enemies":"3 Byrds","floor":18,"turns":3},{"damage":14,"enemies":"2 Thieves","floor":19,"turns":3},{"damage":22,"enemies":"Snecko","floor":21,"turns":4},{"damage":4,"enemies":"Centurion and Healer","floor":22,"turns":6},{"damage":43,"enemies":"Book of Stabbing","floor":23,"turns":4},{"damage":27,"enemies":"Snake Plant","floor":24,"turns":3},{"damage":23,"enemies":"Slavers","floor":30,"turns":4},{"damage":29,"enemies":"Champ","floor":33,"turns":6},{"damage":0,"enemies":"3 Shapes","floor":35,"turns":4},{"damage":0,"enemies":"3 Darklings","floor":37,"turns":2},{"damage":43,"enemies":"Jaw Worm Horde","floor":38,"turns":4},{"damage":9,"enemies":"Writhing Mass","floor":39,"turns":6},{"damage":6,"enemies":"Spire Growth","floor":41,"turns":3},{"damage":0,"enemies":"Jaw Worm Horde","floor":45,"turns":3},{"damage":59,"enemies":"Reptomancer","floor":46,"turns":6},{"damage":91,"enemies":"Time Eater","floor":50,"turns":8}],"seed_played":"6061608520496732465","potions_obtained":[{"floor":2,"key":"BloodPotion"},{"floor":11,"key":"SpeedPotion"},{"floor":13,"key":"GamblersBrew"},{"floor":16,"key":"GamblersBrew"},{"floor":18,"key":"PowerPotion"},{"floor":19,"key":"PowerPotion"},{"floor":22,"key":"SpeedPotion"},{"floor":30,"key":"Swift Potion"},{"floor":38,"key":"Weak Potion"},{"floor":48,"key":"Fire Potion"},{"floor":48,"key":"Strength Potion"},{"floor":48,"key":"SmokeBomb"}],"is_trial":false,"path_per_floor":["M","M","$","?","?","E","M","E","T","R","M","?","M","M","R","B",null,"M","M","$","M","M","E","M","R","T","?","R","?","E","$","R","B",null,"M","$","M","M","M","R","M","R","T","R","M","E","?","?","R","B"],"character_chosen":"IRONCLAD","items_purchased":["Pummel","Offering+1","Metallicize","Shrug It Off+1"],"campfire_rested":2,"item_purchase_floors":[20,31,31,36],"current_hp_per_floor":[76,76,76,76,76,38,64,30,30,58,60,41,47,53,53,10,96,95,88,88,76,82,51,30,30,30,30,30,30,13,13,41,24,96,96,96,96,59,66,66,70,70,70,70,80,31,84,84,84,0],"gold":152,"neow_bonus":"TWENTY_PERCENT_HP_BONUS","is_prod":false,"is_daily":false,"chose_seed":false,"campfire_upgraded":6,"win_rate":0,"timestamp":1562555847,"path_taken":["M","M","$","?","?","E","M","E","T","R","M","?","M","M","R","BOSS","M","M","$","M","M","E","M","R","T","?","R","?","E","?","R","BOSS","M","$","M","M","M","R","M","R","T","R","?","E","?","?","R","BOSS"],"build_version":"2019-07-05","purchased_purges":3,"victory":false,"max_hp_per_floor":[96,96,96,96,96,96,96,96,96,96,96,96,96,96,96,96,96,96,96,96,96,96,96,96,96,96,96,96,96,96,96,96,96,96,96,96,96,96,96,96,96,96,96,96,96,96,84,84,84,84],"card_choices":[{"not_picked":["Warcry","Body Slam"],"picked":"Anger","floor":1},{"not_picked":["Headbutt","Body Slam","Flex"],"picked":"SKIP","floor":2},{"not_picked":["Limit Break","True Grit"],"picked":"Spot Weakness","floor":6},{"not_picked":["Body Slam","Sever Soul"],"picked":"Ghostly Armor","floor":7},{"not_picked":["Armaments","Blood for Blood"],"picked":"Immolate","floor":8},{"not_picked":["Ghostly Armor+1","Bloodletting+1"],"picked":"Heavy Blade","floor":11},{"not_picked":["Dual Wield+1","Clothesline"],"picked":"Corruption","floor":13},{"not_picked":["Flex+1","Wild Strike","Rage+1"],"picked":"SKIP","floor":14},{"not_picked":["Exhume+1","Immolate"],"picked":"Demon Form","floor":16},{"not_picked":["Clash","Havoc+1","Combust+1"],"picked":"SKIP","floor":18},{"not_picked":["Perfected Strike","Second Wind+1"],"picked":"Pommel Strike+1","floor":19},{"not_picked":["Carnage","Rage+1"],"picked":"Evolve+1","floor":21},{"not_picked":["Body Slam","Power Through+1"],"picked":"Warcry+1","floor":22},{"not_picked":["Corruption","Headbutt+1"],"picked":"Pummel","floor":23},{"not_picked":["Anger","Evolve"],"picked":"Thunderclap","floor":24},{"not_picked":["Iron Wave","Twin Strike","Dropkick"],"picked":"SKIP","floor":30},{"not_picked":["Immolate","Feed"],"picked":"Impervious+1","floor":33},{"not_picked":["Whirlwind+1","Sword Boomerang"],"picked":"Inflame","floor":35},{"not_picked":["Corruption+1","True Grit+1"],"picked":"Pummel+1","floor":37},{"not_picked":["Sever Soul+1","Sword Boomerang"],"picked":"Shockwave+1","floor":38},{"not_picked":["Wild Strike","Thunderclap"],"picked":"True Grit+1","floor":39},{"not_picked":["Body Slam","Armaments+1"],"picked":"Limit Break+1","floor":41},{"not_picked":["Pommel Strike+1","Combust"],"picked":"Headbutt","floor":45},{"not_picked":["Power Through+1","Bludgeon","Barricade"],"picked":"SKIP","floor":46}],"player_experience":265928,"relics_obtained":[{"floor":6,"key":"Bag of Marbles"},{"floor":8,"key":"Bird Faced Urn"},{"floor":9,"key":"Toxic Egg 2"},{"floor":23,"key":"Calipers"},{"floor":26,"key":"Dodecahedron"},{"floor":30,"key":"FossilizedHelix"},{"floor":46,"key":"Kunai"}],"event_choices":[{"cards_removed":["Strike_R"],"damage_healed":0,"gold_gain":0,"player_choice":"Forget","damage_taken":0,"max_hp_gain":0,"max_hp_loss":0,"event_name":"Living Wall","floor":4,"gold_loss":0},{"damage_healed":0,"gold_gain":0,"player_choice":"Ignored","damage_taken":0,"max_hp_gain":0,"max_hp_loss":0,"event_name":"Liars Game","floor":5,"gold_loss":0},{"damage_healed":0,"gold_gain":0,"player_choice":"Entered Light","damage_taken":19,"max_hp_gain":0,"max_hp_loss":0,"event_name":"Shining Light","floor":12,"gold_loss":0,"cards_upgraded":["Defend_R","Defend_R"]},{"damage_healed":0,"gold_gain":0,"player_choice":"Smashed Altar","damage_taken":0,"max_hp_gain":0,"max_hp_loss":0,"event_name":"Forgotten Altar","floor":27,"gold_loss":0,"cards_obtained":["Decay"]},{"damage_healed":0,"gold_gain":99,"player_choice":"Stole From Cult","damage_taken":0,"max_hp_gain":0,"max_hp_loss":0,"event_name":"Nest","floor":29,"gold_loss":0},{"damage_healed":84,"gold_gain":0,"player_choice":"Heal","damage_taken":0,"max_hp_gain":0,"max_hp_loss":12,"event_name":"The Moai Head","floor":47,"gold_loss":0},{"damage_healed":0,"gold_gain":0,"player_choice":"Got Potions","damage_taken":0,"max_hp_gain":0,"max_hp_loss":0,"event_name":"Lab","floor":48,"gold_loss":0}],"is_beta":false,"boss_relics":[{"not_picked":["Black Blood","Runic Dome"],"picked":"Mark of Pain"},{"not_picked":["White Beast Statue","Black Star"],"picked":"Astrolabe"}],"items_purged_floors":[3,20,36],"is_endless":false,"potions_floor_spawned":[2,11,13,16,18,19,22,30,38],"killed_by":"Time Eater","ascension_level":0}