{"gold_per_floor":[18,33,33,58,58,58,73,73,148,182,137,137,5,21,21,21],"floor_reached":16,"playtime":423,"items_purged":["Injury"],"score":185,"play_id":"7677c8ee-cc8d-477e-89b2-0b9e2d128162","local_time":"20190719002749","is_ascension_mode":true,"campfire_choices":[{"data":"Barricade","floor":6,"key":"SMITH"},{"data":"Bash","floor":8,"key":"SMITH"},{"floor":12,"key":"REST"},{"data":"Demon Form","floor":15,"key":"SMITH"}],"neow_cost":"NO_GOLD","seed_source_timestamp":532079377427300,"circlet_count":0,"master_deck":["AscendersBane","Strike_R","Strike_R","Strike_R","Strike_R","Strike_R","Defend_R","Defend_R+1","Defend_R","Defend_R+1","Bash+1","Barricade+1","Body Slam","Body Slam","Flex","Reckless Charge","Demon Form+1","Iron Wave"],"relics":["Burning Blood","Golden Idol","War Paint","Blue Candle","Blood Vial"],"potions_floor_usage":[10,10,16,16],"damage_taken":[{"damage":22,"enemies":"Small Slimes","floor":1,"turns":5},{"damage":7,"enemies":"Jaw Worm","floor":2,"turns":4},{"damage":14,"enemies":"2 Louse","floor":4,"turns":3},{"damage":15,"enemies":"Looter","floor":7,"turns":4},{"damage":26,"enemies":"Lagavulin","floor":10,"turns":10},{"damage":8,"enemies":"Blue Slaver","floor":14,"turns":3},{"damage":36,"enemies":"Hexaghost","floor":16,"turns":9}],"seed_played":"8293245682448863833","potions_obtained":[{"floor":1,"key":"SpeedPotion"},{"floor":7,"key":"Swift Potion"},{"floor":14,"key":"LiquidBronze"}],"is_trial":false,"path_per_floor":["M","M","?","M","?","R","M","R","T","E","?","R","$","M","R","B"],"character_chosen":"IRONCLAD","items_purchased":["Dexterity Potion"],"campfire_rested":1,"item_purchase_floors":[13],"current_hp_per_floor":[52,51,51,43,38,38,29,29,29,9,9,31,31,31,31,0],"gold":21,"neow_bonus":"THREE_RARE_CARDS","is_prod":false,"is_daily":false,"chose_seed":false,"campfire_upgraded":3,"win_rate":0,"timestamp":1563488869,"path_taken":["M","M","?","M","?","R","M","R","T","E","?","R","?","?","R","BOSS"],"build_version":"2019-07-17","purchased_purges":1,"victory":false,"max_hp_per_floor":[75,75,75,75,75,75,75,75,75,75,75,75,75,75,75,75],"card_choices":[{"not_picked":["Fiend Fire","Brutality"],"picked":"Barricade","floor":0},{"not_picked":["Dual Wield","Perfected Strike"],"picked":"Body Slam","floor":1},{"not_picked":["Cleave","Heavy Blade"],"picked":"Body Slam","floor":2},{"not_picked":["Infernal Blade","Dropkick"],"picked":"Flex","floor":4},{"not_picked":["Burning Pact","Carnage"],"picked":"Reckless Charge","floor":7},{"not_picked":["Twin Strike","Perfected Strike"],"picked":"Demon Form","floor":10},{"not_picked":["Pommel Strike","Clash"],"picked":"Iron Wave","floor":14}],"player_experience":1685936,"relics_obtained":[{"floor":9,"key":"Blue Candle"},{"floor":10,"key":"Blood Vial"}],"event_choices":[{"damage_healed":0,"gold_gain":0,"player_choice":"Take Wound","damage_taken":0,"relics_obtained":["Golden Idol"],"max_hp_gain":0,"max_hp_loss":0,"event_name":"Golden Idol","floor":3,"gold_loss":0,"cards_obtained":["Injury"]},{"damage_healed":0,"gold_gain":0,"player_choice":"Success","damage_taken":5,"relics_obtained":["War Paint"],"max_hp_gain":0,"max_hp_loss":0,"event_name":"Scrap Ooze","floor":5,"gold_loss":0},{"damage_healed":0,"gold_gain":0,"player_choice":"Left Gold","damage_taken":0,"max_hp_gain":0,"max_hp_loss":0,"event_name":"World of Goop","floor":11,"gold_loss":45}],"is_beta":false,"boss_relics":[],"items_purged_floors":[13],"is_endless":false,"potions_floor_spawned":[1,7,14],"killed_by":"Hexaghost","ascension_level":17}