{"gold_per_floor":[360,380,392,140,158,158,177,177,223,250,250,261,279,309,309,309],"floor_reached":16,"playtime":982,"items_purged":[],"score":114,"play_id":"e79ed9d3-dacc-496f-bd9d-94f737b843e2","local_time":"20190527014906","is_ascension_mode":false,"campfire_choices":[{"data":"Seeing Red","floor":6,"key":"SMITH"},{"data":"Armaments","floor":8,"key":"SMITH"},{"floor":11,"key":"REST"},{"floor":15,"key":"REST"}],"neow_cost":"TEN_PERCENT_HP_LOSS","seed_source_timestamp":203257847381265,"circlet_count":0,"master_deck":["Strike_R","Strike_R","Strike_R","Strike_R","Strike_R","Defend_R","Defend_R","Defend_R","Defend_R","Bash","Combust","Armaments+1","Seeing Red+1","Carnage","Offering","Bloodletting"],"relics":["Burning Blood","Bottled Lightning","Orichalcum","Bottled Tornado","Boot"],"potions_floor_usage":[10,13,14,16],"damage_taken":[{"damage":7,"enemies":"2 Louse","floor":1,"turns":2},{"damage":9,"enemies":"Small Slimes","floor":2,"turns":3},{"damage":8,"enemies":"Jaw Worm","floor":3,"turns":5},{"damage":23,"enemies":"Red Slaver","floor":5,"turns":3},{"damage":4,"enemies":"2 Fungi Beasts","floor":7,"turns":5},{"damage":26,"enemies":"Gremlin Nob","floor":10,"turns":4},{"damage":9,"enemies":"Blue Slaver","floor":12,"turns":2},{"damage":8,"enemies":"Exordium Thugs","floor":13,"turns":3},{"damage":16,"enemies":"3 Sentries","floor":14,"turns":4},{"damage":59,"enemies":"The Guardian","floor":16,"turns":8}],"seed_played":"-7357044538213166238","potions_obtained":[{"floor":1,"key":"LiquidBronze"},{"floor":10,"key":"SkillPotion"},{"floor":12,"key":"LiquidBronze"},{"floor":14,"key":"SteroidPotion"}],"is_trial":false,"path_per_floor":["M","M","M","$","M","R","M","R","T","E","R","M","M","E","R","B"],"character_chosen":"IRONCLAD","items_purchased":["Bottled Lightning"],"campfire_rested":2,"item_purchase_floors":[4],"current_hp_per_floor":[71,68,66,66,49,49,51,51,51,31,52,49,47,37,58,0],"gold":309,"neow_bonus":"TWO_FIFTY_GOLD","is_prod":false,"is_daily":false,"chose_seed":false,"campfire_upgraded":2,"win_rate":0.0,"timestamp":1558936146,"path_taken":["M","M","M","$","M","R","M","R","T","E","R","M","M","E","R","BOSS"],"build_version":"2019-01-23","purchased_purges":0,"victory":false,"max_hp_per_floor":[72,72,72,72,72,72,72,72,72,72,72,72,72,72,72,72],"card_choices":[{"not_picked":["Spot Weakness","Twin Strike"],"picked":"Combust","floor":1},{"not_picked":["Rage","Pommel Strike"],"picked":"Armaments","floor":2},{"not_picked":["Rupture","Cleave"],"picked":"Seeing Red","floor":3},{"not_picked":["Reckless Charge","Flex","Intimidate"],"picked":"SKIP","floor":5},{"not_picked":["Pummel","Body Slam"],"picked":"Carnage","floor":7},{"not_picked":["Flex","Cleave"],"picked":"Offering","floor":10},{"not_picked":["Flex","Corruption"],"picked":"Bloodletting","floor":12},{"not_picked":["Thunderclap","Feel No Pain","Sword Boomerang"],"picked":"SKIP","floor":13},{"not_picked":["Pommel Strike","Shrug It Off","Sword Boomerang"],"picked":"SKIP","floor":14}],"player_experience":30078,"relics_obtained":[{"floor":9,"key":"Orichalcum"},{"floor":10,"key":"Bottled Tornado"},{"floor":14,"key":"Boot"}],"event_choices":[],"is_beta":false,"boss_relics":[],"items_purged_floors":[],"is_endless":false,"potions_floor_spawned":[1,10,12,14],"killed_by":"The Guardian","ascension_level":0}