{"gold_per_floor":[114,114,127,139,139,139,158,158],"floor_reached":8,"playtime":390,"items_purged":[],"score":94,"play_id":"bd67d5d9-18df-41ce-9e6c-e69b9e8a36a0","local_time":"20190814001548","is_ascension_mode":true,"campfire_choices":[{"floor":6,"key":"REST"}],"neow_cost":"NONE","seed_source_timestamp":976928883851000,"circlet_count":0,"master_deck":["AscendersBane","Strike_G","Strike_G","Strike_G","Strike_G","Strike_G","Defend_G","Defend_G","Defend_G","Defend_G","Defend_G","Survivor","Neutralize+1","Finisher","Cloak And Dagger","Escape Plan","Quick Slash"],"relics":["Ring of the Snake","Bronze Scales","Singing Bowl"],"potions_floor_usage":[4],"damage_taken":[{"damage":18,"enemies":"Jaw Worm","floor":1,"turns":8},{"damage":0,"enemies":"Cultist","floor":3,"turns":3},{"damage":6,"enemies":"Small Slimes","floor":4,"turns":2},{"damage":35,"enemies":"Exordium Wildlife","floor":7,"turns":5},{"damage":27,"enemies":"Lagavulin","floor":8,"turns":7}],"seed_played":"-6930452473498576594","potions_obtained":[{"floor":1,"key":"AttackPotion"}],"is_trial":false,"path_per_floor":["M","?","M","M","?","R","M","E"],"character_chosen":"THE_SILENT","items_purchased":[],"campfire_rested":1,"item_purchase_floors":[],"current_hp_per_floor":[41,41,41,35,30,49,14,0],"gold":158,"neow_bonus":"RANDOM_COMMON_RELIC","is_prod":false,"is_daily":false,"chose_seed":false,"campfire_upgraded":0,"win_rate":0,"timestamp":1565734548,"path_taken":["M","?","M","?","?","R","M","E"],"build_version":"2019-07-17","purchased_purges":0,"victory":false,"max_hp_per_floor":[66,66,66,66,66,66,66,66],"card_choices":[{"not_picked":["Reflex","Acrobatics"],"picked":"Finisher","floor":1},{"not_picked":["Slice","Underhanded Strike"],"picked":"Cloak And Dagger","floor":3},{"not_picked":["Dagger Spray","Dodge and Roll"],"picked":"Escape Plan","floor":4},{"not_picked":["Outmaneuver","Dagger Throw"],"picked":"Quick Slash","floor":7}],"player_experience":1878280,"relics_obtained":[],"event_choices":[{"damage_healed":0,"gold_gain":0,"player_choice":"Forge","damage_taken":0,"max_hp_gain":0,"max_hp_loss":0,"event_name":"Accursed Blacksmith","floor":2,"gold_loss":0,"cards_upgraded":["Neutralize"]},{"damage_healed":0,"gold_gain":0,"player_choice":"Success","damage_taken":5,"relics_obtained":["Singing Bowl"],"max_hp_gain":0,"max_hp_loss":0,"event_name":"Scrap Ooze","floor":5,"gold_loss":0}],"is_beta":false,"boss_relics":[],"items_purged_floors":[],"is_endless":false,"potions_floor_spawned":[1],"killed_by":"Lagavulin","ascension_level":19}