{"gold_per_floor":[117,17,32,50,50,50,78,90,178,202,246,258,270,16,16,87,137,151,4,15,15],"floor_reached":21,"playtime":671,"items_purged":["Strike_R"],"score":369,"play_id":"9a7dfde9-051c-4145-bf05-85e4a9359c79","local_time":"20181019202829","is_ascension_mode":true,"campfire_choices":[{"data":"Burning Pact","floor":6.0,"key":"SMITH"},{"floor":8.0,"key":"REST"},{"floor":12.0,"key":"REST"},{"data":"Limit Break","floor":15.0,"key":"SMITH"}],"neow_cost":"NONE","seed_source_timestamp":352132753517918,"circlet_count":0,"master_deck":["Strike_R","Strike_R","Strike_R","Strike_R","Defend_R","Defend_R","Defend_R","Defend_R","Bash+1","AscendersBane","Shrug It Off","Evolve","Twin Strike+1","Sentinel","Burning Pact+1","Twin Strike","Pommel Strike","Cleave","Inflame","Limit Break+1","Feed","Body Slam","Iron Wave+1","Feel No Pain","True Grit","Metallicize","Twin Strike"],"special_seed":0,"relics":["Burning Blood","NeowsBlessing","MawBank","The Courier","Sundial","Tiny House"],"potions_floor_usage":[21],"damage_taken":[{"damage":0.0,"enemies":"Cultist","floor":1.0,"turns":1.0},{"damage":0.0,"enemies":"2 Louse","floor":3.0,"turns":1.0},{"damage":0.0,"enemies":"Small Slimes","floor":4.0,"turns":1.0},{"damage":59.0,"enemies":"Gremlin Nob","floor":7.0,"turns":5.0},{"damage":14.0,"enemies":"Looter","floor":10.0,"turns":3.0},{"damage":24.0,"enemies":"3 Sentries","floor":11.0,"turns":11.0},{"damage":0.0,"enemies":"Large Slime","floor":13.0,"turns":1.0},{"damage":43.0,"enemies":"The Guardian","floor":16.0,"turns":10.0},{"damage":36.0,"enemies":"Chosen","floor":18.0,"turns":7.0},{"damage":26,"enemies":"2 Thieves","floor":20,"turns":4},{"damage":17,"enemies":"Snake Plant","floor":21,"turns":2}],"seed_played":"5696840086109202255","potions_obtained":[{"floor":4.0,"key":"SmokeBomb"},{"floor":10.0,"key":"GamblersBrew"},{"floor":17.0,"key":"Block Potion"},{"floor":20,"key":"Fire Potion"}],"is_trial":false,"path_per_floor":["M","$","M","M","?","R","E","R","T","M","E","R","M","$","R","B",null,"M","$","M"],"character_chosen":"IRONCLAD","items_purchased":["Evolve","Twin Strike","Inflame","Limit Break","Feel No Pain","True Grit","Metallicize"],"campfire_rested":2,"item_purchase_floors":[2,2,14,14,19,19,19],"current_hp_per_floor":[74,74,75,75,75,75,22,44,44,36,18,40,46,46,46,9,64,34,34,17,0],"gold":15,"neow_bonus":"THREE_ENEMY_KILL","is_prod":false,"is_daily":false,"chose_seed":false,"campfire_upgraded":2,"win_rate":0,"timestamp":1539973709,"path_taken":["M","$","M","?","?","R","E","R","T","M","E","R","?","$","R","BOSS","M","$","M","M"],"build_version":"2018-10-18","purchased_purges":1,"victory":false,"max_hp_per_floor":[75,75,75,75,75,75,75,75,75,75,75,75,75,75,75,75,80,80,80,83,83],"card_choices":[{"not_picked":["Clothesline","Twin Strike"],"picked":"Shrug It Off","floor":1.0},{"not_picked":["Flame Barrier","Cleave"],"picked":"Sentinel","floor":3.0},{"not_picked":["Anger","Clothesline"],"picked":"Burning Pact","floor":4.0},{"not_picked":["Exhume","Rage"],"picked":"Twin Strike","floor":7.0},{"not_picked":["Twin Strike","Sword Boomerang"],"picked":"Pommel Strike","floor":10.0},{"not_picked":["Rupture","Fire Breathing"],"picked":"Cleave","floor":11.0},{"not_picked":["Exhume","Impervious"],"picked":"Feed","floor":16.0},{"not_picked":["Heavy Blade","Cleave"],"picked":"Body Slam","floor":17.0},{"not_picked":["Reckless Charge+1","Shockwave"],"picked":"Iron Wave+1","floor":18.0},{"not_picked":["Perfected Strike","Cleave+1"],"picked":"Twin Strike","floor":20}],"player_experience":452577,"relics_obtained":[{"floor":7.0,"key":"MawBank"},{"floor":9.0,"key":"The Courier"},{"floor":11.0,"key":"Sundial"}],"event_choices":[{"damage_healed":0.0,"max_hp_gain":0.0,"max_hp_loss":0.0,"gold_gain":0.0,"event_name":"Living Wall","player_choice":"Grow","floor":5.0,"gold_loss":0.0,"damage_taken":0.0,"cards_upgraded":["Bash"]}],"is_beta":false,"boss_relics":[{"not_picked":["Philosopher\u0027s Stone","Black Star"],"picked":"Tiny House"}],"items_purged_floors":[14],"is_endless":false,"potions_floor_spawned":[4,10,11,13,20],"killed_by":"Snake Plant","ascension_level":19}