{"gold_per_floor":[115,115,131,143,9,9,36,36,60,60,72,103,128,128,128,204,204,221,201,220,320,8,8],"floor_reached":23,"playtime":825,"items_purged":["Defend_R","Defend_R"],"score":355,"play_id":"6fcb0b47-a5b8-491d-8b85-cc0243c39e92","local_time":"20190520010055","is_ascension_mode":true,"campfire_choices":[{"data":"Perfected Strike","floor":6.0,"key":"SMITH"},{"data":"Armaments","floor":8.0,"key":"SMITH"},{"data":"Flex","floor":10.0,"key":"SMITH"},{"floor":15.0,"key":"REST"}],"neow_cost":"NONE","seed_source_timestamp":524603956645900,"circlet_count":0,"master_deck":["AscendersBane","Strike_R","Strike_R","Strike_R","Strike_R","Strike_R","Defend_R","Defend_R","Bash+1","Perfected Strike+1","Warcry","Headbutt","Flex+1","Armaments+1","Twin Strike","Dual Wield","Iron Wave","Double Tap","Flex","Pommel Strike","Havoc","Heavy Blade","Wild Strike"],"special_seed":0,"relics":["Burning Blood","Boot","Regal Pillow","Mercury Hourglass","Odd Mushroom","Prayer Wheel","Mark of Pain","Peace Pipe","Darkstone Periapt","Orichalcum"],"potions_floor_usage":[21,21,23],"damage_taken":[{"damage":18.0,"enemies":"Jaw Worm","floor":1.0,"turns":4.0},{"damage":1.0,"enemies":"Cultist","floor":3.0,"turns":4.0},{"damage":12.0,"enemies":"Small Slimes","floor":4.0,"turns":3.0},{"damage":16.0,"enemies":"Gremlin Nob","floor":7.0,"turns":3.0},{"damage":2.0,"enemies":"2 Fungi Beasts","floor":11.0,"turns":3.0},{"damage":17.0,"enemies":"3 Sentries","floor":12.0,"turns":8.0},{"damage":22.0,"enemies":"The Mushroom Lair","floor":13.0,"turns":3.0},{"damage":37.0,"enemies":"The Guardian","floor":16.0,"turns":12.0},{"damage":26.0,"enemies":"Shell Parasite","floor":18.0,"turns":5.0},{"damage":12,"enemies":"Chosen","floor":20,"turns":2},{"damage":13,"enemies":"Colosseum Slavers","floor":21,"turns":4},{"damage":32,"enemies":"Colosseum Nobs","floor":21,"turns":4},{"damage":12,"enemies":"Snecko","floor":23,"turns":3}],"seed_played":"3923377516019570811","potions_obtained":[{"floor":1.0,"key":"SteroidPotion"},{"floor":13.0,"key":"Dexterity Potion"},{"floor":19,"key":"Fire Potion"},{"floor":20,"key":"Swift Potion"},{"floor":21,"key":"Explosive Potion"}],"is_trial":false,"path_per_floor":["M","?","M","M","$","R","E","R","T","R","M","E","?","?","R","B",null,"M","?","M","?","$","M"],"character_chosen":"IRONCLAD","items_purchased":["Flex","Orichalcum","Block Potion"],"campfire_rested":1,"item_purchase_floors":[5,22,22],"current_hp_per_floor":[63,63,68,62,62,62,52,52,52,52,56,45,29,11,50,19,66,46,46,40,7,7,0],"gold":8,"neow_bonus":"TEN_PERCENT_HP_BONUS","is_prod":false,"is_daily":false,"chose_seed":false,"campfire_upgraded":3,"win_rate":0,"timestamp":1558306855,"path_taken":["M","?","M","M","?","R","E","R","T","R","M","E","?","?","R","BOSS","M","?","?","?","$","M"],"build_version":"2019-01-23","purchased_purges":2,"victory":false,"max_hp_per_floor":[82,82,82,82,82,82,82,82,82,82,82,82,82,82,82,82,82,82,82,82,82,82,82],"card_choices":[{"not_picked":["Rupture","Havoc"],"picked":"Perfected Strike","floor":1.0},{"not_picked":["Twin Strike","Sentinel"],"picked":"Warcry","floor":3.0},{"not_picked":["True Grit","Flex"],"picked":"Headbutt","floor":4.0},{"not_picked":["Rampage","Blood for Blood"],"picked":"Armaments","floor":7.0},{"not_picked":["Searing Blow","Cleave"],"picked":"Twin Strike","floor":11.0},{"not_picked":["Bloodletting","Warcry"],"picked":"Dual Wield","floor":12.0},{"not_picked":["Heavy Blade","True Grit"],"picked":"Iron Wave","floor":13.0},{"not_picked":["Immolate","Feed"],"picked":"Double Tap","floor":16.0},{"not_picked":["Headbutt","Warcry"],"picked":"Flex","floor":18},{"not_picked":["Intimidate+1","Rupture"],"picked":"Pommel Strike","floor":18},{"not_picked":["Entrench","Iron Wave"],"picked":"Havoc","floor":20},{"not_picked":["Carnage","Anger"],"picked":"Heavy Blade","floor":20},{"not_picked":["Combust","Carnage"],"picked":"Wild Strike","floor":21}],"player_experience":1160361,"relics_obtained":[{"floor":7.0,"key":"Boot"},{"floor":9.0,"key":"Regal Pillow"},{"floor":12.0,"key":"Mercury Hourglass"},{"floor":13.0,"key":"Odd Mushroom"},{"floor":21,"key":"Peace Pipe"},{"floor":21,"key":"Darkstone Periapt"}],"event_choices":[{"damage_healed":0.0,"max_hp_gain":0.0,"max_hp_loss":0.0,"gold_gain":0.0,"event_name":"Accursed Blacksmith","player_choice":"Forge","floor":2.0,"gold_loss":0.0,"damage_taken":0.0,"cards_upgraded":["Bash"]},{"damage_healed":0.0,"max_hp_gain":0.0,"max_hp_loss":0.0,"gold_gain":0.0,"event_name":"Mushrooms","player_choice":"Fought Mushrooms","floor":13.0,"gold_loss":0.0,"damage_taken":0.0},{"damage_healed":0.0,"max_hp_gain":0.0,"max_hp_loss":0.0,"gold_gain":0.0,"event_name":"Scrap Ooze","player_choice":"Success","floor":14.0,"gold_loss":0.0,"damage_taken":18.0,"relics_obtained":["Prayer Wheel"]},{"damage_healed":0,"gold_gain":0,"player_choice":"Bought 1 Potion","damage_taken":0,"max_hp_gain":0,"max_hp_loss":0,"event_name":"The Woman in Blue","floor":19,"gold_loss":0},{"damage_healed":0,"gold_gain":0,"player_choice":"Fight","damage_taken":0,"max_hp_gain":0,"max_hp_loss":0,"event_name":"Colosseum","floor":21,"gold_loss":0},{"damage_healed":0,"gold_gain":0,"player_choice":"Fought Nobs","damage_taken":0,"max_hp_gain":0,"max_hp_loss":0,"event_name":"Colosseum","floor":21,"gold_loss":0}],"is_beta":false,"boss_relics":[{"not_picked":["Orrery","Ectoplasm"],"picked":"Mark of Pain"}],"items_purged_floors":[5,22],"is_endless":false,"potions_floor_spawned":[1,13,20,21],"killed_by":"Snecko","ascension_level":16}