{"gold_per_floor":[112,129,129,129,16,43,43,60,60,73,73,83,83,96,96,174,174,163,181,214,214],"floor_reached":21,"playtime":1062,"items_purged":["Strike_B"],"score":308,"play_id":"d245c7d8-0461-4056-ac68-b14e93a2c202","local_time":"20180923190947","is_ascension_mode":true,"campfire_choices":[{"data":"Streamline","floor":7,"key":"SMITH"},{"data":"Machine Learning","floor":11,"key":"SMITH"},{"data":"Loop","floor":13,"key":"SMITH"},{"data":"Zap","floor":15,"key":"SMITH"}],"neow_cost":"NONE","seed_source_timestamp":168489607464914,"circlet_count":0,"master_deck":["Strike_B","Strike_B","Strike_B","Defend_B","Defend_B","Defend_B","Defend_B","Zap+1","Dualcast","AscendersBane","Streamline+1","Chill","Streamline+1","Doom and Gloom+1","Machine Learning+1","Gash+1","Leap","Loop+1","Loop","All For One+1","Capacitor","Lockon+1","Darkness"],"relics":["Cracked Core","Molten Egg 2","Anchor","Pantograph","Runic Pyramid","Red Mask"],"potions_floor_usage":[16,18,20],"damage_taken":[{"damage":0,"enemies":"2 Louse","floor":1,"turns":2},{"damage":3,"enemies":"Small Slimes","floor":2,"turns":3},{"damage":20,"enemies":"Lagavulin","floor":6,"turns":7},{"damage":0,"enemies":"Cultist","floor":8,"turns":3},{"damage":0,"enemies":"Lots of Slimes","floor":10,"turns":2},{"damage":0,"enemies":"Large Slime","floor":12,"turns":4},{"damage":2,"enemies":"Looter","floor":14,"turns":3},{"damage":35,"enemies":"Hexaghost","floor":16,"turns":8},{"damage":5,"enemies":"2 Thieves","floor":18,"turns":4},{"damage":0,"enemies":"Spheric Guardian","floor":19,"turns":3},{"damage":25,"enemies":"Masked Bandits","floor":20,"turns":6},{"damage":45,"enemies":"Shelled Parasite and Fungi","floor":21,"turns":4}],"seed_played":"-315509915441900832","potions_obtained":[{"floor":1,"key":"Strength Potion"},{"floor":6,"key":"Block Potion"},{"floor":10,"key":"Regen Potion"},{"floor":16,"key":"SkillPotion"},{"floor":19,"key":"PowerPotion"}],"is_trial":false,"path_per_floor":["M","M","?","?","$","E","R","M","T","M","R","M","R","M","R","B",null,"M","M","?"],"character_chosen":"DEFECT","items_purchased":["Doom and Gloom+1"],"campfire_rested":0,"item_purchase_floors":[5],"current_hp_per_floor":[64,61,58,58,58,38,38,38,38,38,38,38,38,36,36,41,64,59,59,34,0],"gold":214,"neow_bonus":"THREE_CARDS","is_prod":false,"is_daily":false,"chose_seed":false,"campfire_upgraded":4,"win_rate":0,"timestamp":1537726187,"path_taken":["M","M","?","?","$","E","R","M","T","M","R","?","R","M","R","BOSS","M","M","?","M"],"build_version":"2018-09-20","purchased_purges":1,"victory":false,"max_hp_per_floor":[71,71,71,71,71,71,71,71,71,71,71,71,71,71,71,71,71,71,71,71,71],"card_choices":[{"not_picked":["Defragment","Compile Driver"],"picked":"Streamline","floor":0},{"not_picked":["Auto Shields","Cold Snap"],"picked":"Chill","floor":1},{"not_picked":["Auto Shields","Coolheaded"],"picked":"Streamline","floor":2},{"not_picked":["Turbo","Fusion"],"picked":"Machine Learning","floor":6},{"not_picked":["Double Energy","Rebound+1"],"picked":"Gash+1","floor":8},{"not_picked":["Coolheaded","Ball Lightning+1"],"picked":"Leap","floor":10},{"not_picked":["Capacitor","Steam"],"picked":"Loop","floor":12},{"not_picked":["Ball Lightning+1","Barrage+1"],"picked":"Loop","floor":14},{"not_picked":["Seek","Creative AI"],"picked":"All For One+1","floor":16},{"not_picked":["Storm","Steam"],"picked":"Capacitor","floor":18},{"not_picked":["Genetic Algorithm","Hello World"],"picked":"Lockon+1","floor":19},{"not_picked":["Doom and Gloom+1","Ball Lightning+1"],"picked":"Darkness","floor":20}],"player_experience":765900,"relics_obtained":[{"floor":6,"key":"Anchor"},{"floor":9,"key":"Pantograph"},{"floor":20,"key":"Red Mask"}],"event_choices":[{"event_name":"Scrap Ooze","player_choice":"success","floor":3,"damage_taken":3},{"event_name":"Upgrade Shrine","player_choice":"Upgraded","floor":4,"damage_taken":0},{"event_name":"Masked Bandits","player_choice":"Fought Bandits","floor":20,"damage_taken":0}],"is_beta":false,"boss_relics":[{"not_picked":["Tiny House","Fusion Hammer"],"picked":"Runic Pyramid"}],"items_purged_floors":[5],"is_endless":false,"potions_floor_spawned":[1,6,10,16,19],"killed_by":"Shelled Parasite and Fungi","ascension_level":14}