{"gold_per_floor":[118,130,145,145,145,145,162,162,162,181,181,208,55,84,84,182,182,182,182,152,3,3],"floor_reached":22,"playtime":1129,"items_purged":["Strike_G","Strike_G"],"score":301,"play_id":"968d3dae-46a9-4f7a-ad37-bd6d040ede31","local_time":"20181025193331","is_ascension_mode":true,"campfire_choices":[{"data":"Dagger Throw","floor":6,"key":"SMITH"},{"data":"Poisoned Stab","floor":8,"key":"SMITH"},{"floor":11,"key":"REST"},{"data":"Catalyst","floor":15,"key":"SMITH"}],"neow_cost":"NONE","seed_source_timestamp":315068152570168,"circlet_count":0,"master_deck":["Defend_G","Defend_G","Defend_G","Defend_G","Defend_G","Strike_G","Strike_G","Survivor","Neutralize+1","AscendersBane","Dagger Spray+1","Catalyst+1","Dagger Throw+1","Poisoned Stab+1","Poisoned Stab","Sucker Punch","Noxious Fumes","Dash","Malaise","Poisoned Stab+1","Deflect","Deadly Poison","Backflip"],"relics":["Ring of the Snake","NeowsBlessing","Regal Pillow","Darkstone Periapt","Pantograph","Ectoplasm","Bottled Tornado","Torii"],"potions_floor_usage":[14,19,20],"damage_taken":[{"damage":0,"enemies":"Cultist","floor":1,"turns":1},{"damage":0,"enemies":"Small Slimes","floor":2,"turns":1},{"damage":0,"enemies":"2 Louse","floor":3,"turns":1},{"damage":0,"enemies":"Large Slime","floor":7,"turns":6},{"damage":7,"enemies":"Blue Slaver","floor":10,"turns":3},{"damage":17,"enemies":"3 Sentries","floor":12,"turns":6},{"damage":12,"enemies":"Gremlin Nob","floor":14,"turns":3},{"damage":18,"enemies":"The Guardian","floor":16,"turns":8},{"damage":10,"enemies":"Shell Parasite","floor":18,"turns":6},{"damage":12,"enemies":"Colosseum Slavers","floor":19,"turns":6},{"damage":41,"enemies":"Colosseum Nobs","floor":19,"turns":6},{"damage":0,"enemies":"2 Thieves","floor":20,"turns":3},{"damage":9,"enemies":"Snecko","floor":22,"turns":3}],"seed_played":"-8681635078897337838","potions_obtained":[{"floor":10,"key":"Poison Potion"},{"floor":12,"key":"Regen Potion"},{"floor":14,"key":"SteroidPotion"},{"floor":16,"key":"GhostInAJar"}],"is_trial":false,"path_per_floor":["M","M","M","?","?","R","M","R","T","M","R","E","$","E","R","B",null,"M","?","M","$"],"character_chosen":"THE_SILENT","items_purchased":["Noxious Fumes","Backflip"],"campfire_rested":1,"item_purchase_floors":[13,21],"current_hp_per_floor":[63,63,63,56,42,42,42,42,42,35,70,53,53,41,41,48,65,55,2,2,2,0],"gold":3,"neow_bonus":"THREE_ENEMY_KILL","is_prod":false,"is_daily":false,"chose_seed":false,"campfire_upgraded":3,"win_rate":0,"timestamp":1540492411,"path_taken":["M","?","M","?","?","R","M","R","T","M","R","E","$","E","R","BOSS","M","?","M","$","M"],"build_version":"2018-10-18","purchased_purges":2,"victory":false,"max_hp_per_floor":[70,70,70,70,70,70,70,70,70,70,70,70,70,70,70,70,70,70,70,70,70,70],"card_choices":[{"not_picked":["Deadly Poison","Escape Plan"],"picked":"Dagger Spray","floor":1},{"not_picked":["Blade Dance","Dagger Spray"],"picked":"Catalyst","floor":2},{"not_picked":["Eviscerate","Outmaneuver"],"picked":"Dagger Throw","floor":3},{"not_picked":["PiercingWail","Tools of the Trade"],"picked":"Poisoned Stab","floor":7},{"not_picked":["Cloak And Dagger","Setup"],"picked":"Poisoned Stab","floor":10},{"not_picked":["Deflect","Dagger Throw"],"picked":"Sucker Punch","floor":12},{"not_picked":["A Thousand Cuts","Quick Slash"],"picked":"Dash","floor":14},{"not_picked":["A Thousand Cuts","Die Die Die"],"picked":"Malaise","floor":16},{"not_picked":["Outmaneuver","Dagger Throw"],"picked":"Poisoned Stab+1","floor":18},{"not_picked":["Quick Slash","Prepared"],"picked":"Deflect","floor":19},{"not_picked":["Setup","Underhanded Strike"],"picked":"Deadly Poison","floor":20}],"player_experience":906727,"relics_obtained":[{"floor":9,"key":"Regal Pillow"},{"floor":12,"key":"Darkstone Periapt"},{"floor":14,"key":"Pantograph"},{"floor":19,"key":"Bottled Tornado"},{"floor":19,"key":"Torii"}],"event_choices":[{"cards_removed":["Strike_G"],"damage_healed":0,"gold_gain":0,"player_choice":"Card Removal","damage_taken":7,"max_hp_gain":0,"max_hp_loss":0,"event_name":"Golden Wing","floor":4,"gold_loss":0},{"damage_healed":0,"gold_gain":0,"player_choice":"Entered Light","damage_taken":14,"max_hp_gain":0,"max_hp_loss":0,"event_name":"Shining Light","floor":5,"gold_loss":0,"cards_upgraded":["Neutralize","Dagger Spray"]},{"damage_healed":0,"gold_gain":0,"player_choice":"Fight","damage_taken":0,"max_hp_gain":0,"max_hp_loss":0,"event_name":"Colosseum","floor":19,"gold_loss":0},{"damage_healed":0,"gold_gain":0,"player_choice":"Fought Nobs","damage_taken":0,"max_hp_gain":0,"max_hp_loss":0,"event_name":"Colosseum","floor":19,"gold_loss":0}],"is_beta":false,"boss_relics":[{"not_picked":["Coffee Dripper","Pandora\u0027s Box"],"picked":"Ectoplasm"}],"items_purged_floors":[13,21],"is_endless":false,"potions_floor_spawned":[10,12,14,16,18,19],"killed_by":"Snecko","ascension_level":11}