{"gold_per_floor":[110,110,110,110,123,151,151,177,204,204,224,239,272,18,18,93,93,105,105,105,124,25,50,50,85,85,85,31,45,56,70,70,70],"floor_reached":33,"playtime":1061,"items_purged":["Strike_R"],"score":623,"play_id":"0c832518-55eb-4cb2-8366-5a44b9734063","local_time":"20190725221428","is_ascension_mode":true,"campfire_choices":[{"data":"Spot Weakness","floor":7.0,"key":"SMITH"},{"data":"Body Slam","floor":10.0,"key":"SMITH"},{"data":"Flex","floor":15.0,"key":"SMITH"},{"floor":24,"key":"REST"},{"floor":32,"key":"REST"}],"neow_cost":"NONE","seed_source_timestamp":84583728511500,"circlet_count":0,"master_deck":["AscendersBane","Strike_R","Strike_R","Strike_R+1","Defend_R","Defend_R","Defend_R","Defend_R+1","Bash+1","Thunderclap+1","Anger","Spot Weakness+1","Body Slam+1","Shrug It Off","Ghostly Armor","Flex+1","Battle Trance","Uppercut","Bludgeon","Heavy Blade","Armaments","Iron Wave+1","Anger+1","Enlightenment","Metallicize","Pommel Strike","Armaments+1","Anger","Reaper","Inflame+1","Headbutt"],"special_seed":0,"relics":["Burning Blood","NeowsBlessing","Regal Pillow","Omamori","Dream Catcher","Bag of Preparation","Mark of Pain","Pantograph","Frozen Egg 2","Whetstone"],"potions_floor_usage":[25,29,30,31],"damage_taken":[{"damage":0.0,"enemies":"2 Louse","floor":1.0,"turns":2.0},{"damage":0.0,"enemies":"Jaw Worm","floor":5.0,"turns":1.0},{"damage":0.0,"enemies":"3 Sentries","floor":6.0,"turns":2.0},{"damage":11.0,"enemies":"Gremlin Nob","floor":8.0,"turns":3.0},{"damage":0.0,"enemies":"Cultist","floor":11.0,"turns":3.0},{"damage":7.0,"enemies":"3 Louse","floor":12.0,"turns":3.0},{"damage":28.0,"enemies":"Lagavulin","floor":13.0,"turns":6.0},{"damage":23.0,"enemies":"Hexaghost","floor":16.0,"turns":7.0},{"damage":3.0,"enemies":"Spheric Guardian","floor":18.0,"turns":3.0},{"damage":17.0,"enemies":"Shell Parasite","floor":21.0,"turns":4.0},{"damage":53,"enemies":"Slavers","floor":23,"turns":7},{"damage":10,"enemies":"Gremlin Leader","floor":25,"turns":6},{"damage":5,"enemies":"3 Cultists","floor":29,"turns":4},{"damage":16,"enemies":"Chosen and Byrds","floor":30,"turns":7},{"damage":14,"enemies":"Shelled Parasite and Fungi","floor":31,"turns":3},{"damage":90,"enemies":"Automaton","floor":33,"turns":6}],"seed_played":"2666611928028863941","potions_obtained":[{"floor":1.0,"key":"FearPotion"},{"floor":6.0,"key":"Block Potion"},{"floor":8.0,"key":"BloodPotion"},{"floor":23,"key":"PowerPotion"},{"floor":29,"key":"Weak Potion"},{"floor":30,"key":"Energy Potion"}],"is_trial":false,"path_per_floor":["M","?","$","?","M","E","R","E","T","R","M","M","E","$","R","B",null,"M","?","?","M","$","E","R","E","T","?","$","M","M","M","R","B"],"character_chosen":"IRONCLAD","items_purchased":["Battle Trance","Uppercut","Enlightenment","Energy Potion"],"campfire_rested":2,"item_purchase_floors":[14,14,22,28],"current_hp_per_floor":[74,51,51,51,57,63,63,58,58,58,64,63,41,41,41,42,67,70,70,70,59,59,12,49,45,45,34,34,35,25,17,54,0],"gold":70,"neow_bonus":"THREE_ENEMY_KILL","is_prod":false,"is_daily":false,"chose_seed":false,"campfire_upgraded":3,"win_rate":0,"timestamp":1564085668,"path_taken":["M","?","$","?","M","E","R","E","T","R","M","?","E","$","R","BOSS","M","?","?","?","$","E","R","E","T","?","$","?","M","M","R","BOSS"],"build_version":"2019-07-17","purchased_purges":1,"victory":false,"max_hp_per_floor":[75,75,75,75,75,75,75,75,75,75,75,75,75,75,75,75,75,75,75,75,75,75,75,75,75,75,75,75,75,75,75,75,75],"card_choices":[{"not_picked":["Corruption","Rupture"],"picked":"Thunderclap","floor":1.0},{"not_picked":["Inflame","Reckless Charge"],"picked":"Anger","floor":5.0},{"not_picked":["Sentinel","Headbutt"],"picked":"Spot Weakness","floor":6.0},{"not_picked":["Iron Wave","Flex"],"picked":"Body Slam","floor":8.0},{"not_picked":["Burning Pact","Intimidate"],"picked":"Shrug It Off","floor":11.0},{"not_picked":["Burning Pact","Pommel Strike"],"picked":"Ghostly Armor","floor":12.0},{"not_picked":["Fiend Fire","Burning Pact"],"picked":"Flex","floor":13.0},{"not_picked":["Feed","Berserk"],"picked":"Bludgeon","floor":16.0},{"not_picked":["Combust","Twin Strike"],"picked":"Heavy Blade","floor":18.0},{"not_picked":["Perfected Strike+1","Sentinel"],"picked":"Anger+1","floor":21},{"not_picked":["Clothesline","Headbutt"],"picked":"Metallicize","floor":23},{"not_picked":["Wild Strike","Body Slam"],"picked":"Pommel Strike","floor":24},{"not_picked":["Wild Strike","Shrug It Off"],"picked":"Armaments+1","floor":25},{"not_picked":["Twin Strike","Battle Trance"],"picked":"Anger","floor":29},{"not_picked":["Pummel","Combust+1"],"picked":"Reaper","floor":30},{"not_picked":["Armaments","Havoc"],"picked":"Inflame+1","floor":31},{"not_picked":["Clothesline","Ghostly Armor"],"picked":"Headbutt","floor":32}],"player_experience":1757187,"relics_obtained":[{"floor":6.0,"key":"Regal Pillow"},{"floor":8.0,"key":"Omamori"},{"floor":9.0,"key":"Dream Catcher"},{"floor":13.0,"key":"Bag of Preparation"},{"floor":23,"key":"Pantograph"},{"floor":25,"key":"Frozen Egg 2"},{"floor":26,"key":"Whetstone"}],"event_choices":[{"damage_healed":0.0,"max_hp_gain":0.0,"max_hp_loss":0.0,"gold_gain":0.0,"event_name":"Shining Light","player_choice":"Entered Light","floor":2.0,"gold_loss":0.0,"damage_taken":23.0,"cards_upgraded":["Strike_R","Defend_R"]},{"damage_healed":0.0,"max_hp_gain":0.0,"max_hp_loss":0.0,"gold_gain":0.0,"event_name":"Upgrade Shrine","player_choice":"Upgraded","floor":4.0,"gold_loss":0.0,"damage_taken":0.0,"cards_upgraded":["Bash"]},{"damage_healed":0.0,"max_hp_gain":0.0,"max_hp_loss":0.0,"gold_gain":0.0,"event_name":"The Library","player_choice":"Read","floor":19.0,"gold_loss":0.0,"damage_taken":0.0,"cards_obtained":["Armaments"]},{"damage_healed":0.0,"max_hp_gain":0.0,"max_hp_loss":0.0,"gold_gain":0.0,"cards_transformed":["Strike_R"],"event_name":"Transmorgrifier","player_choice":"Transformed","floor":20.0,"gold_loss":0.0,"damage_taken":0.0,"cards_obtained":["Iron Wave"]},{"damage_healed":0,"gold_gain":0,"player_choice":"Damaged","damage_taken":11,"max_hp_gain":0,"max_hp_loss":0,"event_name":"Wheel of Change","floor":27,"gold_loss":0}],"is_beta":false,"boss_relics":[{"not_picked":["Eternal Feather","Lizard Tail"],"picked":"Mark of Pain"}],"items_purged_floors":[14],"is_endless":false,"potions_floor_spawned":[1,6,8,12,23,29,30],"killed_by":"Automaton","ascension_level":18}