{"gold_per_floor":[10,25,45,58,69,69,131,146,146,146,161,9,9,9,9,9],"floor_reached":16,"playtime":739,"items_purged":["Strike_G"],"score":187,"play_id":"2413946d-e9b0-4f7e-b380-b1e3c8db3d0f","local_time":"20190617183237","is_ascension_mode":true,"campfire_choices":[{"data":"Neutralize","floor":6,"key":"SMITH"},{"floor":10,"key":"REST"},{"floor":15,"key":"REST"}],"neow_cost":"NO_GOLD","seed_source_timestamp":56368071492600,"circlet_count":0,"master_deck":["AscendersBane","Defend_G","Defend_G","Defend_G","Defend_G","Defend_G","Strike_G","Strike_G","Strike_G","Survivor","Neutralize+1","Malaise","Deadly Poison","Blade Dance","Backflip","Accuracy","Choke","Flechettes","Die Die Die","Acrobatics","Footwork"],"relics":["Ring of the Snake","Tiny Chest","Dodecahedron"],"potions_floor_usage":[7,8,8,16],"damage_taken":[{"damage":5,"enemies":"Cultist","floor":1,"turns":5},{"damage":5,"enemies":"Small Slimes","floor":2,"turns":5},{"damage":0,"enemies":"Jaw Worm","floor":3,"turns":5},{"damage":0,"enemies":"Blue Slaver","floor":4,"turns":5},{"damage":2,"enemies":"2 Fungi Beasts","floor":5,"turns":4},{"damage":44,"enemies":"3 Sentries","floor":7,"turns":12},{"damage":0,"enemies":"Looter","floor":8,"turns":4},{"damage":7,"enemies":"Exordium Wildlife","floor":11,"turns":5},{"damage":43,"enemies":"Slime Boss","floor":16,"turns":9}],"seed_played":"-9069133366428171642","potions_obtained":[{"floor":3,"key":"Swift Potion"},{"floor":4,"key":"SpeedPotion"},{"floor":7,"key":"SpeedPotion"},{"floor":11,"key":"Weak Potion"}],"is_trial":false,"path_per_floor":["M","M","M","M","M","R","E","M","T","R","M","$","?","?","R","B"],"character_chosen":"THE_SILENT","items_purchased":["Footwork"],"campfire_rested":2,"item_purchase_floors":[12],"current_hp_per_floor":[54,49,49,49,47,47,3,3,3,22,15,15,15,15,34,0],"gold":9,"neow_bonus":"THREE_RARE_CARDS","is_prod":false,"is_daily":false,"chose_seed":false,"campfire_upgraded":1,"win_rate":0,"timestamp":1560789157,"path_taken":["M","?","?","M","M","R","E","M","T","R","M","$","?","?","R","BOSS"],"build_version":"2019-01-23","purchased_purges":1,"victory":false,"max_hp_per_floor":[66,66,66,66,66,66,66,66,66,66,66,66,66,66,66,66],"card_choices":[{"not_picked":["After Image","Storm of Steel"],"picked":"Malaise","floor":0},{"not_picked":["Dodge and Roll","Outmaneuver"],"picked":"Deadly Poison","floor":1},{"not_picked":["Expertise","Acrobatics"],"picked":"Blade Dance","floor":2},{"not_picked":["Expertise","Quick Slash"],"picked":"Backflip","floor":3},{"not_picked":["Choke","Concentrate"],"picked":"Accuracy","floor":4},{"not_picked":["Underhanded Strike","Dagger Throw"],"picked":"Choke","floor":5},{"not_picked":["Reflex","Dagger Throw"],"picked":"Flechettes","floor":7},{"not_picked":["Calculated Gamble","Masterful Stab"],"picked":"Die Die Die","floor":8},{"not_picked":["Backflip","Bane"],"picked":"Acrobatics","floor":11}],"player_experience":1399415,"relics_obtained":[{"floor":7,"key":"Tiny Chest"},{"floor":9,"key":"Dodecahedron"}],"event_choices":[{"damage_healed":0,"gold_gain":0,"player_choice":"Leave","damage_taken":0,"max_hp_gain":0,"max_hp_loss":0,"event_name":"The Cleric","floor":13,"gold_loss":0},{"cards_removed":["Strike_G"],"damage_healed":0,"gold_gain":0,"player_choice":"Offered Basic","damage_taken":0,"max_hp_gain":0,"max_hp_loss":0,"event_name":"Bonfire Elementals","floor":14,"gold_loss":0}],"is_beta":false,"boss_relics":[],"items_purged_floors":[12],"is_endless":false,"potions_floor_spawned":[3,4,7,11],"killed_by":"Slime Boss","ascension_level":16}