{"gold_per_floor":[360,285,35,51,51,62,62,62,62,62,62,97,110,129,129,129],"floor_reached":16,"playtime":427,"items_purged":["Strike_R","Strike_R"],"score":200,"play_id":"c6eff262-5df3-4087-875d-c39306a2256b","local_time":"20190511115315","is_ascension_mode":true,"campfire_choices":[{"data":"Flame Barrier","floor":7,"key":"SMITH"},{"data":"Bash","floor":10,"key":"SMITH"},{"floor":15,"key":"REST"}],"neow_cost":"TEN_PERCENT_HP_LOSS","seed_source_timestamp":2481695174636563,"circlet_count":0,"master_deck":["AscendersBane","Strike_R","Strike_R+1","Strike_R","Defend_R+1","Defend_R","Defend_R","Defend_R","Bash+1","Headbutt","Offering+1","Headbutt","Flame Barrier+1","Evolve","Armaments"],"relics":["Burning Blood","Bottled Lightning","PreservedInsect"],"potions_floor_usage":[13],"damage_taken":[{"damage":1,"enemies":"Cultist","floor":1,"turns":3},{"damage":16,"enemies":"Small Slimes","floor":4,"turns":5},{"damage":8,"enemies":"Jaw Worm","floor":6,"turns":2},{"damage":38,"enemies":"Gremlin Nob","floor":12,"turns":4},{"damage":4,"enemies":"Exordium Wildlife","floor":13,"turns":4},{"damage":0,"enemies":"Blue Slaver","floor":14,"turns":4},{"damage":45,"enemies":"The Guardian","floor":16,"turns":10}],"seed_played":"-7292723881767579075","potions_obtained":[{"floor":4,"key":"FairyPotion"},{"floor":6,"key":"SteroidPotion"},{"floor":13,"key":"Fruit Juice"}],"is_trial":false,"path_per_floor":["M","$","$","M","?","M","R","?","T","R","$","E","M","M","R","B"],"character_chosen":"IRONCLAD","items_purchased":["Offering"],"campfire_rested":1,"item_purchase_floors":[3],"current_hp_per_floor":[68,68,68,58,58,56,56,36,36,36,36,12,19,25,46,1],"gold":129,"neow_bonus":"TWO_FIFTY_GOLD","is_prod":false,"is_daily":false,"chose_seed":false,"campfire_upgraded":2,"win_rate":0,"timestamp":1557568395,"path_taken":["M","?","$","M","?","?","R","?","T","R","?","E","M","M","R","BOSS"],"build_version":"2019-01-23","purchased_purges":2,"victory":false,"max_hp_per_floor":[68,68,68,68,68,68,68,68,68,68,68,68,73,73,73,73],"card_choices":[{"not_picked":["Thunderclap","Clash"],"picked":"Headbutt","floor":1},{"not_picked":["Cleave","True Grit"],"picked":"Headbutt","floor":4},{"not_picked":["Berserk","True Grit"],"picked":"Flame Barrier","floor":6},{"not_picked":["Warcry","Anger"],"picked":"Evolve","floor":12},{"not_picked":["Seeing Red","Bloodletting","Wild Strike"],"picked":"SKIP","floor":13},{"not_picked":["Twin Strike","Clash"],"picked":"Armaments","floor":14}],"player_experience":785024,"relics_obtained":[{"floor":9,"key":"Bottled Lightning"},{"floor":12,"key":"PreservedInsect"}],"event_choices":[{"damage_healed":0,"gold_gain":0,"player_choice":"Upgraded","damage_taken":0,"max_hp_gain":0,"max_hp_loss":0,"event_name":"Upgrade Shrine","floor":5,"gold_loss":0,"cards_upgraded":["Offering"]},{"damage_healed":0,"gold_gain":0,"player_choice":"Entered Light","damage_taken":20,"max_hp_gain":0,"max_hp_loss":0,"event_name":"Shining Light","floor":8,"gold_loss":0,"cards_upgraded":["Strike_R","Defend_R"]}],"is_beta":false,"boss_relics":[],"items_purged_floors":[2,3],"is_endless":false,"potions_floor_spawned":[4,6,13],"killed_by":"The Guardian","ascension_level":20}