{"gold_per_floor":[114,114,124,138,138,138,154,154,154,154,183,195,222,222,222,222],"floor_reached":16,"playtime":466,"items_purged":[],"score":190,"play_id":"8cdb25a0-49a2-4696-b2b1-c9fe6f57073a","local_time":"20190722025839","is_ascension_mode":true,"campfire_choices":[{"data":"Bash","floor":6,"key":"SMITH"},{"data":"Second Wind","floor":8,"key":"SMITH"},{"data":"Flex","floor":10,"key":"SMITH"},{"floor":15,"key":"REST"}],"neow_cost":"NONE","seed_source_timestamp":61795732784700,"circlet_count":0,"master_deck":["AscendersBane","Strike_R","Strike_R","Strike_R","Strike_R","Strike_R","Defend_R","Defend_R","Defend_R","Defend_R","Bash+1","Headbutt","Power Through","Second Wind+1","Flex+1","Shrug It Off","Barricade","Body Slam"],"relics":["Burning Blood","NeowsBlessing","Self Forming Clay","Paper Frog","Happy Flower","Golden Idol"],"potions_floor_usage":[11,12,16],"damage_taken":[{"damage":0,"enemies":"Jaw Worm","floor":1,"turns":1},{"damage":0,"enemies":"Cultist","floor":3,"turns":1},{"damage":0,"enemies":"2 Louse","floor":4,"turns":1},{"damage":17,"enemies":"Looter","floor":7,"turns":3},{"damage":41,"enemies":"3 Sentries","floor":11,"turns":17},{"damage":25,"enemies":"Exordium Wildlife","floor":12,"turns":7},{"damage":30,"enemies":"Slime Boss","floor":16,"turns":7}],"seed_played":"-8525137082864122940","potions_obtained":[{"floor":3,"key":"EssenceOfSteel"},{"floor":7,"key":"Ancient Potion"},{"floor":11,"key":"Strength Potion"}],"is_trial":false,"path_per_floor":["M","?","M","M","$","R","M","R","T","R","E","M","T","?","R","B"],"character_chosen":"IRONCLAD","items_purchased":[],"campfire_rested":1,"item_purchase_floors":[],"current_hp_per_floor":[74,74,75,75,75,75,64,64,64,64,29,10,10,10,30,0],"gold":222,"neow_bonus":"THREE_ENEMY_KILL","is_prod":false,"is_daily":false,"chose_seed":false,"campfire_upgraded":3,"win_rate":0,"timestamp":1563757119,"path_taken":["M","?","?","M","$","R","M","R","T","R","E","M","?","?","R","BOSS"],"build_version":"2019-07-17","purchased_purges":0,"victory":false,"max_hp_per_floor":[75,75,75,75,75,75,75,75,75,75,75,75,75,68,68,68],"card_choices":[{"not_picked":["Body Slam","Pommel Strike"],"picked":"Headbutt","floor":1},{"not_picked":["Reckless Charge","Hemokinesis"],"picked":"Second Wind","floor":3},{"not_picked":["Heavy Blade","Twin Strike"],"picked":"Flex","floor":4},{"not_picked":["Wild Strike","Pommel Strike"],"picked":"Shrug It Off","floor":7},{"not_picked":["Disarm","Rage"],"picked":"Barricade","floor":11},{"not_picked":["Headbutt","Sword Boomerang"],"picked":"Body Slam","floor":12}],"player_experience":1727890,"relics_obtained":[{"floor":9,"key":"Self Forming Clay"},{"floor":11,"key":"Paper Frog"},{"floor":13,"key":"Happy Flower"}],"event_choices":[{"damage_healed":0,"gold_gain":0,"player_choice":"1 cards matched","damage_taken":0,"max_hp_gain":0,"max_hp_loss":0,"event_name":"Match and Keep!","floor":2,"gold_loss":0,"cards_obtained":["Power Through"]},{"damage_healed":0,"gold_gain":0,"player_choice":"Lose Max HP","damage_taken":0,"relics_obtained":["Golden Idol"],"max_hp_gain":0,"max_hp_loss":7,"event_name":"Golden Idol","floor":14,"gold_loss":0}],"is_beta":false,"boss_relics":[],"items_purged_floors":[],"is_endless":false,"potions_floor_spawned":[3,7,11],"killed_by":"Slime Boss","ascension_level":18}