{"gold_per_floor":[110,35,55,73,73,107,107,107,186,186,230,243,287,287],"floor_reached":14,"playtime":510,"items_purged":["Strike_R"],"score":194,"play_id":"cf7a0746-bac4-4eb7-8667-7276fa5512e1","local_time":"20190608174116","is_ascension_mode":true,"campfire_choices":[{"data":"Bash","floor":7,"key":"SMITH"},{"floor":10,"key":"REST"}],"neow_cost":"NONE","seed_source_timestamp":133450080177000,"circlet_count":0,"master_deck":["AscendersBane","Strike_R","Strike_R","Strike_R","Strike_R","Defend_R","Defend_R","Defend_R+1","Defend_R","Bash+1","Shrug It Off+1","True Grit","Clash","Injury","Anger","Burning Pact","Twin Strike","Shrug It Off"],"relics":["Burning Blood","Golden Idol","Lantern","Sundial","Strawberry","Frozen Egg 2"],"potions_floor_usage":[12,14],"damage_taken":[{"damage":6,"enemies":"Cultist","floor":1,"turns":3},{"damage":12,"enemies":"Jaw Worm","floor":3,"turns":3},{"damage":1,"enemies":"2 Louse","floor":4,"turns":4},{"damage":43,"enemies":"Lagavulin","floor":6,"turns":11},{"damage":31,"enemies":"Gremlin Nob","floor":11,"turns":5},{"damage":5,"enemies":"Exordium Wildlife","floor":12,"turns":4},{"damage":33,"enemies":"3 Sentries","floor":13,"turns":9},{"damage":14,"enemies":"Gremlin Gang","floor":14,"turns":2}],"seed_played":"-4701527708675308280","potions_obtained":[{"floor":3,"key":"FairyPotion"},{"floor":11,"key":"Regen Potion"},{"floor":13,"key":"PowerPotion"}],"is_trial":false,"path_per_floor":["M","$","M","M","?","E","R","?","T","R","E","M","E","M"],"character_chosen":"IRONCLAD","items_purchased":[],"campfire_rested":1,"item_purchase_floors":[],"current_hp_per_floor":[75,75,69,74,74,37,37,12,12,36,18,31,14,0],"gold":287,"neow_bonus":"TEN_PERCENT_HP_BONUS","is_prod":false,"is_daily":false,"chose_seed":false,"campfire_upgraded":1,"win_rate":0,"timestamp":1560008476,"path_taken":["M","?","M","M","?","E","R","?","T","R","E","?","E","?"],"build_version":"2019-01-23","purchased_purges":1,"victory":false,"max_hp_per_floor":[82,82,82,82,82,82,82,82,82,82,89,89,89,89],"card_choices":[{"not_picked":["Perfected Strike","Iron Wave"],"picked":"Shrug It Off","floor":1},{"not_picked":["Sword Boomerang","Heavy Blade"],"picked":"True Grit","floor":3},{"not_picked":["Intimidate","Heavy Blade"],"picked":"Clash","floor":4},{"not_picked":["Flex","Havoc"],"picked":"Anger","floor":6},{"not_picked":["Body Slam","Wild Strike"],"picked":"Burning Pact","floor":11},{"not_picked":["Sword Boomerang","Entrench"],"picked":"Twin Strike","floor":12},{"not_picked":["Pummel","Intimidate"],"picked":"Shrug It Off","floor":13}],"player_experience":1226437,"relics_obtained":[{"floor":6,"key":"Lantern"},{"floor":9,"key":"Sundial"},{"floor":11,"key":"Strawberry"},{"floor":13,"key":"Frozen Egg 2"}],"event_choices":[{"damage_healed":0,"gold_gain":0,"player_choice":"Take Wound","damage_taken":0,"relics_obtained":["Golden Idol"],"max_hp_gain":0,"max_hp_loss":0,"event_name":"Golden Idol","floor":5,"gold_loss":0,"cards_obtained":["Injury"]},{"damage_healed":0,"gold_gain":0,"player_choice":"Entered Light","damage_taken":25,"max_hp_gain":0,"max_hp_loss":0,"event_name":"Shining Light","floor":8,"gold_loss":0,"cards_upgraded":["Shrug It Off","Defend_R"]}],"is_beta":false,"boss_relics":[],"items_purged_floors":[2],"is_endless":false,"potions_floor_spawned":[3,11,13],"killed_by":"Gremlin Gang","ascension_level":16}