{"gold_per_floor":[117,117,267,277,277,277,308,24,24,35,69,91,119,31,31,105,105,119,169,38,53,69,69],"floor_reached":23,"playtime":733,"items_purged":["Strike_R"],"score":464,"play_id":"8a54ac35-97f9-437a-a006-a101eb670f2c","local_time":"20190519011141","is_ascension_mode":true,"campfire_choices":[{"data":"Bash","floor":6.0,"key":"SMITH"},{"floor":15.0,"key":"REST"}],"neow_cost":"NONE","seed_source_timestamp":106641016961092,"circlet_count":0,"master_deck":["AscendersBane","Strike_R","Strike_R","Strike_R","Defend_R","Defend_R","Defend_R","Defend_R","Bash+1","Thunderclap","Doubt","Evolve","Regret","Shrug It Off","Pommel Strike","Disarm","Corruption+1","Armaments","Rupture+1","Juggernaut+1","Sentinel","Shrug It Off","Shrug It Off","Feed"],"special_seed":0,"relics":["Burning Blood","NeowsBlessing","Mercury Hourglass","Du-Vu Doll","Orichalcum","WingedGreaves","Frozen Egg 2","Odd Mushroom","Boot","Black Star"],"potions_floor_usage":[22],"damage_taken":[{"damage":0.0,"enemies":"Jaw Worm","floor":1.0,"turns":1.0},{"damage":0.0,"enemies":"Small Slimes","floor":4.0,"turns":1.0},{"damage":0.0,"enemies":"Lagavulin","floor":7.0,"turns":1.0},{"damage":0.0,"enemies":"2 Louse","floor":10.0,"turns":1.0},{"damage":11.0,"enemies":"3 Sentries","floor":11.0,"turns":6.0},{"damage":17.0,"enemies":"The Mushroom Lair","floor":12.0,"turns":4.0},{"damage":54.0,"enemies":"Gremlin Nob","floor":13.0,"turns":5.0},{"damage":6.0,"enemies":"Hexaghost","floor":16.0,"turns":7.0},{"damage":20,"enemies":"Spheric Guardian","floor":18,"turns":5},{"damage":20,"enemies":"3 Byrds","floor":21,"turns":4},{"damage":15,"enemies":"Centurion and Healer","floor":22,"turns":6},{"damage":38,"enemies":"Gremlin Leader","floor":23,"turns":2}],"seed_played":"5867160733580783767","potions_obtained":[{"floor":7.0,"key":"PowerPotion"},{"floor":11.0,"key":"Block Potion"},{"floor":21,"key":"Weak Potion"}],"is_trial":false,"path_per_floor":["M","?","?","M","?","R","E","$","T","M","E","?","E","$","R","B",null,"M","?","$","M","M","E"],"character_chosen":"IRONCLAD","items_purchased":["Orichalcum","Shrug It Off","Pommel Strike","Rupture+1","Shrug It Off"],"campfire_rested":1,"item_purchase_floors":[8,8,8,14,20],"current_hp_per_floor":[74,67,67,73,73,73,75,75,75,75,70,59,11,11,33,33,65,51,51,51,37,28,0],"gold":69,"neow_bonus":"THREE_ENEMY_KILL","is_prod":false,"is_daily":false,"chose_seed":false,"campfire_upgraded":1,"win_rate":0,"timestamp":1558221101,"path_taken":["M","?","?","M","?","R","E","$","T","M","E","?","E","$","R","BOSS","M","?","$","M","M","E"],"build_version":"2019-01-23","purchased_purges":1,"victory":false,"max_hp_per_floor":[75,75,75,75,75,75,75,75,75,75,75,75,75,75,75,75,75,75,75,75,75,75,75],"card_choices":[{"not_picked":["Headbutt","Blood for Blood"],"picked":"Thunderclap","floor":1.0},{"not_picked":["Combust","Iron Wave"],"picked":"Evolve","floor":4.0},{"not_picked":["Cleave","Perfected Strike","Reckless Charge"],"picked":"SKIP","floor":7.0},{"not_picked":["Power Through","Searing Blow"],"picked":"Disarm","floor":10.0},{"not_picked":["Cleave","Entrench"],"picked":"Corruption","floor":11.0},{"not_picked":["Havoc","Reckless Charge"],"picked":"Armaments","floor":12.0},{"not_picked":["Perfected Strike","Hemokinesis","Wild Strike"],"picked":"SKIP","floor":13.0},{"not_picked":["Double Tap","Barricade+1"],"picked":"Juggernaut+1","floor":16.0},{"not_picked":["Headbutt","Anger"],"picked":"Sentinel","floor":18},{"not_picked":["Pommel Strike+1","Flex"],"picked":"Shrug It Off","floor":21},{"not_picked":["Spot Weakness","Thunderclap"],"picked":"Feed","floor":22}],"player_experience":792794,"relics_obtained":[{"floor":7.0,"key":"Du-Vu Doll"},{"floor":9.0,"key":"WingedGreaves"},{"floor":11.0,"key":"Frozen Egg 2"},{"floor":12.0,"key":"Odd Mushroom"},{"floor":13.0,"key":"Boot"}],"event_choices":[{"cards_removed":["Strike_R"],"damage_healed":0.0,"max_hp_gain":0.0,"max_hp_loss":0.0,"gold_gain":0.0,"event_name":"Golden Wing","player_choice":"Card Removal","floor":2.0,"gold_loss":0.0,"damage_taken":7.0},{"damage_healed":0.0,"max_hp_gain":0.0,"max_hp_loss":0.0,"gold_gain":150.0,"event_name":"Liars Game","player_choice":"AGREE","floor":3.0,"gold_loss":0.0,"damage_taken":0.0,"cards_obtained":["Doubt"]},{"damage_healed":0.0,"max_hp_gain":0.0,"max_hp_loss":0.0,"gold_gain":0.0,"event_name":"Big Fish","player_choice":"Box","floor":5.0,"gold_loss":0.0,"damage_taken":0.0,"relics_obtained":["Mercury Hourglass"],"cards_obtained":["Regret"]},{"damage_healed":0.0,"max_hp_gain":0.0,"max_hp_loss":0.0,"gold_gain":0.0,"event_name":"Mushrooms","player_choice":"Fought Mushrooms","floor":12.0,"gold_loss":0.0,"damage_taken":0.0},{"damage_healed":0,"gold_gain":50,"player_choice":"Stole From Cult","damage_taken":0,"max_hp_gain":0,"max_hp_loss":0,"event_name":"Nest","floor":19,"gold_loss":0}],"is_beta":false,"boss_relics":[{"not_picked":["Runic Pyramid","Mark of Pain"],"picked":"Black Star"}],"items_purged_floors":[20],"is_endless":false,"potions_floor_spawned":[7,11,21],"killed_by":"Gremlin Leader","ascension_level":20}