{"gold_per_floor":[126,126,145,145,145,145,163,163,217,217,227,269,269,301,301,301],"floor_reached":16,"playtime":220,"items_purged":[],"score":108,"play_id":"727bb565-d3d5-4778-81db-c44c89e923ba","local_time":"20190926230719","is_ascension_mode":false,"campfire_choices":[{"data":"Flex","floor":6.0,"key":"SMITH"},{"data":"Bash","floor":10.0,"key":"SMITH"},{"data":"Immolate","floor":13.0,"key":"SMITH"},{"data":"Sword Boomerang","floor":15,"key":"SMITH"}],"neow_cost":"NONE","seed_source_timestamp":3660385248074,"circlet_count":0,"master_deck":["Strike_R","Strike_R+1","Strike_R","Strike_R","Strike_R","Defend_R+1","Defend_R","Defend_R","Bash+1","Headbutt","Flex+1","Sword Boomerang+1","Immolate+1","Twin Strike"],"special_seed":0,"relics":["Burning Blood","CeramicFish","Anchor","Toy Ornithopter","Oddly Smooth Stone","Gambling Chip"],"potions_floor_usage":[],"damage_taken":[{"damage":3.0,"enemies":"Small Slimes","floor":1.0,"turns":3.0},{"damage":0.0,"enemies":"2 Louse","floor":3.0,"turns":3.0},{"damage":0.0,"enemies":"Cultist","floor":7.0,"turns":2.0},{"damage":0.0,"enemies":"Gremlin Gang","floor":11.0,"turns":3.0},{"damage":8.0,"enemies":"Gremlin Nob","floor":12.0,"turns":3.0},{"damage":21,"enemies":"Lagavulin","floor":14,"turns":4},{"damage":56,"enemies":"The Guardian","floor":16,"turns":7}],"seed_played":"-272086243367891192","potions_obtained":[{"floor":3.0,"key":"Fire Potion"},{"floor":7.0,"key":"Swift Potion"},{"floor":11.0,"key":"SneckoOil"}],"is_trial":false,"path_per_floor":["M","?","M","?","?","R","M","?","T","R","M","E","R","E","R","B"],"character_chosen":"IRONCLAD","items_purchased":[],"campfire_rested":0,"item_purchase_floors":[],"current_hp_per_floor":[80,62,68,61,45,45,51,56,56,56,67,70,70,55,55,0],"gold":301,"neow_bonus":"RANDOM_COMMON_RELIC","is_prod":false,"is_daily":false,"chose_seed":false,"campfire_upgraded":4,"win_rate":0,"timestamp":1569560839,"path_taken":["M","?","M","?","?","R","M","?","T","R","M","E","R","E","R","BOSS"],"build_version":"2019-09-26","purchased_purges":0,"victory":false,"max_hp_per_floor":[80,80,80,80,80,80,80,85,85,85,85,85,85,85,85,85],"card_choices":[{"not_picked":["True Grit","Feel No Pain"],"picked":"Headbutt","floor":1.0},{"not_picked":["Thunderclap","Rupture"],"picked":"Flex","floor":3.0},{"not_picked":["Cleave","Wild Strike"],"picked":"Sword Boomerang","floor":7.0},{"not_picked":["Pommel Strike","Corruption","Warcry"],"picked":"SKIP","floor":11.0},{"not_picked":["Brutality","Impervious"],"picked":"Immolate","floor":12.0},{"not_picked":["Havoc","Thunderclap"],"picked":"Twin Strike","floor":14}],"player_experience":1587800,"relics_obtained":[{"floor":9.0,"key":"Toy Ornithopter"},{"floor":12.0,"key":"Oddly Smooth Stone"},{"floor":14,"key":"Gambling Chip"}],"event_choices":[{"damage_healed":0.0,"max_hp_gain":0.0,"max_hp_loss":0.0,"gold_gain":0.0,"event_name":"Scrap Ooze","player_choice":"Success","floor":2.0,"gold_loss":0.0,"damage_taken":18.0,"relics_obtained":["Anchor"]},{"cards_removed":["Defend_R"],"damage_healed":0.0,"max_hp_gain":0.0,"max_hp_loss":0.0,"gold_gain":0.0,"event_name":"Golden Wing","player_choice":"Card Removal","floor":4.0,"gold_loss":0.0,"damage_taken":7.0},{"damage_healed":0.0,"max_hp_gain":0.0,"max_hp_loss":0.0,"gold_gain":0.0,"event_name":"Shining Light","player_choice":"Entered Light","floor":5.0,"gold_loss":0.0,"damage_taken":16.0,"cards_upgraded":["Defend_R","Strike_R"]},{"damage_healed":0.0,"max_hp_gain":5.0,"max_hp_loss":0.0,"gold_gain":0.0,"event_name":"Big Fish","player_choice":"Donut","floor":8.0,"gold_loss":0.0,"damage_taken":0.0}],"is_beta":true,"boss_relics":[],"items_purged_floors":[],"is_endless":false,"potions_floor_spawned":[3,7,11],"killed_by":"The Guardian","ascension_level":0}