{"gold_per_floor":[117,132,143,159,159,193,193,225,225,225,4,39,58,93,93,172,172,185,22,38,38],"floor_reached":21,"playtime":1076,"items_purged":["Pain"],"score":418,"play_id":"b63686a5-901a-4c02-a7f5-c978b27f9329","local_time":"20190603213228","is_ascension_mode":true,"campfire_choices":[{"floor":7.0,"key":"REST"},{"floor":10.0,"key":"REST"},{"floor":15.0,"key":"REST"}],"neow_cost":"NONE","seed_source_timestamp":0,"circlet_count":0,"master_deck":["AscendersBane","Strike_B","Strike_B","Strike_B","Strike_B","Defend_B","Defend_B","Defend_B","Defend_B","Zap","Dualcast","Streamline","Rebound","Sweeping Beam","Glacier","Sweeping Beam","Genetic Algorithm","Creative AI","Ball Lightning","Biased Cognition","Shame","Writhe","Leap+1","Loop+1","Loop+1"],"special_seed":0,"relics":["Cracked Core","Boot","Singing Bowl","Mummified Hand","Sling","Dodecahedron","Prayer Wheel","Calling Bell","Potion Belt","Frozen Egg 2","Emotion Chip"],"potions_floor_usage":[21],"damage_taken":[{"damage":0.0,"enemies":"2 Louse","floor":1.0,"turns":1.0},{"damage":6.0,"enemies":"Cultist","floor":2.0,"turns":3.0},{"damage":4.0,"enemies":"Small Slimes","floor":3.0,"turns":3.0},{"damage":18.0,"enemies":"Gremlin Gang","floor":4.0,"turns":3.0},{"damage":35.0,"enemies":"Lagavulin","floor":6.0,"turns":6.0},{"damage":8.0,"enemies":"3 Sentries","floor":8.0,"turns":8.0},{"damage":39.0,"enemies":"Gremlin Nob","floor":12.0,"turns":4.0},{"damage":10.0,"enemies":"Exordium Wildlife","floor":13.0,"turns":5.0},{"damage":7.0,"enemies":"Lagavulin","floor":14.0,"turns":7.0},{"damage":17.0,"enemies":"The Guardian","floor":16.0,"turns":13.0},{"damage":21.0,"enemies":"3 Byrds","floor":18.0,"turns":4.0},{"damage":14.0,"enemies":"Spheric Guardian","floor":20.0,"turns":6.0},{"damage":37,"enemies":"Shelled Parasite and Fungi","floor":21,"turns":3}],"seed_played":"-2423686753132516600","potions_obtained":[{"floor":2.0,"key":"SpeedPotion"},{"floor":4.0,"key":"Swift Potion"},{"floor":13.0,"key":"SkillPotion"},{"floor":14.0,"key":"EssenceOfSteel"},{"floor":16.0,"key":"Weak Potion"},{"floor":20.0,"key":"SpeedPotion"}],"is_trial":false,"path_per_floor":["M","M","M","M","?","E","R","E","T","R","$","E","M","E","R","B",null,"M","$","M","M"],"character_chosen":"DEFECT","items_purchased":["Sling","Loop+1"],"campfire_rested":3,"item_purchase_floors":[11,19],"current_hp_per_floor":[64,58,54,36,59,24,45,39,39,60,60,21,11,6,28,11,59,38,38,28,0],"gold":38,"neow_bonus":"THREE_CARDS","is_prod":false,"is_daily":false,"chose_seed":false,"campfire_upgraded":0,"win_rate":0,"timestamp":1559590348,"path_taken":["M","M","M","M","?","E","R","E","T","R","$","E","M","E","R","BOSS","M","$","M","M"],"build_version":"2019-01-23","purchased_purges":1,"victory":false,"max_hp_per_floor":[71,71,71,71,71,71,71,73,73,73,73,73,73,75,75,75,75,75,75,79,79],"card_choices":[{"not_picked":["Beam Cell","Consume"],"picked":"Streamline","floor":0.0},{"not_picked":["Hello World","Conserve Battery"],"picked":"Rebound","floor":1.0},{"not_picked":["Stack","Aggregate"],"picked":"Sweeping Beam","floor":2.0},{"not_picked":["Darkness","Chill"],"picked":"Glacier","floor":3.0},{"not_picked":["Hologram","Ball Lightning"],"picked":"Sweeping Beam","floor":4.0},{"not_picked":["Chaos","Turbo"],"picked":"Genetic Algorithm","floor":6.0},{"not_picked":["Redo","Hologram","Auto Shields"],"picked":"Singing Bowl","floor":8.0},{"not_picked":["White Noise","Skim"],"picked":"Creative AI","floor":12.0},{"not_picked":["Barrage","Rebound"],"picked":"Ball Lightning","floor":13.0},{"not_picked":["Hologram","Coolheaded","Undo"],"picked":"Singing Bowl","floor":14.0},{"not_picked":["Hyperbeam","Thunder Strike"],"picked":"Biased Cognition","floor":16.0},{"not_picked":["Reprogram","Beam Cell"],"picked":"Leap+1","floor":18.0},{"not_picked":["Beam Cell","Glacier"],"picked":"Loop+1","floor":18.0},{"not_picked":["Rebound","Sweeping Beam","Reinforced Body"],"picked":"Singing Bowl","floor":20.0},{"not_picked":["Double Energy","Thunder Strike","Blizzard"],"picked":"Singing Bowl","floor":20.0}],"player_experience":818041,"relics_obtained":[{"floor":6.0,"key":"Boot"},{"floor":8.0,"key":"Singing Bowl"},{"floor":9.0,"key":"Mummified Hand"},{"floor":12.0,"key":"Dodecahedron"},{"floor":14.0,"key":"Prayer Wheel"},{"floor":17.0,"key":"Potion Belt"},{"floor":17.0,"key":"Frozen Egg 2"},{"floor":17.0,"key":"Emotion Chip"}],"event_choices":[{"damage_healed":23.0,"max_hp_gain":0.0,"max_hp_loss":0.0,"gold_gain":0.0,"event_name":"Big Fish","player_choice":"Banana","floor":5.0,"gold_loss":0.0,"damage_taken":0.0}],"is_beta":false,"boss_relics":[{"not_picked":["Tiny House","Lizard Tail"],"picked":"Calling Bell"}],"items_purged_floors":[19],"is_endless":false,"potions_floor_spawned":[2,4,13,14,16,20],"killed_by":"Shelled Parasite and Fungi","ascension_level":20}