{"gold_per_floor":[112,128,140,140,113,142,142,67,93,105,132,158,170,213,225,237],"floor_reached":16,"playtime":619,"items_purged":["Strike_G"],"score":213,"play_id":"4425aa44-c5ac-4b41-8afb-4834b2b07da0","local_time":"20190720001741","is_ascension_mode":true,"campfire_choices":[{"data":"Neutralize","floor":7,"key":"SMITH"},{"floor":10,"key":"REST"},{"data":"Strike_G","floor":15,"key":"PURGE"}],"neow_cost":"NONE","seed_source_timestamp":617677006004100,"circlet_count":0,"master_deck":["AscendersBane","Strike_G","Strike_G","Strike_G","Defend_G","Defend_G","Defend_G","Defend_G","Defend_G","Survivor","Neutralize+1","Dagger Throw","PiercingWail","Quick Slash","Dash","Footwork","Flying Knee","Skewer+1","Dagger Spray"],"relics":["Ring of the Snake","Peace Pipe","Regal Pillow","MawBank","Omamori"],"potions_floor_usage":[5,5],"damage_taken":[{"damage":3,"enemies":"Cultist","floor":1,"turns":5},{"damage":2,"enemies":"Jaw Worm","floor":2,"turns":5},{"damage":4,"enemies":"Small Slimes","floor":3,"turns":4},{"damage":0,"enemies":"Exordium Thugs","floor":5,"turns":5},{"damage":44,"enemies":"Gremlin Nob","floor":6,"turns":6},{"damage":0,"enemies":"Exordium Wildlife","floor":11,"turns":5},{"damage":4,"enemies":"Blue Slaver","floor":12,"turns":5},{"damage":26,"enemies":"3 Sentries","floor":14,"turns":8},{"damage":18,"enemies":"Hexaghost","floor":16,"turns":13}],"seed_played":"-6173098769899519275","potions_obtained":[{"floor":1,"key":"SteroidPotion"},{"floor":2,"key":"SkillPotion"},{"floor":3,"key":"GhostInAJar"}],"is_trial":false,"path_per_floor":["M","M","M","T","M","E","R","$","T","R","M","M","?","E","R","B"],"character_chosen":"THE_SILENT","items_purchased":[],"campfire_rested":1,"item_purchase_floors":[],"current_hp_per_floor":[62,60,56,56,56,12,12,12,12,48,48,44,44,18,18,0],"gold":237,"neow_bonus":"TEN_PERCENT_HP_BONUS","is_prod":false,"is_daily":false,"chose_seed":false,"campfire_upgraded":1,"win_rate":0,"timestamp":1563574661,"path_taken":["M","M","M","?","M","E","R","$","T","R","M","?","?","E","R","BOSS"],"build_version":"2019-07-17","purchased_purges":1,"victory":false,"max_hp_per_floor":[72,72,72,72,72,72,72,72,72,72,72,72,72,72,72,72],"card_choices":[{"not_picked":["Heel Hook","PiercingWail"],"picked":"Dagger Throw","floor":1},{"not_picked":["Cloak And Dagger","Acrobatics"],"picked":"PiercingWail","floor":2},{"not_picked":["Sucker Punch","Slice"],"picked":"Quick Slash","floor":3},{"not_picked":["Caltrops","Riddle With Holes"],"picked":"Dash","floor":5},{"not_picked":["Underhanded Strike","Dodge and Roll"],"picked":"Footwork","floor":6},{"not_picked":["Underhanded Strike","Slice"],"picked":"Flying Knee","floor":11},{"not_picked":["Crippling Poison","Deadly Poison"],"picked":"Skewer","floor":12},{"not_picked":["Slice","Backflip"],"picked":"Dagger Spray","floor":14}],"player_experience":1698646,"relics_obtained":[{"floor":4,"key":"Peace Pipe"},{"floor":6,"key":"Regal Pillow"},{"floor":9,"key":"MawBank"},{"floor":14,"key":"Omamori"}],"event_choices":[{"damage_healed":0,"gold_gain":0,"player_choice":"Grow","damage_taken":0,"max_hp_gain":0,"max_hp_loss":0,"event_name":"Living Wall","floor":13,"gold_loss":0,"cards_upgraded":["Skewer"]}],"is_beta":false,"boss_relics":[],"items_purged_floors":[8],"is_endless":false,"potions_floor_spawned":[1,2,3],"killed_by":"Hexaghost","ascension_level":18}