{"gold_per_floor":[111,111,111,126,149,180,180,211,211,239,251,278,158,127,127,127],"floor_reached":16,"playtime":842,"items_purged":["Entrench"],"score":155,"play_id":"ce4e21cf-8a79-47a7-8e24-eaf48d508571","local_time":"20190528223812","is_ascension_mode":true,"campfire_choices":[{"data":"Spot Weakness","floor":7,"key":"SMITH"},{"floor":15,"key":"REST"}],"neow_cost":"NONE","seed_source_timestamp":364757552322467,"circlet_count":0,"master_deck":["Strike_R","Strike_R","Strike_R","Strike_R","Defend_R","Defend_R","Defend_R","Defend_R","Bash","Seeing Red","Spot Weakness+1","Flex"],"relics":["Burning Blood","NeowsBlessing","Juzu Bracelet","PreservedInsect","Omamori","Blood Vial","Centennial Puzzle","Odd Mushroom"],"potions_floor_usage":[8,10],"damage_taken":[{"damage":0,"enemies":"Jaw Worm","floor":1,"turns":1},{"damage":0,"enemies":"2 Louse","floor":4,"turns":1},{"damage":0,"enemies":"Lagavulin","floor":6,"turns":1},{"damage":13,"enemies":"Gremlin Nob","floor":8,"turns":4},{"damage":25,"enemies":"3 Sentries","floor":10,"turns":8},{"damage":16,"enemies":"Cultist","floor":11,"turns":4},{"damage":36,"enemies":"The Mushroom Lair","floor":12,"turns":5},{"damage":51,"enemies":"The Guardian","floor":16,"turns":5}],"seed_played":"-1853208313657432678","potions_obtained":[{"floor":1,"key":"EssenceOfSteel"},{"floor":8,"key":"SkillPotion"}],"is_trial":false,"path_per_floor":["M","?","?","M","T","E","R","E","T","E","M","?","$","?","R","B"],"character_chosen":"IRONCLAD","items_purchased":["Flex"],"campfire_rested":1,"item_purchase_floors":[13],"current_hp_per_floor":[80,73,73,79,79,80,80,73,73,56,48,20,20,20,44,0],"gold":127,"neow_bonus":"THREE_ENEMY_KILL","is_prod":false,"is_daily":false,"chose_seed":false,"campfire_upgraded":1,"win_rate":0,"timestamp":1559097492,"path_taken":["M","?","?","?","?","E","R","E","T","E","M","?","$","?","R","BOSS"],"build_version":"2019-01-23","purchased_purges":1,"victory":false,"max_hp_per_floor":[80,80,80,80,80,80,80,80,80,80,80,80,80,80,80,80],"card_choices":[{"not_picked":["Havoc","Sword Boomerang"],"picked":"Seeing Red","floor":1},{"not_picked":["Body Slam","Thunderclap"],"picked":"Entrench","floor":4},{"not_picked":["Sever Soul","Iron Wave"],"picked":"Spot Weakness","floor":6},{"not_picked":["Clothesline","Cleave","Juggernaut"],"picked":"SKIP","floor":8},{"not_picked":["Wild Strike","Clash","Perfected Strike"],"picked":"SKIP","floor":10},{"not_picked":["Corruption","Body Slam","Clash"],"picked":"SKIP","floor":11}],"player_experience":57104,"relics_obtained":[{"floor":5,"key":"Juzu Bracelet"},{"floor":6,"key":"PreservedInsect"},{"floor":8,"key":"Omamori"},{"floor":9,"key":"Blood Vial"},{"floor":10,"key":"Centennial Puzzle"},{"floor":12,"key":"Odd Mushroom"}],"event_choices":[{"cards_removed":["Strike_R"],"damage_healed":0,"gold_gain":0,"player_choice":"Card Removal","damage_taken":7,"max_hp_gain":0,"max_hp_loss":0,"event_name":"Golden Wing","floor":2,"gold_loss":0},{"damage_healed":0,"gold_gain":0,"player_choice":"Ignored","damage_taken":0,"max_hp_gain":0,"max_hp_loss":0,"event_name":"Transmorgrifier","floor":3,"gold_loss":0},{"damage_healed":0,"gold_gain":0,"player_choice":"Fought Mushrooms","damage_taken":0,"max_hp_gain":0,"max_hp_loss":0,"event_name":"Mushrooms","floor":12,"gold_loss":0},{"damage_healed":0,"gold_gain":0,"player_choice":"Left Gold","damage_taken":0,"max_hp_gain":0,"max_hp_loss":0,"event_name":"World of Goop","floor":14,"gold_loss":31}],"is_beta":false,"boss_relics":[],"items_purged_floors":[13],"is_endless":false,"potions_floor_spawned":[1,8],"killed_by":"The Guardian","ascension_level":2}