{"gold_per_floor":[113,129,159,174,191,191,223,223],"floor_reached":8,"playtime":265,"items_purged":[],"score":110,"play_id":"10c444a7-03d5-4428-bd7e-813b4c64cdca","local_time":"20181105203319","is_ascension_mode":true,"campfire_choices":[{"data":"Neutralize","floor":6,"key":"SMITH"}],"neow_cost":"NONE","seed_source_timestamp":1825464105269371,"circlet_count":0,"master_deck":["AscendersBane","Defend_G","Defend_G","Defend_G","Defend_G","Defend_G","Strike_G","Strike_G","Strike_G","Strike_G","Strike_G","Survivor","Neutralize+1","Leg Sweep","Sucker Punch","Poisoned Stab","Predator"],"relics":["Ring of the Snake","NeowsBlessing","Tiny Chest","Centennial Puzzle"],"potions_floor_usage":[5,8],"damage_taken":[{"damage":0,"enemies":"Small Slimes","floor":1,"turns":1},{"damage":0,"enemies":"Cultist","floor":2,"turns":1},{"damage":0,"enemies":"2 Louse","floor":4,"turns":2},{"damage":12,"enemies":"Lots of Slimes","floor":5,"turns":7},{"damage":37,"enemies":"Gremlin Nob","floor":7,"turns":5},{"damage":14,"enemies":"Exordium Thugs","floor":8,"turns":5}],"seed_played":"3867894471221831069","potions_obtained":[{"floor":2,"key":"EssenceOfSteel"},{"floor":4,"key":"Fire Potion"},{"floor":7,"key":"Ancient Potion"}],"is_trial":false,"path_per_floor":["M","M","?","M","M","R","E","M"],"character_chosen":"THE_SILENT","items_purchased":[],"campfire_rested":0,"item_purchase_floors":[],"current_hp_per_floor":[59,59,59,59,47,47,10,0],"gold":223,"neow_bonus":"THREE_ENEMY_KILL","is_prod":false,"is_daily":false,"chose_seed":false,"campfire_upgraded":1,"win_rate":0,"timestamp":1541446399,"path_taken":["M","M","?","?","M","R","E","M"],"build_version":"2018-11-01","purchased_purges":0,"victory":false,"max_hp_per_floor":[66,66,66,66,66,66,66,66],"card_choices":[{"not_picked":["Outmaneuver","Slice"],"picked":"Prepared","floor":1},{"not_picked":["Unload","Acrobatics"],"picked":"Leg Sweep","floor":2},{"not_picked":["PiercingWail","Tactician"],"picked":"Sucker Punch","floor":4},{"not_picked":["Setup","Blade Dance"],"picked":"Poisoned Stab","floor":5},{"not_picked":["Underhanded Strike","Deadly Poison"],"picked":"Predator","floor":7}],"player_experience":482660,"relics_obtained":[{"floor":7,"key":"Centennial Puzzle"}],"event_choices":[{"cards_removed":["Prepared"],"damage_healed":0,"gold_gain":0,"player_choice":"Gave Card","damage_taken":0,"relics_obtained":["Tiny Chest"],"max_hp_gain":0,"max_hp_loss":0,"event_name":"WeMeetAgain","floor":3,"gold_loss":0}],"is_beta":false,"boss_relics":[],"items_purged_floors":[],"is_endless":false,"potions_floor_spawned":[2,4,7],"killed_by":"Exordium Thugs","ascension_level":18}