{"gold_per_floor":[16,16,31,31,31,31,45,69,69,112,112,131,56,74,74,74],"floor_reached":16,"playtime":356,"items_purged":["Strike_R"],"score":102,"play_id":"89e30267-2ce1-41f2-af74-76c2f7a67d69","local_time":"20191008113935","is_ascension_mode":false,"campfire_choices":[{"data":"Disarm","floor":6,"key":"SMITH"},{"data":"True Grit","floor":11,"key":"SMITH"},{"data":"Defend_R","floor":15,"key":"SMITH"}],"neow_cost":"NO_GOLD","seed_source_timestamp":226833640029268,"circlet_count":0,"master_deck":["Strike_R","Defend_R","Defend_R+1","Defend_R","Defend_R","Bash","Twin Strike","Disarm+1","True Grit+1","Cleave+1"],"special_seed":0,"relics":["Burning Blood","Golden Idol","Molten Egg 2","Dead Branch"],"potions_floor_usage":[],"damage_taken":[{"damage":1.0,"enemies":"Jaw Worm","floor":1.0,"turns":4.0},{"damage":8.0,"enemies":"Small Slimes","floor":3.0,"turns":3.0},{"damage":2,"enemies":"2 Louse","floor":7,"turns":4},{"damage":21,"enemies":"Exordium Wildlife","floor":8,"turns":6},{"damage":32,"enemies":"Lagavulin","floor":10,"turns":9},{"damage":3,"enemies":"Large Slime","floor":12,"turns":6},{"damage":8,"enemies":"Blue Slaver","floor":14,"turns":3},{"damage":0,"enemies":"Slime Boss","floor":16,"turns":1}],"seed_played":"3230669194095797327","potions_obtained":[{"floor":1.0,"key":"SmokeBomb"},{"floor":8,"key":"SmokeBomb"},{"floor":10,"key":"PowerPotion"}],"is_trial":false,"path_per_floor":["M","?","M","?","$","R","M","M","T","E","R","M","$","M","R","B"],"character_chosen":"IRONCLAD","items_purchased":[],"campfire_rested":0,"item_purchase_floors":[],"current_hp_per_floor":[80,74,72,72,72,72,74,59,59,33,33,36,36,34,34,34],"gold":74,"neow_bonus":"REMOVE_TWO","is_prod":false,"is_daily":false,"chose_seed":false,"campfire_upgraded":3,"win_rate":0,"timestamp":1570559975,"path_taken":["M","?","M","?","$","R","M","M","T","E","R","M","$","M","R","BOSS"],"build_version":"2019-07-17","purchased_purges":1,"victory":false,"max_hp_per_floor":[80,74,74,74,74,74,74,74,74,74,74,74,74,74,74,74],"card_choices":[{"not_picked":["Burning Pact","Clothesline"],"picked":"Twin Strike","floor":1.0},{"not_picked":["Iron Wave","Anger"],"picked":"Disarm","floor":3.0},{"not_picked":["Perfected Strike","Intimidate","Blood for Blood"],"picked":"SKIP","floor":7},{"not_picked":["Havoc","Clothesline","Sword Boomerang"],"picked":"SKIP","floor":8},{"not_picked":["Perfected Strike+1","Iron Wave+1"],"picked":"True Grit","floor":10},{"not_picked":["Dual Wield","True Grit"],"picked":"Cleave+1","floor":12},{"not_picked":["Wild Strike+1","Armaments","Bludgeon+1"],"picked":"SKIP","floor":14}],"player_experience":365588,"relics_obtained":[{"floor":9,"key":"Molten Egg 2"},{"floor":10,"key":"Dead Branch"}],"event_choices":[{"damage_healed":0.0,"max_hp_gain":0.0,"max_hp_loss":6.0,"gold_gain":0.0,"event_name":"Golden Idol","player_choice":"Lose Max HP","floor":2.0,"gold_loss":0.0,"damage_taken":0.0,"relics_obtained":["Golden Idol"]},{"cards_removed":["Strike_R"],"damage_healed":0,"gold_gain":0,"player_choice":"Forget","damage_taken":0,"max_hp_gain":0,"max_hp_loss":0,"event_name":"Living Wall","floor":4,"gold_loss":0}],"is_beta":false,"boss_relics":[],"items_purged_floors":[13],"is_endless":false,"potions_floor_spawned":[1,8,10],"killed_by":"Slime Boss","ascension_level":0}