{"gold_per_floor":[12,28,38,48,68,103,115,115,141,166,166,166,166,196,208,220],"floor_reached":16,"playtime":669,"items_purged":[],"score":244,"play_id":"6409d063-9369-4d5f-a607-d76844a7a717","local_time":"20190617224029","is_ascension_mode":true,"campfire_choices":[{"floor":8.0,"key":"REST"},{"floor":11.0,"key":"REST"},{"data":"Mind Blast","floor":15.0,"key":"SMITH"}],"neow_cost":"NO_GOLD","seed_source_timestamp":359448557373683,"circlet_count":0,"master_deck":["AscendersBane","Strike_B","Strike_B","Strike_B","Strike_B","Defend_B","Defend_B","Defend_B","Defend_B","Zap","Dualcast","Mind Blast+1","Deep Breath","White Noise","Beam Cell","Sweeping Beam","Gash","Scrape","Beam Cell","Defragment","Ball Lightning","Reinforced Body"],"special_seed":0,"relics":["Cracked Core","Juzu Bracelet","Bag of Marbles","Pen Nib","MawBank"],"potions_floor_usage":[16],"damage_taken":[{"damage":10.0,"enemies":"Small Slimes","floor":1.0,"turns":3.0},{"damage":6.0,"enemies":"Jaw Worm","floor":2.0,"turns":4.0},{"damage":6.0,"enemies":"2 Louse","floor":3.0,"turns":3.0},{"damage":6.0,"enemies":"Looter","floor":4.0,"turns":2.0},{"damage":7.0,"enemies":"Lots of Slimes","floor":5.0,"turns":2.0},{"damage":35.0,"enemies":"3 Sentries","floor":6.0,"turns":6.0},{"damage":7.0,"enemies":"Large Slime","floor":7.0,"turns":5.0},{"damage":14.0,"enemies":"Gremlin Nob","floor":10.0,"turns":3.0},{"damage":20.0,"enemies":"3 Sentries","floor":14.0,"turns":5.0},{"damage":36,"enemies":"The Guardian","floor":16,"turns":7}],"seed_played":"-3045015349650966292","potions_obtained":[{"floor":3.0,"key":"SpeedPotion"},{"floor":4.0,"key":"PowerPotion"},{"floor":5.0,"key":"Regen Potion"},{"floor":6.0,"key":"Poison Potion"},{"floor":14.0,"key":"LiquidBronze"}],"is_trial":false,"path_per_floor":["M","M","M","M","M","E","M","R","T","E","R","?","?","E","R","B"],"character_chosen":"DEFECT","items_purchased":[],"campfire_rested":2,"item_purchase_floors":[],"current_hp_per_floor":[54,48,42,36,29,9,2,23,23,9,30,53,53,33,33,0],"gold":220,"neow_bonus":"RANDOM_COLORLESS_2","is_prod":false,"is_daily":false,"chose_seed":false,"campfire_upgraded":1,"win_rate":0,"timestamp":1560804029,"path_taken":["M","M","M","M","M","E","M","R","T","E","R","?","?","E","R","BOSS"],"build_version":"2019-01-23","purchased_purges":0,"victory":false,"max_hp_per_floor":[71,71,71,71,71,71,71,71,71,71,71,71,71,71,71,71],"card_choices":[{"not_picked":["Reprogram","Capacitor"],"picked":"White Noise","floor":1.0},{"not_picked":["Steam","Chill"],"picked":"Beam Cell","floor":2.0},{"not_picked":["Auto Shields","Redo"],"picked":"Sweeping Beam","floor":3.0},{"not_picked":["Aggregate","Tempest"],"picked":"Gash","floor":4.0},{"not_picked":["Hologram","Rebound"],"picked":"Scrape","floor":5.0},{"not_picked":["Streamline","Leap"],"picked":"Beam Cell","floor":6.0},{"not_picked":["Compile Driver","Barrage"],"picked":"Defragment","floor":7.0},{"not_picked":["Aggregate","Rebound"],"picked":"Ball Lightning","floor":10.0},{"not_picked":["Stack","Fusion"],"picked":"Reinforced Body","floor":14.0}],"player_experience":842480,"relics_obtained":[{"floor":6.0,"key":"Juzu Bracelet"},{"floor":9.0,"key":"Bag of Marbles"},{"floor":10.0,"key":"Pen Nib"},{"floor":14.0,"key":"MawBank"}],"event_choices":[{"damage_healed":23.0,"max_hp_gain":0.0,"max_hp_loss":0.0,"gold_gain":0.0,"event_name":"Big Fish","player_choice":"Banana","floor":12.0,"gold_loss":0.0,"damage_taken":0.0},{"damage_healed":0.0,"max_hp_gain":0.0,"max_hp_loss":0.0,"gold_gain":0.0,"event_name":"Golden Wing","player_choice":"Ignored","floor":13.0,"gold_loss":0.0,"damage_taken":0.0}],"is_beta":false,"boss_relics":[],"items_purged_floors":[],"is_endless":false,"potions_floor_spawned":[3,4,5,6,14],"killed_by":"The Guardian","ascension_level":20}