{"gold_per_floor":[114,114,129,2,18,47,47,61,107,179,179,214,214,224,224,326,326,343,56,56,156,156,156,189,189,189,201,214,233,233,263,263,365,365,375,388,442,145,245,270,270,270,270,270,304,304,338,349,349,349,349,349,79,110,110],"floor_reached":56,"playtime":2364,"items_purged":["Regret","Melter","Blizzard"],"score":1454,"play_id":"86c849b9-b141-4b2a-9e97-5393df327ce6","local_time":"20190324164938","is_ascension_mode":false,"campfire_choices":[{"data":"Sunder","floor":7.0,"key":"SMITH"},{"data":"Zap","floor":11.0,"key":"SMITH"},{"data":"Scrape","floor":15.0,"key":"SMITH"},{"data":"Beam Cell","floor":23.0,"key":"SMITH"},{"data":"Go for the Eyes","floor":25.0,"key":"SMITH"},{"data":"Self Repair","floor":32.0,"key":"SMITH"},{"data":"FTL","floor":41.0,"key":"SMITH"},{"floor":46.0,"key":"RECALL"},{"data":"FTL","floor":49.0,"key":"SMITH"},{"data":"Beam Cell","floor":52.0,"key":"SMITH"}],"neow_cost":"NONE","seed_source_timestamp":626081037291931,"circlet_count":0,"master_deck":["Zap+1","Dualcast+1","Leap","All For One","Sunder+1","Self Repair+1","Compile Driver","Gash","Ball Lightning","Cold Snap","Conserve Battery+1","Auto Shields","Go for the Eyes+1","FTL+1","Scrape+1","Buffer+1","Beam Cell+1","Buffer+1","FTL+1","Flash of Steel","All For One","Go for the Eyes+1","Gash","Defragment+1","Reinforced Body+1","Echo Form+1","Beam Cell+1","Cold Snap","Streamline+1","Capacitor+1","Good Instincts","Beam Cell+1","Reinforced Body","Swift Strike","Gash+1"],"special_seed":0,"relics":["Pandora\u0027s Box","Pear","Happy Flower","War Paint","Frozen Egg 2","Black Star","Turnip","Ornamental Fan","Lantern","Pantograph","Letter Opener","Potion Belt","Juzu Bracelet","Nuclear Battery","Gambling Chip","Unceasing Top","Bag of Preparation","Singing Bowl","Ancient Tea Set","Molten Egg 2","Regal Pillow","Emotion Chip","Symbiotic Virus","Strawberry","Kunai","Shuriken"],"potions_floor_usage":[55,55,55,55,55],"damage_taken":[{"damage":3.0,"enemies":"Small Slimes","floor":1.0,"turns":2.0},{"damage":14.0,"enemies":"Jaw Worm","floor":3.0,"turns":2.0},{"damage":0.0,"enemies":"Cultist","floor":5.0,"turns":3.0},{"damage":12.0,"enemies":"Gremlin Nob","floor":6.0,"turns":3.0},{"damage":10.0,"enemies":"3 Louse","floor":8.0,"turns":3.0},{"damage":18.0,"enemies":"Lagavulin","floor":12.0,"turns":4.0},{"damage":0.0,"enemies":"Large Slime","floor":14.0,"turns":3.0},{"damage":35.0,"enemies":"Hexaghost","floor":16.0,"turns":9.0},{"damage":5.0,"enemies":"3 Byrds","floor":18.0,"turns":3.0},{"damage":0.0,"enemies":"Colosseum Slavers","floor":21.0,"turns":4.0},{"damage":15.0,"enemies":"Colosseum Nobs","floor":21.0,"turns":5.0},{"damage":0.0,"enemies":"Book of Stabbing","floor":24.0,"turns":3.0},{"damage":0.0,"enemies":"Spheric Guardian","floor":27.0,"turns":2.0},{"damage":3.0,"enemies":"Centurion and Healer","floor":28.0,"turns":3.0},{"damage":0.0,"enemies":"Cultist and Chosen","floor":29.0,"turns":3.0},{"damage":2.0,"enemies":"Gremlin Leader","floor":31.0,"turns":5.0},{"damage":23.0,"enemies":"Collector","floor":33.0,"turns":7.0},{"damage":2.0,"enemies":"3 Shapes","floor":35.0,"turns":4.0},{"damage":0.0,"enemies":"Orb Walker","floor":36.0,"turns":3.0},{"damage":1.0,"enemies":"2 Orb Walkers","floor":37.0,"turns":6.0},{"damage":17.0,"enemies":"Mind Bloom Boss Battle","floor":39.0,"turns":5.0},{"damage":0.0,"enemies":"Giant Head","floor":40.0,"turns":9.0},{"damage":19.0,"enemies":"Nemesis","floor":45.0,"turns":5.0},{"damage":0.0,"enemies":"Giant Head","floor":47.0,"turns":6.0},{"damage":0.0,"enemies":"Transient","floor":48.0,"turns":5.0},{"damage":29.0,"enemies":"Time Eater","floor":50.0,"turns":6.0},{"damage":16.0,"enemies":"Shield and Spear","floor":54.0,"turns":5.0},{"damage":24,"enemies":"The Heart","floor":55,"turns":5}],"seed_played":"-6525066446434135539","potions_obtained":[{"floor":5.0,"key":"Strength Potion"},{"floor":8.0,"key":"Strength Potion"},{"floor":12.0,"key":"AttackPotion"},{"floor":16.0,"key":"FearPotion"},{"floor":21.0,"key":"Block Potion"},{"floor":31.0,"key":"EntropicBrew"},{"floor":33.0,"key":"Dexterity Potion"},{"floor":35.0,"key":"Fire Potion"},{"floor":37.0,"key":"FairyPotion"},{"floor":54.0,"key":"LiquidBronze"}],"is_trial":false,"path_per_floor":["M","?","M","$","M","E","R","M","T","?","R","E","?","M","R","B",null,"M","$","?","?","?","R","E","R","T","M","M","M","T","E","R","B",null,"M","M","?","$","?","E","R","?","T","?","E","R","E","M","R","B",null,"R","$","E","B",null],"character_chosen":"DEFECT","items_purchased":["Cold Snap","Buffer+1","FTL","Flash of Steel","Capacitor+1","Good Instincts","Beam Cell","Strawberry"],"campfire_rested":0,"item_purchase_floors":[4,19,19,19,38,38,38,53],"current_hp_per_floor":[75,85,71,71,78,66,66,63,63,63,63,52,52,52,52,24,85,80,80,80,65,65,65,72,72,72,79,76,76,76,81,81,72,85,85,85,85,85,68,80,80,80,80,80,73,73,85,85,85,72,91,91,98,94,86],"gold":110,"neow_bonus":"BOSS_RELIC","is_prod":false,"is_daily":false,"chose_seed":false,"campfire_upgraded":9,"win_rate":0,"timestamp":1553442578,"path_taken":["M","?","M","?","M","E","R","M","T","?","R","E","?","M","R","BOSS","M","$","?","?","?","R","E","R","T","?","M","?","?","E","R","BOSS","M","M","?","$","?","E","R","?","T","?","E","R","E","M","R","BOSS","R","$","E","BOSS"],"build_version":"2019-01-23","purchased_purges":3,"victory":true,"max_hp_per_floor":[75,85,85,85,85,85,85,85,85,85,85,85,85,85,85,85,85,85,85,85,85,85,85,85,85,85,85,85,85,85,85,85,85,85,85,85,85,85,85,87,87,87,87,87,89,89,91,91,91,91,91,91,98,100,100],"card_choices":[{"not_picked":["Compile Driver","Turbo"],"picked":"Gash","floor":1.0},{"not_picked":["Barrage","Aggregate"],"picked":"Ball Lightning","floor":3.0},{"not_picked":["Consume","Stack"],"picked":"Melter","floor":5.0},{"not_picked":["Fusion","Genetic Algorithm"],"picked":"Conserve Battery","floor":6.0},{"not_picked":["Coolheaded","Streamline"],"picked":"Auto Shields","floor":8.0},{"not_picked":["Barrage","Rip and Tear"],"picked":"Go for the Eyes","floor":12.0},{"not_picked":["Hyperbeam","Hologram"],"picked":"Scrape","floor":14.0},{"not_picked":["Multi-Cast","Rainbow"],"picked":"Buffer+1","floor":16.0},{"not_picked":["Conserve Battery","Turbo"],"picked":"Beam Cell","floor":18.0},{"not_picked":["Glacier+1","Steam"],"picked":"Go for the Eyes+1","floor":24.0},{"not_picked":["Chaos","Sunder"],"picked":"Gash","floor":27.0},{"not_picked":["Barrage","Gash+1"],"picked":"Defragment+1","floor":28.0},{"not_picked":["Amplify","Hologram"],"picked":"Reinforced Body+1","floor":29.0},{"not_picked":["Sweeping Beam","Barrage+1","Hologram"],"picked":"SKIP","floor":31.0},{"not_picked":["Core Surge","Multi-Cast"],"picked":"Echo Form+1","floor":33.0},{"not_picked":["Sunder+1","Recycle"],"picked":"Beam Cell+1","floor":35.0},{"not_picked":["Coolheaded","Stack+1"],"picked":"Cold Snap","floor":36.0},{"not_picked":["Heatsinks+1","Coolheaded+1"],"picked":"Streamline+1","floor":37.0},{"not_picked":["Hello World+1","Turbo"],"picked":"Reinforced Body","floor":39.0},{"not_picked":["Melter+1","Streamline","Static Discharge+1"],"picked":"Singing Bowl","floor":40.0},{"not_picked":["Dark Shackles","Secret Technique"],"picked":"Swift Strike","floor":42.0},{"not_picked":["Self Repair+1","Sweeping Beam","Ball Lightning"],"picked":"Singing Bowl","floor":45.0},{"not_picked":["Coolheaded+1","Rebound+1","Lockon+1"],"picked":"Singing Bowl","floor":47.0},{"not_picked":["Hologram+1","Streamline+1"],"picked":"Gash+1","floor":48.0},{"not_picked":["Redo","Consume+1","Barrage+1"],"picked":"Singing Bowl","floor":54.0}],"player_experience":737141,"relics_obtained":[{"floor":6.0,"key":"Happy Flower"},{"floor":9.0,"key":"War Paint"},{"floor":12.0,"key":"Frozen Egg 2"},{"floor":21.0,"key":"Turnip"},{"floor":21.0,"key":"Ornamental Fan"},{"floor":24.0,"key":"Lantern"},{"floor":24.0,"key":"Pantograph"},{"floor":30.0,"key":"Letter Opener"},{"floor":31.0,"key":"Potion Belt"},{"floor":31.0,"key":"Juzu Bracelet"},{"floor":37.0,"key":"Gambling Chip"},{"floor":39.0,"key":"Unceasing Top"},{"floor":40.0,"key":"Bag of Preparation"},{"floor":40.0,"key":"Singing Bowl"},{"floor":43.0,"key":"Ancient Tea Set"},{"floor":45.0,"key":"Molten Egg 2"},{"floor":45.0,"key":"Regal Pillow"},{"floor":47.0,"key":"Emotion Chip"},{"floor":47.0,"key":"Symbiotic Virus"},{"floor":54.0,"key":"Kunai"},{"floor":54.0,"key":"Shuriken"}],"event_choices":[{"damage_healed":0.0,"max_hp_gain":0.0,"max_hp_loss":0.0,"gold_gain":0.0,"event_name":"Big Fish","player_choice":"Box","floor":2.0,"gold_loss":0.0,"damage_taken":0.0,"relics_obtained":["Pear"],"cards_obtained":["Regret"]},{"damage_healed":0.0,"max_hp_gain":0.0,"max_hp_loss":0.0,"gold_gain":72.0,"event_name":"Golden Wing","player_choice":"Gained Gold","floor":10.0,"gold_loss":0.0,"damage_taken":0.0},{"damage_healed":0.0,"max_hp_gain":0.0,"max_hp_loss":0.0,"gold_gain":0.0,"cards_transformed":["Thunder Strike"],"event_name":"Transmorgrifier","player_choice":"Transformed","floor":13.0,"gold_loss":0.0,"damage_taken":0.0,"cards_obtained":["FTL"]},{"damage_healed":0.0,"max_hp_gain":0.0,"max_hp_loss":0.0,"gold_gain":0.0,"event_name":"Vampires","player_choice":"Ignored","floor":20.0,"gold_loss":0.0,"damage_taken":0.0},{"damage_healed":0.0,"max_hp_gain":0.0,"max_hp_loss":0.0,"gold_gain":0.0,"event_name":"Colosseum","player_choice":"Fight","floor":21.0,"gold_loss":0.0,"damage_taken":0.0},{"damage_healed":0.0,"max_hp_gain":0.0,"max_hp_loss":0.0,"gold_gain":0.0,"event_name":"Colosseum","player_choice":"Fought Nobs","floor":21.0,"gold_loss":0.0,"damage_taken":0.0},{"damage_healed":0.0,"max_hp_gain":0.0,"max_hp_loss":0.0,"gold_gain":0.0,"event_name":"Duplicator","player_choice":"Copied","floor":22.0,"gold_loss":0.0,"damage_taken":0.0,"cards_obtained":["All For One"]},{"damage_healed":0.0,"max_hp_gain":0.0,"max_hp_loss":0.0,"gold_gain":0.0,"event_name":"Mysterious Sphere","player_choice":"Fight","floor":37.0,"gold_loss":0.0,"damage_taken":0.0},{"damage_healed":0.0,"max_hp_gain":0.0,"max_hp_loss":0.0,"gold_gain":0.0,"event_name":"MindBloom","player_choice":"Fight","floor":39.0,"gold_loss":0.0,"damage_taken":0.0},{"damage_healed":0.0,"max_hp_gain":0.0,"max_hp_loss":0.0,"gold_gain":0.0,"event_name":"SensoryStone","player_choice":"Memory 1","floor":42.0,"gold_loss":0.0,"damage_taken":0.0},{"cards_removed":["Cold Snap"],"damage_healed":0.0,"max_hp_gain":0.0,"max_hp_loss":0.0,"gold_gain":0.0,"event_name":"Falling","player_choice":"Removed Attack","floor":44.0,"gold_loss":0.0,"damage_taken":0.0}],"is_beta":false,"boss_relics":[{"not_picked":["Orrery","Empty Cage"],"picked":"Black Star"},{"not_picked":["Busted Crown","Eternal Feather"],"picked":"Nuclear Battery"}],"items_purged_floors":[4,38,53],"is_endless":false,"potions_floor_spawned":[5,8,12,16,21,24,29,31,33,35,37,45,47,54],"ascension_level":0}