{"gold_per_floor":[113,38,38,38,38,38,73,92,117,143,143,166,166,180,180,253,253,271,116,116,116,116,116,134,134,134,134,34,98,115,126,126,126],"floor_reached":33,"playtime":1080,"items_purged":["Strike_R","Defend_R"],"score":509,"play_id":"251960e3-ab7c-45b0-b9bd-397eaf75f72f","local_time":"20190525203946","is_ascension_mode":true,"campfire_choices":[{"floor":6,"key":"REST"},{"floor":11,"key":"REST"},{"data":"Armaments","floor":13,"key":"SMITH"},{"data":"Bash","floor":15,"key":"SMITH"},{"data":"Whirlwind","floor":23,"key":"SMITH"},{"floor":27,"key":"REST"},{"data":"Spot Weakness","floor":32,"key":"SMITH"}],"neow_cost":"CURSE","seed_source_timestamp":1027130244647600,"circlet_count":0,"master_deck":["AscendersBane","Defend_R+1","Bash+1","Anger+1","Armaments+1","Shockwave","Iron Wave","Flex","Offering","Whirlwind+1","Battle Trance","Bite","Bite","Bite","Bite","Bite","Ghostly","Ghostly","Ghostly","Anger","Corruption+1","Shrug It Off+1","Spot Weakness+1","Body Slam"],"relics":["Burning Blood","Calipers","Happy Flower","Strawberry","Sundial","Art of War","Sozu","Orichalcum","Paper Frog","Tiny Chest"],"potions_floor_usage":[10,16,16,18],"damage_taken":[{"damage":19,"enemies":"2 Louse","floor":1,"turns":4},{"damage":20,"enemies":"Gremlin Nob","floor":7,"turns":4},{"damage":4,"enemies":"Jaw Worm","floor":8,"turns":3},{"damage":41,"enemies":"3 Sentries","floor":10,"turns":15},{"damage":1,"enemies":"Cultist","floor":14,"turns":4},{"damage":34,"enemies":"Slime Boss","floor":16,"turns":12},{"damage":23,"enemies":"Shell Parasite","floor":18,"turns":6},{"damage":22,"enemies":"Spheric Guardian","floor":24,"turns":4},{"damage":12,"enemies":"Slavers","floor":29,"turns":4},{"damage":6,"enemies":"Centurion and Healer","floor":30,"turns":6},{"damage":6,"enemies":"Cultist and Chosen","floor":31,"turns":4},{"damage":49,"enemies":"Champ","floor":33,"turns":6}],"seed_played":"2520175130689543879","potions_obtained":[{"floor":7,"key":"SpeedPotion"},{"floor":10,"key":"AttackPotion"},{"floor":14,"key":"EssenceOfSteel"},{"floor":16,"key":"EssenceOfSteel"}],"is_trial":false,"path_per_floor":["M","?","$","?","?","R","E","M","T","E","R","T","R","M","R","B",null,"M","$","?","?","?","R","M","?","T","R","$","E","M","M","R","B"],"character_chosen":"IRONCLAD","items_purchased":["Battle Trance"],"campfire_rested":3,"item_purchase_floors":[19],"current_hp_per_floor":[55,55,55,48,25,47,33,35,42,7,31,31,31,36,36,8,64,47,47,47,28,28,28,12,12,12,20,20,22,28,28,28,0],"gold":126,"neow_bonus":"ONE_RARE_RELIC","is_prod":false,"is_daily":false,"chose_seed":false,"campfire_upgraded":4,"win_rate":0,"timestamp":1558809586,"path_taken":["M","?","$","?","?","R","E","M","T","E","R","?","R","M","R","BOSS","M","$","?","?","?","R","M","?","T","R","$","E","?","M","R","BOSS"],"build_version":"2019-01-23","purchased_purges":2,"victory":false,"max_hp_per_floor":[75,75,75,75,75,75,75,75,82,82,82,82,82,82,82,82,82,82,82,57,28,28,28,28,28,28,28,28,28,28,28,28,28],"card_choices":[{"not_picked":["Pommel Strike","Battle Trance"],"picked":"Anger","floor":1},{"not_picked":["Dark Embrace","Shrug It Off"],"picked":"Armaments","floor":7},{"not_picked":["Thunderclap","Ghostly Armor"],"picked":"Shockwave","floor":8},{"not_picked":["Perfected Strike","Havoc"],"picked":"Iron Wave","floor":10},{"not_picked":["Heavy Blade","Sword Boomerang"],"picked":"Flex","floor":14},{"not_picked":["Bludgeon","Limit Break"],"picked":"Offering","floor":16},{"not_picked":["Thunderclap","Bloodletting"],"picked":"Whirlwind","floor":18},{"not_picked":["Power Through+1","Clothesline"],"picked":"Corruption+1","floor":24},{"not_picked":["Reckless Charge","Feel No Pain"],"picked":"Shrug It Off+1","floor":29},{"not_picked":["Warcry","Second Wind"],"picked":"Spot Weakness","floor":30},{"not_picked":["Shrug It Off","Havoc"],"picked":"Body Slam","floor":31}],"player_experience":1202382,"relics_obtained":[{"floor":7,"key":"Happy Flower"},{"floor":9,"key":"Strawberry"},{"floor":10,"key":"Sundial"},{"floor":12,"key":"Art of War"},{"floor":26,"key":"Paper Frog"},{"floor":29,"key":"Tiny Chest"}],"event_choices":[{"cards_removed":["Pain"],"damage_healed":0,"gold_gain":0,"player_choice":"Card Removal","damage_taken":0,"max_hp_gain":0,"max_hp_loss":0,"event_name":"The Cleric","floor":2,"gold_loss":75},{"cards_removed":["Strike_R"],"damage_healed":0,"gold_gain":0,"player_choice":"Card Removal","damage_taken":7,"max_hp_gain":0,"max_hp_loss":0,"event_name":"Golden Wing","floor":4,"gold_loss":0},{"damage_healed":0,"gold_gain":0,"player_choice":"Entered Light","damage_taken":23,"max_hp_gain":0,"max_hp_loss":0,"event_name":"Shining Light","floor":5,"gold_loss":0,"cards_upgraded":["Anger","Defend_R"]},{"damage_healed":0,"gold_gain":0,"player_choice":"Became a vampire","damage_taken":0,"max_hp_gain":0,"max_hp_loss":25,"event_name":"Vampires","floor":20,"gold_loss":0,"cards_obtained":["Bite","Bite","Bite","Bite","Bite"]},{"damage_healed":0,"gold_gain":0,"player_choice":"Became a Ghost","damage_taken":0,"max_hp_gain":0,"max_hp_loss":29,"event_name":"Ghosts","floor":21,"gold_loss":0,"cards_obtained":["Ghostly","Ghostly","Ghostly"]},{"damage_healed":0,"gold_gain":0,"cards_transformed":["Defend_R","Defend_R"],"player_choice":"Became Test Subject","damage_taken":0,"max_hp_gain":0,"max_hp_loss":0,"event_name":"Drug Dealer","floor":22,"gold_loss":0,"cards_obtained":["Second Wind","Anger"]},{"cards_removed":["Second Wind"],"damage_healed":0,"gold_gain":0,"player_choice":"Gave Card","damage_taken":0,"relics_obtained":["Orichalcum"],"max_hp_gain":0,"max_hp_loss":0,"event_name":"WeMeetAgain","floor":25,"gold_loss":0}],"is_beta":false,"boss_relics":[{"not_picked":["Fusion Hammer","Black Blood"],"picked":"Sozu"}],"items_purged_floors":[19,28],"is_endless":false,"potions_floor_spawned":[7,10,14,16,29,31],"killed_by":"Champ","ascension_level":16}