{"gold_per_floor":[216,58,69,82,96,96,122,122,146,146,181,181,212,226,226,319,319,338,388,408,424,192,192,216,216,216,229,129,153,28,41,41,131,131,155,221,221,47,67,67,67,67,94,41,54,54,54,74,74,74],"floor_reached":50,"playtime":2972,"items_purged":["Strike_R","Strike_R","Strike_R"],"score":926,"play_id":"5810516c-7b82-4a77-aefd-bab13b1629f2","local_time":"20190525100333","is_ascension_mode":true,"campfire_choices":[{"data":"Uppercut","floor":6,"key":"SMITH"},{"floor":10,"key":"REST"},{"floor":12,"key":"REST"},{"data":"Bludgeon","floor":15,"key":"SMITH"},{"data":"True Grit","floor":23,"key":"SMITH"},{"data":"Feed","floor":25,"key":"SMITH"},{"floor":32,"key":"REST"},{"data":"Bludgeon","floor":40,"key":"SMITH"},{"data":"Immolate","floor":41,"key":"SMITH"},{"data":"Whirlwind","floor":42,"key":"SMITH"},{"floor":46,"key":"REST"},{"floor":49,"key":"REST"}],"neow_cost":"NONE","seed_source_timestamp":367932832852694,"circlet_count":0,"master_deck":["AscendersBane","Bash","Uppercut+1","Carnage+1","Bludgeon+1","Twin Strike","Shrug It Off","Feed+1","Entrench","True Grit+1","Shrug It Off","Bludgeon+1","Whirlwind+1","Feed","Body Slam","Berserk","Immolate+1","Dropkick","Impervious"],"relics":["Burning Blood","Anchor","Omamori","Golden Idol","Bag of Preparation","Whetstone","Letter Opener","Snecko Eye","PreservedInsect","Singing Bowl","Pandora\u0027s Box","WingedGreaves","Bronze Scales"],"potions_floor_usage":[5,7,11,16,24,29,33,36,50,50],"damage_taken":[{"damage":6,"enemies":"2 Louse","floor":1,"turns":2},{"damage":7,"enemies":"Small Slimes","floor":3,"turns":3},{"damage":2,"enemies":"Cultist","floor":4,"turns":4},{"damage":14,"enemies":"Lots of Slimes","floor":5,"turns":5},{"damage":45,"enemies":"3 Sentries","floor":7,"turns":10},{"damage":24,"enemies":"Gremlin Nob","floor":11,"turns":4},{"damage":30,"enemies":"Lagavulin","floor":13,"turns":6},{"damage":0,"enemies":"Red Slaver","floor":14,"turns":2},{"damage":25,"enemies":"Slime Boss","floor":16,"turns":9},{"damage":12,"enemies":"3 Byrds","floor":18,"turns":5},{"damage":1,"enemies":"Shell Parasite","floor":20,"turns":2},{"damage":27,"enemies":"Shelled Parasite and Fungi","floor":21,"turns":4},{"damage":4,"enemies":"Snake Plant","floor":24,"turns":2},{"damage":0,"enemies":"Snecko","floor":27,"turns":4},{"damage":9,"enemies":"Chosen and Byrds","floor":29,"turns":4},{"damage":11,"enemies":"Shelled Parasite and Fungi","floor":31,"turns":4},{"damage":70,"enemies":"Automaton","floor":33,"turns":8},{"damage":0,"enemies":"Orb Walker","floor":35,"turns":1},{"damage":0,"enemies":"2 Orb Walkers","floor":36,"turns":2},{"damage":44,"enemies":"3 Darklings","floor":39,"turns":4},{"damage":17,"enemies":"Spire Growth","floor":45,"turns":3},{"damage":2,"enemies":"Transient","floor":48,"turns":6},{"damage":102,"enemies":"Awakened One","floor":50,"turns":10}],"seed_played":"529809090413126566","potions_obtained":[{"floor":1,"key":"AttackPotion"},{"floor":4,"key":"Poison Potion"},{"floor":7,"key":"BloodPotion"},{"floor":13,"key":"AttackPotion"},{"floor":18,"key":"Fire Potion"},{"floor":21,"key":"SteroidPotion"},{"floor":24,"key":"PowerPotion"},{"floor":31,"key":"Explosive Potion"},{"floor":39,"key":"LiquidBronze"}],"is_trial":false,"path_per_floor":["M","$","M","M","M","R","E","?","T","R","E","R","E","M","R","B",null,"M","?","M","M","$","R","M","R","T","M","$","M","$","M","R","B",null,"M","?","?","$","M","R","R","R","T","$","M","R","?","M","R","B"],"character_chosen":"IRONCLAD","items_purchased":["Anchor","PreservedInsect","Impervious","Block Potion"],"campfire_rested":5,"item_purchase_floors":[2,22,38,44],"current_hp_per_floor":[68,68,67,71,63,63,24,24,24,46,35,57,33,39,39,20,61,55,48,53,32,32,32,37,37,37,45,45,46,46,47,74,14,74,82,93,93,93,57,57,57,57,57,57,48,78,78,84,102,0],"gold":74,"neow_bonus":"HUNDRED_GOLD","is_prod":false,"is_daily":false,"chose_seed":false,"campfire_upgraded":7,"win_rate":0,"timestamp":1558775013,"path_taken":["M","$","M","M","M","R","E","?","T","R","E","R","E","M","R","BOSS","M","?","M","?","$","R","?","R","T","M","?","M","$","M","R","BOSS","M","?","?","?","?","R","R","R","T","$","?","R","?","M","R","BOSS"],"build_version":"2019-01-23","purchased_purges":3,"victory":false,"max_hp_per_floor":[75,75,75,75,75,75,75,75,75,75,75,75,75,75,75,75,75,75,75,75,75,75,75,78,78,78,80,80,84,84,90,90,94,94,96,101,96,96,98,98,98,98,98,98,100,100,100,102,102,102],"card_choices":[{"not_picked":["Entrench","Clash","Flex"],"picked":"SKIP","floor":1},{"not_picked":["Warcry","Fire Breathing","Wild Strike"],"picked":"SKIP","floor":3},{"not_picked":["Sever Soul","Headbutt"],"picked":"Uppercut","floor":4},{"not_picked":["Thunderclap","Dual Wield","Blood for Blood"],"picked":"SKIP","floor":5},{"not_picked":["Corruption","Flex"],"picked":"Carnage","floor":7},{"not_picked":["Heavy Blade","Thunderclap"],"picked":"Bludgeon","floor":11},{"not_picked":["Rage","Havoc","Twin Strike"],"picked":"SKIP","floor":13},{"not_picked":["Rage","Havoc"],"picked":"Twin Strike","floor":13},{"not_picked":["Heavy Blade","Twin Strike"],"picked":"Shrug It Off","floor":14},{"not_picked":["Offering","Reaper"],"picked":"Feed","floor":16},{"not_picked":["Pummel","Clothesline"],"picked":"Entrench","floor":18},{"not_picked":["Thunderclap","Heavy Blade","Wild Strike"],"picked":"SKIP","floor":20},{"not_picked":["Pommel Strike","Warcry"],"picked":"True Grit","floor":21},{"not_picked":["Entrench","Body Slam"],"picked":"Combust","floor":24},{"not_picked":["Intimidate","Flex","Ghostly Armor"],"picked":"Singing Bowl","floor":27},{"not_picked":["Armaments","Blood for Blood"],"picked":"Shrug It Off","floor":29},{"not_picked":["Perfected Strike+1","Twin Strike","Armaments"],"picked":"Singing Bowl","floor":31},{"not_picked":["Limit Break","Dark Embrace"],"picked":"Bludgeon","floor":33},{"not_picked":["Heavy Blade+1","Sword Boomerang","Clothesline"],"picked":"Singing Bowl","floor":35},{"not_picked":["Pommel Strike","Iron Wave","Clash"],"picked":"Singing Bowl","floor":36},{"not_picked":["Anger","Havoc","Sword Boomerang"],"picked":"Singing Bowl","floor":39},{"not_picked":["Perfected Strike","Headbutt","Clothesline+1"],"picked":"Singing Bowl","floor":45},{"not_picked":["Corruption+1","Burning Pact","Shrug It Off"],"picked":"Singing Bowl","floor":48}],"player_experience":1046582,"relics_obtained":[{"floor":7,"key":"Omamori"},{"floor":9,"key":"Bag of Preparation"},{"floor":11,"key":"Whetstone"},{"floor":13,"key":"Letter Opener"},{"floor":26,"key":"Singing Bowl"},{"floor":36,"key":"WingedGreaves"},{"floor":43,"key":"Bronze Scales"}],"event_choices":[{"damage_healed":0,"gold_gain":0,"player_choice":"Take Wound","damage_taken":0,"relics_obtained":["Golden Idol"],"max_hp_gain":0,"max_hp_loss":0,"event_name":"Golden Idol","floor":8,"gold_loss":0,"cards_obtained":["Injury"]},{"damage_healed":0,"gold_gain":50,"player_choice":"Touch","damage_taken":7,"max_hp_gain":0,"max_hp_loss":0,"event_name":"FaceTrader","floor":19,"gold_loss":0},{"damage_healed":0,"gold_gain":0,"player_choice":"Fight","damage_taken":0,"max_hp_gain":0,"max_hp_loss":0,"event_name":"Mysterious Sphere","floor":36,"gold_loss":0},{"damage_healed":0,"gold_gain":0,"player_choice":"Max HP","damage_taken":0,"max_hp_gain":0,"max_hp_loss":5,"event_name":"Winding Halls","floor":37,"gold_loss":0},{"cards_removed":["Combust"],"damage_healed":0,"gold_gain":0,"player_choice":"Removed Power","damage_taken":0,"max_hp_gain":0,"max_hp_loss":0,"event_name":"Falling","floor":47,"gold_loss":0}],"is_beta":false,"boss_relics":[{"not_picked":["Runic Dome","Eternal Feather"],"picked":"Snecko Eye"},{"not_picked":["Sozu","Runic Pyramid"],"picked":"Pandora\u0027s Box"}],"items_purged_floors":[22,28,30],"is_endless":false,"potions_floor_spawned":[1,4,7,13,18,21,24,31,39],"killed_by":"Awakened One","ascension_level":19}