{"gold_per_floor":[112,112,112,125,300,326,341,13,313,388,388,401,414,433,433,534,534,548,69,85,85,102,131,142,142,142,142,0,0,18,37,37,139,139,154,154,173,188,0,0,0,0,23,23,41,41,41,51,51,51,51,51,4,30,30],"floor_reached":55,"playtime":2245,"items_purged":["Doubt","Strike_R"],"score":691,"play_id":"235e89f6-4053-4ef6-b25a-e2d6fb99bf76","local_time":"20190626220213","is_ascension_mode":false,"campfire_choices":[{"data":"1","floor":11,"key":"LIFT"},{"data":"2","floor":15,"key":"LIFT"},{"data":"3","floor":25,"key":"LIFT"},{"data":"Heavy Blade","floor":27,"key":"SMITH"},{"floor":29,"key":"REST"},{"data":"Heavy Blade","floor":32,"key":"SMITH"},{"data":"Pummel","floor":40,"key":"SMITH"},{"floor":44,"key":"RECALL"},{"floor":46,"key":"REST"},{"floor":49,"key":"REST"},{"data":"Clothesline","floor":52,"key":"SMITH"}],"neow_cost":"NONE","seed_source_timestamp":758911290261,"circlet_count":0,"master_deck":["Strike_R","Strike_R","Defend_R","Defend_R","Defend_R","Defend_R","Bash","Battle Trance+1","Clothesline+1","Immolate","Iron Wave","Spot Weakness+1","Pummel+1","Headbutt","Offering+1","Shrug It Off+1","Whirlwind+1","True Grit+1","Heavy Blade+1","Thunderclap","True Grit+1","Sword Boomerang","Heavy Blade+1","Impervious+1","True Grit+1","Madness+1","Madness+1","Iron Wave+1","Parasite","Shrug It Off+1","Clothesline+1","Armaments+1","Shockwave+1"],"relics":["Burning Blood","NeowsBlessing","Girya","Toxic Egg 2","Old Coin","Mark of Pain","Torii","Blue Candle","Sundial","Cursed Key","Red Mask","Red Skull"],"potions_floor_usage":[16,22,22,23,33,38,42,42,50,55],"damage_taken":[{"damage":0,"enemies":"Small Slimes","floor":1,"turns":1},{"damage":0,"enemies":"2 Louse","floor":4,"turns":1},{"damage":0,"enemies":"3 Sentries","floor":6,"turns":2},{"damage":6,"enemies":"Cultist","floor":7,"turns":3},{"damage":1,"enemies":"Exordium Wildlife","floor":12,"turns":2},{"damage":5,"enemies":"Looter","floor":13,"turns":2},{"damage":21,"enemies":"Large Slime","floor":14,"turns":5},{"damage":33,"enemies":"Hexaghost","floor":16,"turns":6},{"damage":16,"enemies":"3 Byrds","floor":18,"turns":3},{"damage":7,"enemies":"Chosen","floor":20,"turns":2},{"damage":21,"enemies":"Shelled Parasite and Fungi","floor":22,"turns":2},{"damage":34,"enemies":"Gremlin Leader","floor":23,"turns":5},{"damage":7,"enemies":"3 Cultists","floor":24,"turns":3},{"damage":0,"enemies":"Centurion and Healer","floor":30,"turns":4},{"damage":8,"enemies":"Cultist and Chosen","floor":31,"turns":3},{"damage":7,"enemies":"Collector","floor":33,"turns":5},{"damage":10,"enemies":"Orb Walker","floor":35,"turns":2},{"damage":0,"enemies":"3 Darklings","floor":37,"turns":3},{"damage":32,"enemies":"Writhing Mass","floor":38,"turns":2},{"damage":9,"enemies":"4 Shapes","floor":42,"turns":3},{"damage":6,"enemies":"Jaw Worm Horde","floor":45,"turns":1},{"damage":19,"enemies":"Spire Growth","floor":48,"turns":4},{"damage":68,"enemies":"Awakened One","floor":50,"turns":13},{"damage":8,"enemies":"Shield and Spear","floor":54,"turns":5},{"damage":100,"enemies":"The Heart","floor":55,"turns":8}],"seed_played":"-7423481426302853554","potions_obtained":[{"floor":1,"key":"Strength Potion"},{"floor":12,"key":"Ancient Potion"},{"floor":16,"key":"SteroidPotion"},{"floor":18,"key":"AttackPotion"},{"floor":22,"key":"BloodPotion"},{"floor":24,"key":"SkillPotion"},{"floor":33,"key":"Swift Potion"},{"floor":35,"key":"FearPotion"},{"floor":37,"key":"SmokeBomb"},{"floor":38,"key":"LiquidBronze"},{"floor":48,"key":"EssenceOfSteel"}],"is_trial":false,"path_per_floor":["M","?","?","M","?","E","M","$","T","?","R","M","M","M","R","B",null,"M","$","M","?","M","E","M","R","T","R","?","R","M","M","R","B",null,"M","?","M","M","?","R","?","M","T","R","M","R","$","M","R","B",null,"R","$","E","B"],"character_chosen":"IRONCLAD","items_purchased":["Toxic Egg 2","Whirlwind","Torii","Armaments+1"],"campfire_rested":3,"item_purchase_floors":[8,19,19,53],"current_hp_per_floor":[80,80,80,80,80,80,80,80,80,69,69,74,75,60,60,33,80,70,70,69,69,54,34,33,33,33,33,33,57,63,61,61,60,80,76,66,72,46,46,46,46,43,43,43,43,67,67,54,78,16,80,80,80,78,0],"gold":30,"neow_bonus":"THREE_ENEMY_KILL","is_prod":false,"is_daily":false,"chose_seed":false,"campfire_upgraded":4,"win_rate":0,"timestamp":1561600933,"path_taken":["M","?","?","?","?","E","M","$","T","?","R","M","M","M","R","BOSS","M","$","M","?","M","E","M","R","T","R","?","R","M","M","R","BOSS","M","?","M","M","?","R","?","?","T","R","M","R","?","M","R","BOSS","R","$","E","BOSS"],"build_version":"2019-01-23","purchased_purges":2,"victory":false,"max_hp_per_floor":[80,80,80,80,80,80,80,80,80,80,80,80,80,80,80,80,80,80,80,80,80,80,80,80,80,80,80,80,80,80,80,80,80,80,80,80,80,80,80,80,80,80,80,80,80,80,80,80,80,80,80,80,80,80,80],"card_choices":[{"not_picked":["Dropkick","Body Slam"],"picked":"Battle Trance","floor":1},{"not_picked":["Power Through","Headbutt"],"picked":"Clothesline","floor":4},{"not_picked":["Twin Strike","Spot Weakness"],"picked":"Immolate","floor":6},{"not_picked":["Clash","Sentinel"],"picked":"Iron Wave","floor":7},{"not_picked":["Heavy Blade","Cleave"],"picked":"Spot Weakness+1","floor":12},{"not_picked":["Dropkick","Perfected Strike"],"picked":"Pummel","floor":13},{"not_picked":["Feel No Pain","Twin Strike"],"picked":"Headbutt","floor":14},{"not_picked":["Bludgeon","Fiend Fire"],"picked":"Offering+1","floor":16},{"not_picked":["Perfected Strike","Rupture"],"picked":"Shrug It Off+1","floor":18},{"not_picked":["Shrug It Off+1","Body Slam+1"],"picked":"True Grit+1","floor":20},{"not_picked":["Perfected Strike","Flex+1"],"picked":"Heavy Blade","floor":22},{"not_picked":["Searing Blow","Twin Strike"],"picked":"Thunderclap","floor":23},{"not_picked":["Armaments+1","Twin Strike+1"],"picked":"True Grit+1","floor":24},{"not_picked":["Iron Wave+1","Reckless Charge"],"picked":"Sword Boomerang","floor":30},{"not_picked":["Body Slam","Clothesline+1"],"picked":"Heavy Blade","floor":31},{"not_picked":["Immolate","Barricade"],"picked":"Impervious+1","floor":33},{"not_picked":["Evolve+1","Armaments+1"],"picked":"True Grit+1","floor":35},{"not_picked":["Burning Pact+1","Body Slam","Rampage"],"picked":"SKIP","floor":37},{"not_picked":["Fire Breathing+1","Clash"],"picked":"Iron Wave+1","floor":38},{"not_picked":["Havoc+1","Perfected Strike"],"picked":"Shrug It Off+1","floor":45},{"not_picked":["Body Slam+1","Clash"],"picked":"Clothesline+1","floor":48},{"not_picked":["Seeing Red+1","Pommel Strike"],"picked":"Shockwave+1","floor":54}],"player_experience":256429,"relics_obtained":[{"floor":6,"key":"Girya"},{"floor":9,"key":"Old Coin"},{"floor":23,"key":"Blue Candle"},{"floor":26,"key":"Sundial"},{"floor":54,"key":"Red Skull"}],"event_choices":[{"cards_removed":["Strike_R"],"damage_healed":0,"gold_gain":0,"player_choice":"Forget","damage_taken":0,"max_hp_gain":0,"max_hp_loss":0,"event_name":"Living Wall","floor":2,"gold_loss":0},{"damage_healed":0,"gold_gain":0,"player_choice":"Upgraded","damage_taken":0,"max_hp_gain":0,"max_hp_loss":0,"event_name":"Upgrade Shrine","floor":3,"gold_loss":0,"cards_upgraded":["Battle Trance"]},{"damage_healed":0,"gold_gain":175,"player_choice":"AGREE","damage_taken":0,"max_hp_gain":0,"max_hp_loss":0,"event_name":"Liars Game","floor":5,"gold_loss":0,"cards_obtained":["Doubt"]},{"damage_healed":0,"gold_gain":75,"player_choice":"Gather Gold","damage_taken":11,"max_hp_gain":0,"max_hp_loss":0,"event_name":"World of Goop","floor":10,"gold_loss":0},{"cards_removed":["Strike_R"],"damage_healed":0,"gold_gain":0,"player_choice":"Elegance","damage_taken":0,"max_hp_gain":0,"max_hp_loss":0,"event_name":"Back to Basics","floor":21,"gold_loss":0},{"damage_healed":0,"gold_gain":0,"player_choice":"Paid Fearfully","damage_taken":0,"max_hp_gain":0,"max_hp_loss":0,"event_name":"Masked Bandits","floor":28,"gold_loss":142},{"damage_healed":0,"gold_gain":0,"player_choice":"Embrace Madness","damage_taken":10,"max_hp_gain":0,"max_hp_loss":0,"event_name":"Winding Halls","floor":36,"gold_loss":0,"cards_obtained":["Madness","Madness"]},{"damage_healed":0,"gold_gain":0,"player_choice":"Paid","damage_taken":0,"relics_obtained":["Red Mask"],"max_hp_gain":0,"max_hp_loss":0,"event_name":"Tomb of Lord Red Mask","floor":39,"gold_loss":188},{"damage_healed":0,"gold_gain":0,"player_choice":"Upgraded","damage_taken":0,"max_hp_gain":0,"max_hp_loss":0,"event_name":"Upgrade Shrine","floor":41,"gold_loss":0,"cards_upgraded":["Whirlwind"]}],"is_beta":false,"boss_relics":[{"not_picked":["Eternal Feather","Coffee Dripper"],"picked":"Mark of Pain"},{"not_picked":["Astrolabe","Lizard Tail"],"picked":"Cursed Key"}],"items_purged_floors":[8,19],"is_endless":false,"potions_floor_spawned":[1,12,16,18,22,24,33,35,37,38,48],"killed_by":"The Heart","ascension_level":0}