{"gold_per_floor":[118,43,63,78,78,78,105,105,105,136,166],"floor_reached":11,"playtime":400,"items_purged":[],"score":150,"play_id":"a748ad46-8de2-4280-bf42-5bac2ddbf0bf","local_time":"20190706123519","is_ascension_mode":true,"campfire_choices":[{"data":"True Grit","floor":6,"key":"SMITH"},{"data":"Bash","floor":8,"key":"SMITH"}],"neow_cost":"NONE","seed_source_timestamp":11356311999600,"circlet_count":0,"master_deck":["AscendersBane","Strike_R","Strike_R","Strike_R","Strike_R","Defend_R","Defend_R","Defend_R","Defend_R","Bash+1","Whirlwind+1","Thunderclap","True Grit+1","Headbutt","Feed"],"relics":["Burning Blood","Pear","Ornamental Fan","Bronze Scales","Tiny Chest"],"potions_floor_usage":[4,10],"damage_taken":[{"damage":24,"enemies":"Jaw Worm","floor":1,"turns":4},{"damage":4,"enemies":"Small Slimes","floor":3,"turns":4},{"damage":5,"enemies":"2 Louse","floor":4,"turns":2},{"damage":25,"enemies":"Gremlin Nob","floor":7,"turns":4},{"damage":43,"enemies":"Lagavulin","floor":10,"turns":11},{"damage":55,"enemies":"Lagavulin Event","floor":11,"turns":6}],"seed_played":"-790514036842827693","potions_obtained":[{"floor":1,"key":"BloodPotion"},{"floor":3,"key":"FearPotion"}],"is_trial":false,"path_per_floor":["M","?","M","M","?","R","E","R","T","E","?"],"character_chosen":"IRONCLAD","items_purchased":[],"campfire_rested":0,"item_purchase_floors":[],"current_hp_per_floor":[57,57,59,60,60,60,51,51,51,37,0],"gold":166,"neow_bonus":"TEN_PERCENT_HP_BONUS","is_prod":false,"is_daily":false,"chose_seed":false,"campfire_upgraded":2,"win_rate":0,"timestamp":1562409319,"path_taken":["M","?","M","M","?","R","E","R","T","E","?"],"build_version":"2019-07-05","purchased_purges":0,"victory":false,"max_hp_per_floor":[82,82,82,82,82,82,92,92,92,92,92],"card_choices":[{"not_picked":["Inflame","Flame Barrier"],"picked":"Whirlwind","floor":1},{"not_picked":["Clash","Wild Strike"],"picked":"Thunderclap","floor":3},{"not_picked":["Evolve","Whirlwind"],"picked":"True Grit","floor":4},{"not_picked":["Twin Strike","Second Wind"],"picked":"Headbutt","floor":7},{"not_picked":["Disarm","Second Wind"],"picked":"Feed","floor":10}],"player_experience":1611874,"relics_obtained":[{"floor":7,"key":"Pear"},{"floor":9,"key":"Ornamental Fan"},{"floor":10,"key":"Bronze Scales"}],"event_choices":[{"cards_removed":["Strike_R"],"damage_healed":0,"gold_gain":0,"player_choice":"Card Removal","damage_taken":0,"max_hp_gain":0,"max_hp_loss":0,"event_name":"The Cleric","floor":2,"gold_loss":75},{"damage_healed":0,"gold_gain":0,"player_choice":"Grow","damage_taken":0,"max_hp_gain":0,"max_hp_loss":0,"event_name":"Living Wall","floor":5,"gold_loss":0,"cards_upgraded":["Whirlwind"]},{"damage_healed":0,"gold_gain":0,"player_choice":"Searched \u00272\u0027 times","damage_taken":0,"relics_obtained":["Tiny Chest"],"max_hp_gain":0,"max_hp_loss":0,"event_name":"Dead Adventurer","floor":11,"gold_loss":0}],"is_beta":false,"boss_relics":[],"items_purged_floors":[],"is_endless":false,"potions_floor_spawned":[1,3],"killed_by":"Lagavulin Event","ascension_level":17}