{"gold_per_floor":[113,132,152,162,162,192,192,218,218,143,40,40,60,71,71,71],"floor_reached":16,"playtime":458,"items_purged":["Strike_R"],"score":207,"play_id":"13e9df77-9256-415b-9a30-8a8a049cb371","local_time":"20190716224336","is_ascension_mode":true,"campfire_choices":[{"data":"Armaments","floor":7,"key":"SMITH"},{"floor":12,"key":"REST"},{"data":"Spot Weakness","floor":15,"key":"SMITH"}],"neow_cost":"TEN_PERCENT_HP_LOSS","seed_source_timestamp":352985194951000,"circlet_count":0,"master_deck":["AscendersBane","Strike_R","Strike_R+1","Defend_R","Defend_R","Defend_R","Defend_R","Bash","Armaments+1","Pommel Strike","Clothesline+1","Spot Weakness+1","Feed","Second Wind","Anger+1","Heavy Blade+1","Shrug It Off"],"relics":["Burning Blood","Turnip","Darkstone Periapt","Whetstone","Molten Egg 2"],"potions_floor_usage":[6,6],"damage_taken":[{"damage":9,"enemies":"Jaw Worm","floor":1,"turns":4},{"damage":5,"enemies":"2 Louse","floor":2,"turns":3},{"damage":6,"enemies":"Cultist","floor":3,"turns":3},{"damage":6,"enemies":"Red Slaver","floor":4,"turns":3},{"damage":15,"enemies":"Gremlin Nob","floor":6,"turns":4},{"damage":34,"enemies":"Lagavulin","floor":8,"turns":7},{"damage":3,"enemies":"Looter","floor":13,"turns":4},{"damage":16,"enemies":"3 Louse","floor":14,"turns":3},{"damage":40,"enemies":"The Guardian","floor":16,"turns":6}],"seed_played":"6793842712676274160","potions_obtained":[{"floor":2,"key":"GamblersBrew"},{"floor":3,"key":"BloodPotion"},{"floor":4,"key":"SkillPotion"}],"is_trial":false,"path_per_floor":["M","M","M","M","?","E","R","E","T","?","$","R","M","M","R","B"],"character_chosen":"IRONCLAD","items_purchased":["Anger+1"],"campfire_rested":1,"item_purchase_floors":[11],"current_hp_per_floor":[65,66,66,66,59,50,50,22,22,22,22,42,45,38,38,0],"gold":71,"neow_bonus":"ONE_RARE_RELIC","is_prod":false,"is_daily":false,"chose_seed":false,"campfire_upgraded":2,"win_rate":0,"timestamp":1563309816,"path_taken":["M","M","M","M","?","E","R","E","T","?","?","R","M","?","R","BOSS"],"build_version":"2019-07-05","purchased_purges":1,"victory":false,"max_hp_per_floor":[68,68,68,68,68,68,68,68,68,68,68,68,68,71,71,71],"card_choices":[{"not_picked":["Heavy Blade","Cleave"],"picked":"Armaments","floor":1},{"not_picked":["Intimidate","Twin Strike"],"picked":"Pommel Strike","floor":2},{"not_picked":["Havoc","Cleave"],"picked":"Clothesline","floor":3},{"not_picked":["Twin Strike","Armaments"],"picked":"Spot Weakness","floor":4},{"not_picked":["Flex","Dropkick"],"picked":"Feed","floor":6},{"not_picked":["Havoc","Demon Form"],"picked":"Second Wind","floor":8},{"not_picked":["Cleave+1","Warcry"],"picked":"Heavy Blade+1","floor":13},{"not_picked":["Corruption","Sever Soul+1"],"picked":"Shrug It Off","floor":14}],"player_experience":1663369,"relics_obtained":[{"floor":6,"key":"Darkstone Periapt"},{"floor":8,"key":"Whetstone"},{"floor":9,"key":"Molten Egg 2"}],"event_choices":[{"cards_removed":["Strike_R"],"damage_healed":0,"gold_gain":0,"player_choice":"Card Removal","damage_taken":7,"max_hp_gain":0,"max_hp_loss":0,"event_name":"Golden Wing","floor":5,"gold_loss":0},{"cards_removed":["Strike_R"],"damage_healed":0,"gold_gain":0,"player_choice":"Card Removal","damage_taken":0,"max_hp_gain":0,"max_hp_loss":0,"event_name":"The Cleric","floor":10,"gold_loss":75}],"is_beta":false,"boss_relics":[],"items_purged_floors":[11],"is_endless":false,"potions_floor_spawned":[2,3,4],"killed_by":"The Guardian","ascension_level":17}