{"gold_per_floor":[116,116,129,144,144,144,168,168,168,168,6,30,30,66,66,66],"floor_reached":16,"playtime":372,"items_purged":["Strike_B"],"score":205,"play_id":"8e985f2c-4e0f-42a7-8ce1-aa1bcdd935c7","local_time":"20190625205800","is_ascension_mode":true,"campfire_choices":[{"data":"Zap","floor":6,"key":"SMITH"},{"data":"Consume","floor":8,"key":"SMITH"},{"data":"Redo","floor":10,"key":"SMITH"},{"data":"Multi-Cast","floor":15,"key":"SMITH"}],"neow_cost":"PERCENT_DAMAGE","seed_source_timestamp":679815113871200,"circlet_count":0,"master_deck":["AscendersBane","Strike_B","Strike_B","Defend_B","Defend_B","Defend_B","Defend_B","Zap+1","Dualcast","Thinking Ahead","Dark Shackles","Consume+1","Multi-Cast+1","Redo+1","Ball Lightning","Injury","Electrodynamics","Self Repair","Gash"],"relics":["Cracked Core","Golden Idol","Mango","Dodecahedron"],"potions_floor_usage":[7,14,16],"damage_taken":[{"damage":0,"enemies":"Cultist","floor":1,"turns":4},{"damage":0,"enemies":"Small Slimes","floor":3,"turns":3},{"damage":2,"enemies":"2 Louse","floor":4,"turns":3},{"damage":25,"enemies":"Lots of Slimes","floor":7,"turns":3},{"damage":0,"enemies":"3 Louse","floor":12,"turns":1},{"damage":22,"enemies":"Gremlin Nob","floor":14,"turns":4},{"damage":40,"enemies":"Hexaghost","floor":16,"turns":7}],"seed_played":"4211938361285277613","potions_obtained":[{"floor":7,"key":"Fruit Juice"},{"floor":12,"key":"Block Potion"},{"floor":14,"key":"Regen Potion"}],"is_trial":false,"path_per_floor":["M","?","M","M","?","R","M","R","T","R","$","M","$","E","R","B"],"character_chosen":"DEFECT","items_purchased":["Self Repair"],"campfire_rested":0,"item_purchase_floors":[11],"current_hp_per_floor":[46,46,46,44,44,44,24,24,38,38,38,38,38,23,23,0],"gold":66,"neow_bonus":"RANDOM_COLORLESS_2","is_prod":false,"is_daily":false,"chose_seed":false,"campfire_upgraded":4,"win_rate":0,"timestamp":1561489080,"path_taken":["M","?","M","M","?","R","M","R","T","R","$","M","$","E","R","BOSS"],"build_version":"2019-01-23","purchased_purges":1,"victory":false,"max_hp_per_floor":[71,71,71,71,71,71,76,76,90,90,90,90,90,90,90,90],"card_choices":[{"not_picked":["Steam","Streamline"],"picked":"Consume","floor":1},{"not_picked":["Steam Power","Reprogram"],"picked":"Redo","floor":3},{"not_picked":["Rip and Tear","Cold Snap"],"picked":"Ball Lightning","floor":4},{"not_picked":["Coolheaded","Turbo"],"picked":"Electrodynamics","floor":7},{"not_picked":["Streamline","Lockon","Ball Lightning"],"picked":"SKIP","floor":12},{"not_picked":["Aggregate","Beam Cell"],"picked":"Gash","floor":14}],"player_experience":1477751,"relics_obtained":[{"floor":9,"key":"Mango"},{"floor":14,"key":"Dodecahedron"}],"event_choices":[{"damage_healed":0,"gold_gain":0,"cards_transformed":["Strike_B"],"player_choice":"Change","damage_taken":0,"max_hp_gain":0,"max_hp_loss":0,"event_name":"Living Wall","floor":2,"gold_loss":0,"cards_obtained":["Multi-Cast"]},{"damage_healed":0,"gold_gain":0,"player_choice":"Take Wound","damage_taken":0,"relics_obtained":["Golden Idol"],"max_hp_gain":0,"max_hp_loss":0,"event_name":"Golden Idol","floor":5,"gold_loss":0,"cards_obtained":["Injury"]}],"is_beta":false,"boss_relics":[],"items_purged_floors":[11],"is_endless":false,"potions_floor_spawned":[7,12,14],"killed_by":"Hexaghost","ascension_level":16}