{"gold_per_floor":[115,129,139,150,150,179,254,277,302,302,322,223,223,243,243,243],"floor_reached":16,"playtime":701,"items_purged":["Strike_R"],"score":127,"play_id":"fc6a7e3a-ebac-4d54-af12-2abdd85b60b3","local_time":"20190905235842","is_ascension_mode":false,"campfire_choices":[{"data":"Armaments","floor":10,"key":"SMITH"},{"floor":15,"key":"REST"}],"neow_cost":"NONE","seed_source_timestamp":540776837750882,"circlet_count":0,"master_deck":["Strike_R","Strike_R","Strike_R","Defend_R","Defend_R","Defend_R","Defend_R","Bash","Anger","Armaments+1","Anger","Shrug It Off","True Grit","Inflame"],"relics":["Burning Blood","Ancient Tea Set","Pen Nib","Boot"],"potions_floor_usage":[0,0],"damage_taken":[{"damage":6,"enemies":"Jaw Worm","floor":1,"turns":4},{"damage":10,"enemies":"Cultist","floor":2,"turns":4},{"damage":0,"enemies":"2 Louse","floor":3,"turns":3},{"damage":7,"enemies":"Blue Slaver","floor":4,"turns":3},{"damage":34,"enemies":"3 Sentries","floor":6,"turns":8},{"damage":10,"enemies":"Large Slime","floor":11,"turns":4},{"damage":10,"enemies":"Lots of Slimes","floor":14,"turns":4},{"damage":0,"enemies":"Hexaghost","floor":16,"turns":1}],"seed_played":"-9028239672771613258","potions_obtained":[{"floor":0,"key":"Fruit Juice"},{"floor":0,"key":"Dexterity Potion"},{"floor":0,"key":"Fruit Juice"},{"floor":1,"key":"Block Potion"},{"floor":2,"key":"Energy Potion"},{"floor":11,"key":"Fire Potion"}],"is_trial":false,"path_per_floor":["M","M","M","M","?","E","?","T","T","R","M","$","?","M","R","B"],"character_chosen":"IRONCLAD","items_purchased":["True Grit"],"campfire_rested":1,"item_purchase_floors":[12],"current_hp_per_floor":[90,86,90,89,94,66,55,55,55,55,51,51,51,47,75,75],"gold":243,"neow_bonus":"THREE_SMALL_POTIONS","is_prod":false,"is_daily":false,"chose_seed":false,"campfire_upgraded":1,"win_rate":0,"timestamp":1567742322,"path_taken":["M","M","M","M","?","E","?","?","T","R","?","$","?","?","R","BOSS"],"build_version":"2019-07-17","purchased_purges":1,"victory":false,"max_hp_per_floor":[90,90,90,90,95,95,95,95,95,95,95,95,95,95,95,95],"card_choices":[{"not_picked":["Spot Weakness","Dual Wield","Ghostly Armor"],"picked":"SKIP","floor":1},{"not_picked":["Seeing Red","Headbutt"],"picked":"Anger","floor":2},{"not_picked":["Burning Pact","Shockwave"],"picked":"Armaments","floor":3},{"not_picked":["Cleave","Disarm"],"picked":"Anger","floor":4},{"not_picked":["Heavy Blade","Offering","Rage"],"picked":"SKIP","floor":6},{"not_picked":["Inflame","Clash"],"picked":"Shrug It Off","floor":11},{"not_picked":["Seeing Red","Armaments","Cleave"],"picked":"SKIP","floor":14}],"player_experience":347572,"relics_obtained":[{"floor":6,"key":"Ancient Tea Set"},{"floor":8,"key":"Pen Nib"},{"floor":9,"key":"Boot"}],"event_choices":[{"damage_healed":0,"gold_gain":0,"player_choice":"Donut","damage_taken":0,"max_hp_gain":5,"max_hp_loss":0,"event_name":"Big Fish","floor":5,"gold_loss":0},{"damage_healed":0,"gold_gain":75,"player_choice":"Gather Gold","damage_taken":11,"max_hp_gain":0,"max_hp_loss":0,"event_name":"World of Goop","floor":7,"gold_loss":0},{"damage_healed":0,"gold_gain":0,"cards_transformed":["Strike_R"],"player_choice":"Transformed","damage_taken":0,"max_hp_gain":0,"max_hp_loss":0,"event_name":"Transmorgrifier","floor":13,"gold_loss":0,"cards_obtained":["Inflame"]}],"is_beta":false,"boss_relics":[],"items_purged_floors":[12],"is_endless":false,"potions_floor_spawned":[1,2,4,11,14],"killed_by":"Hexaghost","ascension_level":0}