{"gold_per_floor":[118,136,154,166,177,177,193,193,193,193,211,235,264,53,53,126,126,143,159,159,174,174],"floor_reached":22,"playtime":949,"items_purged":["Strike_G"],"score":342,"play_id":"ccfa8165-de14-4162-911f-04b599578f8c","local_time":"20190531231730","is_ascension_mode":true,"campfire_choices":[{"data":"Neutralize","floor":6,"key":"SMITH"},{"data":"Adrenaline","floor":8,"key":"SMITH"},{"data":"Noxious Fumes","floor":10,"key":"SMITH"},{"data":"Skewer","floor":15,"key":"SMITH"}],"neow_cost":"NONE","seed_source_timestamp":21354046429800,"circlet_count":0,"master_deck":["AscendersBane","Defend_G","Defend_G","Defend_G","Defend_G","Defend_G","Strike_G","Survivor","Neutralize+1","Quick Slash","Noxious Fumes+1","Noxious Fumes","Adrenaline+1","Bouncing Flask","Dagger Spray","Skewer+1","Deflect","Caltrops","Footwork","Bullet Time","PiercingWail","Poisoned Stab","Outmaneuver"],"relics":["Ring of the Snake","Tough Bandages","Odd Mushroom","Pear","Empty Cage"],"potions_floor_usage":[12,12,16,16,21],"damage_taken":[{"damage":0,"enemies":"2 Louse","floor":1,"turns":4},{"damage":2,"enemies":"Small Slimes","floor":2,"turns":3},{"damage":0,"enemies":"Cultist","floor":3,"turns":4},{"damage":0,"enemies":"2 Fungi Beasts","floor":4,"turns":4},{"damage":0,"enemies":"Blue Slaver","floor":5,"turns":5},{"damage":0,"enemies":"Looter","floor":7,"turns":3},{"damage":0,"enemies":"Exordium Wildlife","floor":11,"turns":2},{"damage":9,"enemies":"The Mushroom Lair","floor":12,"turns":4},{"damage":16,"enemies":"3 Sentries","floor":13,"turns":5},{"damage":33,"enemies":"The Guardian","floor":16,"turns":7},{"damage":9,"enemies":"2 Thieves","floor":18,"turns":4},{"damage":13,"enemies":"Spheric Guardian","floor":19,"turns":5},{"damage":33,"enemies":"Cultist and Chosen","floor":21,"turns":6},{"damage":21,"enemies":"Snake Plant","floor":22,"turns":4}],"seed_played":"1647453632899488409","potions_obtained":[{"floor":3,"key":"Poison Potion"},{"floor":7,"key":"Block Potion"},{"floor":13,"key":"Regen Potion"},{"floor":16,"key":"PowerPotion"}],"is_trial":false,"path_per_floor":["M","M","M","M","M","R","M","R","T","R","M","?","E","$","R","B",null,"M","M","?","M","M"],"character_chosen":"THE_SILENT","items_purchased":["Footwork","SkillPotion"],"campfire_rested":0,"item_purchase_floors":[14,14],"current_hp_per_floor":[65,63,63,63,63,63,63,63,63,63,63,54,48,48,48,30,69,60,47,47,14,0],"gold":174,"neow_bonus":"TEN_PERCENT_HP_BONUS","is_prod":false,"is_daily":false,"chose_seed":false,"campfire_upgraded":4,"win_rate":0,"timestamp":1559337450,"path_taken":["M","M","M","M","M","R","M","R","T","R","M","?","E","$","R","BOSS","M","M","?","M","M"],"build_version":"2019-01-23","purchased_purges":1,"victory":false,"max_hp_per_floor":[72,72,72,72,72,72,72,72,72,72,72,72,82,82,82,82,82,82,82,82,82,82],"card_choices":[{"not_picked":["Underhanded Strike","Escape Plan"],"picked":"Quick Slash","floor":1},{"not_picked":["Cloak And Dagger","Sucker Punch"],"picked":"Noxious Fumes","floor":2},{"not_picked":["Dodge and Roll","Cloak And Dagger"],"picked":"Noxious Fumes","floor":3},{"not_picked":["Expertise","Blade Dance"],"picked":"Adrenaline","floor":4},{"not_picked":["Masterful Stab","Quick Slash"],"picked":"Bouncing Flask","floor":5},{"not_picked":["All Out Attack","Outmaneuver"],"picked":"Dagger Spray","floor":7},{"not_picked":["Flying Knee","Expertise"],"picked":"Skewer","floor":11},{"not_picked":["Eviscerate","Skewer"],"picked":"Deflect","floor":12},{"not_picked":["Calculated Gamble","Concentrate"],"picked":"Caltrops","floor":13},{"not_picked":["Die Die Die","Storm of Steel"],"picked":"Bullet Time","floor":16},{"not_picked":["Blade Dance","Outmaneuver+1"],"picked":"PiercingWail","floor":18},{"not_picked":["Sucker Punch","Outmaneuver"],"picked":"Poisoned Stab","floor":19},{"not_picked":["Cloak And Dagger","Dagger Spray"],"picked":"Outmaneuver","floor":21}],"player_experience":1222030,"relics_obtained":[{"floor":9,"key":"Tough Bandages"},{"floor":12,"key":"Odd Mushroom"},{"floor":13,"key":"Pear"}],"event_choices":[{"damage_healed":0,"gold_gain":0,"player_choice":"Fought Mushrooms","damage_taken":0,"max_hp_gain":0,"max_hp_loss":0,"event_name":"Mushrooms","floor":12,"gold_loss":0},{"cards_removed":["Strike_G"],"damage_healed":0,"gold_gain":0,"player_choice":"Purged","damage_taken":0,"max_hp_gain":0,"max_hp_loss":0,"event_name":"Purifier","floor":20,"gold_loss":0}],"is_beta":false,"boss_relics":[{"not_picked":["White Beast Statue","Cursed Key"],"picked":"Empty Cage"}],"items_purged_floors":[14],"is_endless":false,"potions_floor_spawned":[3,7,11,13,16],"killed_by":"Snake Plant","ascension_level":16}