{"path_per_floor":["M","M","M","?","?","R","M","R","T","?","M","M","$","M","R","B",null,"M","?","?","?","M","R","?","R","T","E","M","$","M","$","R","B",null,"M","$","M","M","$","R","?","R","T","$","R","M","?","$","R","B"],"character_chosen":"IRONCLAD","items_purchased":["Brutality","Paper Frog","GamblersBrew"],"gold_per_floor":[112,124,142,142,142,142,132,132,157,157,171,196,196,220,220,348,348,363,363,363,363,375,375,375,375,400,431,449,210,225,125,125,227,227,244,3,23,38,38,38,38,38,65,65,65,79,79,7,7,7],"floor_reached":51,"campfire_rested":1,"playtime":2325,"current_hp_per_floor":[80,80,80,64,44,44,43,67,67,67,66,61,61,63,63,25,80,75,75,75,75,80,80,80,80,80,80,80,80,80,80,80,46,80,80,80,76,64,64,64,64,64,69,69,69,72,72,72,72,69],"items_purged":["Defend_R","Strike_R"],"gold":7,"score":655,"play_id":"c31798c6-6402-43d9-b9b9-64b73d5bb98c","local_time":"20180519212603","is_prod":false,"is_daily":false,"chose_seed":false,"is_ascension_mode":false,"campfire_upgraded":9,"timestamp":1526761563,"campfire_choices":[{"data":"Warcry","floor":6,"key":"SMITH"},{"floor":8,"key":"REST"},{"data":"Rage","floor":15,"key":"SMITH"},{"data":"Evolve","floor":23,"key":"SMITH"},{"data":"Bash","floor":25,"key":"SMITH"},{"data":"Brutality","floor":32,"key":"SMITH"},{"data":"Demon Form","floor":40,"key":"SMITH"},{"data":"Inflame","floor":42,"key":"SMITH"},{"data":"Flash of Steel","floor":45,"key":"SMITH"},{"data":"Seeing Red","floor":49,"key":"SMITH"}],"path_taken":["M","M","M","?","?","R","M","R","T","?","?","?","$","M","R","BOSS","M","?","?","?","?","R","?","R","T","E","M","$","M","?","R","BOSS","M","$","M","M","$","R","?","R","T","?","R","M","?","$","R","BOSS"],"build_version":"2018-05-17","seed_source_timestamp":181920109391558,"purchased_purges":4,"victory":true,"master_deck":["Strike_R","Strike_R","Strike_R","Defend_R+1","Defend_R+1","Defend_R","Warcry+1","Uppercut+1","Evolve+1","Pommel Strike+1","Clothesline+1","Rage+1","Offering+1","Shrug It Off+1","Wild Strike+1","Inflame+1","Brutality+1","Body Slam+1","Demon Form+1","Shrug It Off+1","Body Slam+1","Flash of Steel+1","Seeing Red+1"],"max_hp_per_floor":[80,80,80,80,80,80,80,80,80,80,80,80,80,80,80,80,80,80,80,80,80,80,80,80,80,80,80,80,80,80,80,80,80,80,80,80,80,80,80,80,80,80,80,80,80,80,80,80,80,80],"relics":["Burning Blood","Bloody Idol","Omamori","Cursed Key","Happy Flower","War Paint","Vajra","Mark of Pain","Paper Frog","Boot"],"card_choices":[{"not_picked":["Pommel Strike","Wild Strike"],"picked":"Uppercut","floor":1},{"not_picked":["Pommel Strike","Battle Trance"],"picked":"Evolve","floor":2},{"not_picked":["Ghostly Armor","Twin Strike","Entrench"],"picked":"SKIP","floor":3},{"not_picked":["Havoc","Anger"],"picked":"Pommel Strike","floor":7},{"not_picked":["Carnage","Inflame"],"picked":"Clothesline","floor":11},{"not_picked":["Corruption","Dual Wield"],"picked":"Rage","floor":12},{"not_picked":["Reckless Charge","Sword Boomerang","Armaments"],"picked":"SKIP","floor":14},{"not_picked":["Double Tap","Exhume"],"picked":"Offering","floor":16},{"not_picked":["Body Slam","Corruption"],"picked":"Shrug It Off+1","floor":18},{"not_picked":["Evolve","Warcry"],"picked":"Wild Strike+1","floor":22},{"not_picked":["Heavy Blade","Sword Boomerang","Cleave"],"picked":"SKIP","floor":27},{"not_picked":["Exhume","Headbutt"],"picked":"Inflame","floor":28},{"not_picked":["Carnage","Cleave+1"],"picked":"Body Slam+1","floor":30},{"not_picked":["Brutality","Fiend Fire"],"picked":"Demon Form","floor":33},{"not_picked":["Clash","Searing Blow+1","Uppercut"],"picked":"SKIP","floor":35},{"not_picked":["True Grit","Heavy Blade"],"picked":"Shrug It Off+1","floor":37},{"not_picked":["Heavy Blade","Power Through"],"picked":"Body Slam+1","floor":38},{"not_picked":["Blind","Purity"],"picked":"Flash of Steel","floor":41},{"not_picked":["Rampage+1","Carnage"],"picked":"Seeing Red","floor":46}],"player_experience":330935,"potions_floor_usage":[11,18,22,22,33,33,37,50,50],"damage_taken":[{"damage":3,"enemies":"Jaw Worm","floor":1,"turns":5},{"damage":0,"enemies":"2 Louse","floor":2,"turns":2},{"damage":5,"enemies":"Small Slimes","floor":3,"turns":4},{"damage":7,"enemies":"Exordium Thugs","floor":7,"turns":4},{"damage":7,"enemies":"Exordium Wildlife","floor":11,"turns":5},{"damage":11,"enemies":"Lots of Slimes","floor":12,"turns":5},{"damage":4,"enemies":"2 Fungi Beasts","floor":14,"turns":3},{"damage":44,"enemies":"Slime Boss","floor":16,"turns":10},{"damage":11,"enemies":"Shell Parasite","floor":18,"turns":2},{"damage":10,"enemies":"2 Thieves","floor":22,"turns":3},{"damage":9,"enemies":"Book of Stabbing","floor":27,"turns":4},{"damage":4,"enemies":"Snake Plant","floor":28,"turns":4},{"damage":10,"enemies":"Centurion and Healer","floor":30,"turns":4},{"damage":45,"enemies":"Champ","floor":33,"turns":8},{"damage":5,"enemies":"Orb Walker","floor":35,"turns":2},{"damage":15,"enemies":"3 Shapes","floor":37,"turns":3},{"damage":23,"enemies":"Sphere and 2 Shapes","floor":38,"turns":4},{"damage":8,"enemies":"Maw","floor":46,"turns":5},{"damage":9,"enemies":"Time Eater","floor":50,"turns":5}],"relics_obtained":[{"floor":9,"key":"Omamori"},{"floor":26,"key":"War Paint"},{"floor":27,"key":"Vajra"},{"floor":43,"key":"Boot"}],"event_choices":[{"event_name":"Shining Light","player_choice":"Entered Light","floor":4,"damage_taken":0},{"event_name":"Golden Idol","player_choice":"Take Damage","floor":5,"damage_taken":0},{"event_name":"Living Wall","player_choice":"Grow","floor":10,"damage_taken":0},{"event_name":"Vampires","player_choice":"Ignored","floor":19,"damage_taken":0},{"event_name":"Accursed Blacksmith","player_choice":"Forge","floor":20,"damage_taken":0},{"event_name":"Forgotten Altar","player_choice":"Gave Idol","floor":21,"damage_taken":0},{"event_name":"The Mausoleum","player_choice":"Yes","floor":24,"damage_taken":0},{"event_name":"SensoryStone","player_choice":"Memory 1","floor":41,"damage_taken":0}],"boss_relics":[{"not_picked":["Astrolabe","Ectoplasm"],"picked":"Cursed Key"},{"not_picked":["Lizard Tail","Pandora\u0027s Box"],"picked":"Mark of Pain"}],"potions_floor_spawned":[3,7,11,16,18,28,33,35,37,46],"seed_played":"6687243181006562599","ascension_level":0,"potions_obtained":[{"floor":3,"key":"Strength Potion"},{"floor":7,"key":"SkillPotion"},{"floor":11,"key":"FearPotion"},{"floor":16,"key":"SteroidPotion"},{"floor":18,"key":"AttackPotion"},{"floor":28,"key":"Dexterity Potion"},{"floor":33,"key":"SkillPotion"},{"floor":35,"key":"SpeedPotion"},{"floor":37,"key":"Weak Potion"},{"floor":46,"key":"Weak Potion"}],"is_trial":false}