{"gold_per_floor":[119,136,155,155,155,155,186,7,57,57,88,163,163,30,30,107,107,117,137,0,0],"floor_reached":21,"playtime":1612,"items_purged":["Strike_G"],"score":352,"play_id":"c94eb9b2-61dc-4e38-a683-83970ecc2b64","local_time":"20190731192708","is_ascension_mode":true,"campfire_choices":[{"floor":6,"key":"REST"},{"data":"Dash","floor":10,"key":"SMITH"},{"data":"Leg Sweep","floor":13,"key":"SMITH"},{"data":"Poisoned Stab","floor":15,"key":"SMITH"}],"neow_cost":"NONE","seed_source_timestamp":183810342120200,"circlet_count":0,"master_deck":["AscendersBane","Strike_G","Strike_G","Defend_G","Defend_G","Defend_G","Defend_G","Defend_G","Survivor","Neutralize+1","Impatience","Backstab+1","Dash+1","Dagger Spray","Poisoned Stab+1","After Image","Leg Sweep+1","Deadly Poison","Malaise","Deflect","Sucker Punch"],"relics":["Ring of the Snake","PreservedInsect","Blood Vial","Regal Pillow","Frozen Egg 2","Empty Cage"],"potions_floor_usage":[16,18,19,21],"damage_taken":[{"damage":1,"enemies":"Cultist","floor":1,"turns":5},{"damage":0,"enemies":"Jaw Worm","floor":2,"turns":5},{"damage":0,"enemies":"2 Louse","floor":3,"turns":2},{"damage":10,"enemies":"3 Sentries","floor":7,"turns":6},{"damage":5,"enemies":"Gremlin Nob","floor":11,"turns":3},{"damage":3,"enemies":"The Guardian","floor":16,"turns":13},{"damage":1,"enemies":"Spheric Guardian","floor":18,"turns":7},{"damage":18,"enemies":"2 Thieves","floor":19,"turns":4},{"damage":51,"enemies":"3 Cultists","floor":21,"turns":6}],"seed_played":"-2920174519090811738","potions_obtained":[{"floor":2,"key":"Energy Potion"},{"floor":7,"key":"Swift Potion"},{"floor":16,"key":"SteroidPotion"},{"floor":19,"key":"GhostInAJar"}],"is_trial":false,"path_per_floor":["M","M","M","?","?","R","E","$","T","R","E","?","R","$","R","B",null,"M","M","?","M"],"character_chosen":"THE_SILENT","items_purchased":["After Image","Deadly Poison"],"campfire_rested":1,"item_purchase_floors":[8,14],"current_hp_per_floor":[58,58,58,40,20,39,29,29,29,29,26,15,15,15,15,14,53,54,38,38,0],"gold":0,"neow_bonus":"RANDOM_COLORLESS","is_prod":false,"is_daily":false,"chose_seed":false,"campfire_upgraded":3,"win_rate":0,"timestamp":1564594028,"path_taken":["M","M","M","?","?","R","E","$","T","R","E","?","R","$","R","BOSS","M","M","?","M"],"build_version":"2019-07-17","purchased_purges":1,"victory":false,"max_hp_per_floor":[66,66,66,66,66,66,66,66,66,66,66,66,66,66,66,66,66,66,66,66,66],"card_choices":[{"not_picked":["All Out Attack","Deflect"],"picked":"Backstab","floor":1},{"not_picked":["Distraction","Blade Dance"],"picked":"Dash","floor":2},{"not_picked":["Deflect","Slice"],"picked":"Dagger Spray","floor":3},{"not_picked":["Endless Agony","Heel Hook"],"picked":"Poisoned Stab","floor":7},{"not_picked":["Backstab","Night Terror"],"picked":"Leg Sweep","floor":11},{"not_picked":["Glass Knife","Doppelganger"],"picked":"Malaise","floor":16},{"not_picked":["Dagger Spray","Underhanded Strike"],"picked":"Deflect","floor":18},{"not_picked":["Dagger Spray+1","Concentrate"],"picked":"Sucker Punch","floor":19}],"player_experience":1777695,"relics_obtained":[{"floor":7,"key":"Blood Vial"},{"floor":9,"key":"Regal Pillow"},{"floor":11,"key":"Frozen Egg 2"}],"event_choices":[{"damage_healed":0,"gold_gain":0,"player_choice":"Success","damage_taken":18,"relics_obtained":["PreservedInsect"],"max_hp_gain":0,"max_hp_loss":0,"event_name":"Scrap Ooze","floor":4,"gold_loss":0},{"damage_healed":0,"gold_gain":0,"player_choice":"Entered Light","damage_taken":20,"max_hp_gain":0,"max_hp_loss":0,"event_name":"Shining Light","floor":5,"gold_loss":0,"cards_upgraded":["Backstab","Neutralize"]},{"damage_healed":0,"gold_gain":75,"player_choice":"Gather Gold","damage_taken":11,"max_hp_gain":0,"max_hp_loss":0,"event_name":"World of Goop","floor":12,"gold_loss":0},{"damage_healed":0,"gold_gain":0,"player_choice":"Paid Fearfully","damage_taken":0,"max_hp_gain":0,"max_hp_loss":0,"event_name":"Masked Bandits","floor":20,"gold_loss":137}],"is_beta":false,"boss_relics":[{"not_picked":["Philosopher\u0027s Stone","Velvet Choker"],"picked":"Empty Cage"}],"items_purged_floors":[14],"is_endless":false,"potions_floor_spawned":[2,7,16,19],"killed_by":"3 Cultists","ascension_level":18}