{"gold_per_floor":[118,43,43,58,58,85,85,99,146,146,146,157,170,183,183,262,262,278,278,297,5,5],"floor_reached":22,"playtime":986,"items_purged":["Strike_B"],"score":401,"play_id":"3163561a-b279-4a24-b8e4-bd69c6101b30","local_time":"20190901014103","is_ascension_mode":true,"campfire_choices":[{"data":"Loop","floor":7,"key":"SMITH"},{"data":"Dualcast","floor":10,"key":"SMITH"},{"data":"Sunder","floor":15,"key":"SMITH"}],"neow_cost":"NONE","seed_source_timestamp":96655730094800,"circlet_count":0,"master_deck":["AscendersBane","Strike_B","Strike_B","Strike_B","Defend_B","Defend_B","Defend_B","Defend_B","Zap+1","Dualcast+1","Go for the Eyes","Loop+1","Cold Snap","Compile Driver","Go for the Eyes","Coolheaded","Gash","Sunder+1","Creative AI","White Noise","Zap","Double Energy","Leap","Ball Lightning","Steam","Hello World"],"relics":["Cracked Core","NeowsBlessing","Bronze Scales","Bag of Preparation","CultistMask","Busted Crown"],"potions_floor_usage":[14,16],"damage_taken":[{"damage":0,"enemies":"Cultist","floor":1,"turns":1},{"damage":0,"enemies":"Jaw Worm","floor":4,"turns":1},{"damage":0,"enemies":"Gremlin Nob","floor":6,"turns":1},{"damage":3,"enemies":"Small Slimes","floor":8,"turns":3},{"damage":8,"enemies":"Gremlin Gang","floor":12,"turns":4},{"damage":4,"enemies":"Looter","floor":13,"turns":3},{"damage":0,"enemies":"Red Slaver","floor":14,"turns":2},{"damage":32,"enemies":"The Guardian","floor":16,"turns":11},{"damage":17,"enemies":"3 Byrds","floor":18,"turns":3},{"damage":27,"enemies":"2 Thieves","floor":20,"turns":3},{"damage":21,"enemies":"3 Cultists","floor":22,"turns":3}],"seed_played":"5003317179452091337","potions_obtained":[{"floor":1,"key":"Poison Potion"},{"floor":6,"key":"GamblersBrew"},{"floor":16,"key":"Strength Potion"}],"is_trial":false,"path_per_floor":["M","$","?","M","$","E","R","M","T","R","?","M","M","M","R","B",null,"M","?","M","$","M"],"character_chosen":"DEFECT","items_purchased":["Loop","Leap","Ball Lightning","Steam","Hello World"],"campfire_rested":0,"item_purchase_floors":[2,21,21,21,21],"current_hp_per_floor":[64,64,64,64,64,64,64,61,61,61,61,53,49,49,49,17,58,41,41,14,14,0],"gold":5,"neow_bonus":"THREE_ENEMY_KILL","is_prod":false,"is_daily":false,"chose_seed":false,"campfire_upgraded":3,"win_rate":0,"timestamp":1567294863,"path_taken":["M","?","?","?","$","E","R","M","T","R","?","M","?","M","R","BOSS","M","?","M","$","?"],"build_version":"2019-07-17","purchased_purges":1,"victory":false,"max_hp_per_floor":[71,71,71,71,71,71,71,71,71,71,71,71,71,71,71,71,71,71,71,71,71,71],"card_choices":[{"not_picked":["Steam Power","Lockon"],"picked":"Go for the Eyes","floor":1},{"not_picked":["Rip and Tear","Hologram"],"picked":"Cold Snap","floor":4},{"not_picked":["Leap","Turbo"],"picked":"Compile Driver","floor":6},{"not_picked":["Hologram","BootSequence"],"picked":"Go for the Eyes","floor":8},{"not_picked":["Hologram","Steam"],"picked":"Coolheaded","floor":12},{"not_picked":["Go for the Eyes","Barrage"],"picked":"Gash","floor":13},{"not_picked":["Hyperbeam","Cold Snap"],"picked":"Sunder","floor":14},{"not_picked":["Meteor Strike","Seek"],"picked":"Creative AI","floor":16},{"not_picked":[],"picked":"White Noise","floor":18},{"not_picked":[],"picked":"Double Energy","floor":20}],"player_experience":1982172,"relics_obtained":[{"floor":6,"key":"Bronze Scales"},{"floor":9,"key":"Bag of Preparation"}],"event_choices":[{"damage_healed":0,"gold_gain":0,"player_choice":"Upgraded","damage_taken":0,"max_hp_gain":0,"max_hp_loss":0,"event_name":"Upgrade Shrine","floor":3,"gold_loss":0,"cards_upgraded":["Zap"]},{"damage_healed":0,"gold_gain":0,"player_choice":"Trade","damage_taken":0,"relics_obtained":["CultistMask"],"max_hp_gain":0,"max_hp_loss":0,"event_name":"FaceTrader","floor":11,"gold_loss":0},{"damage_healed":0,"gold_gain":0,"player_choice":"1 cards matched","damage_taken":0,"max_hp_gain":0,"max_hp_loss":0,"event_name":"Match and Keep!","floor":19,"gold_loss":0,"cards_obtained":["Zap"]}],"is_beta":false,"boss_relics":[{"not_picked":["Snecko Eye","FrozenCore"],"picked":"Busted Crown"}],"items_purged_floors":[21],"is_endless":false,"potions_floor_spawned":[1,6,8,13,16],"killed_by":"3 Cultists","ascension_level":18}