{"gold_per_floor":[117,117,392,410,485,518,518,528,554,554,567,176,90,125,125,125],"floor_reached":16,"playtime":337,"items_purged":["Regret"],"score":239,"play_id":"d65dca5c-a8d1-4298-85fd-a00522d4c89c","local_time":"20190614002721","is_ascension_mode":true,"campfire_choices":[{"data":"Zap","floor":7,"key":"SMITH"},{"data":"Consume","floor":10,"key":"SMITH"},{"data":"Capacitor","floor":15,"key":"SMITH"}],"neow_cost":"NONE","seed_source_timestamp":173527084050200,"circlet_count":0,"master_deck":["AscendersBane","Strike_B","Strike_B","Strike_B","Defend_B","Defend_B","Defend_B","Defend_B","Zap+1","Dualcast","Ball Lightning","Self Repair","Capacitor+1","Consume+1","Gash","Storm","Sunder","Conserve Battery"],"relics":["Cracked Core","NeowsBlessing","Happy Flower","Strawberry","Medical Kit","Anchor"],"potions_floor_usage":[11,14],"damage_taken":[{"damage":0,"enemies":"Small Slimes","floor":1,"turns":1},{"damage":0,"enemies":"Jaw Worm","floor":4,"turns":1},{"damage":0,"enemies":"Gremlin Nob","floor":6,"turns":1},{"damage":6,"enemies":"Cultist","floor":8,"turns":4},{"damage":4,"enemies":"Blue Slaver","floor":11,"turns":3},{"damage":40,"enemies":"Lagavulin","floor":14,"turns":5},{"damage":20,"enemies":"Hexaghost","floor":16,"turns":7}],"seed_played":"-3896018816803277531","potions_obtained":[{"floor":8,"key":"Weak Potion"},{"floor":11,"key":"LiquidBronze"}],"is_trial":false,"path_per_floor":["M","?","?","M","?","E","R","M","T","R","M","$","$","E","R","B"],"character_chosen":"DEFECT","items_purchased":["Storm","Medical Kit","Fire Potion","Sunder"],"campfire_rested":0,"item_purchase_floors":[12,12,12,13],"current_hp_per_floor":[64,57,57,57,46,46,46,47,54,54,50,50,50,17,17,0],"gold":125,"neow_bonus":"THREE_ENEMY_KILL","is_prod":false,"is_daily":false,"chose_seed":false,"campfire_upgraded":3,"win_rate":0,"timestamp":1560464841,"path_taken":["M","?","?","?","?","E","R","M","T","R","M","?","$","E","R","BOSS"],"build_version":"2019-01-23","purchased_purges":1,"victory":false,"max_hp_per_floor":[71,71,71,71,71,71,71,71,78,78,78,78,78,78,78,78],"card_choices":[{"not_picked":["Turbo","Barrage"],"picked":"Ball Lightning","floor":1},{"not_picked":["Fusion","Redo"],"picked":"Self Repair","floor":4},{"not_picked":["Coolheaded","Rebound"],"picked":"Capacitor","floor":6},{"not_picked":["Go for the Eyes","Storm"],"picked":"Consume","floor":8},{"not_picked":["Chill","Beam Cell"],"picked":"Gash","floor":11},{"not_picked":["Consume","Gash"],"picked":"Conserve Battery","floor":14}],"player_experience":1332678,"relics_obtained":[{"floor":6,"key":"Happy Flower"},{"floor":9,"key":"Strawberry"},{"floor":14,"key":"Anchor"}],"event_choices":[{"cards_removed":["Strike_B"],"damage_healed":0,"gold_gain":0,"player_choice":"Card Removal","damage_taken":7,"max_hp_gain":0,"max_hp_loss":0,"event_name":"Golden Wing","floor":2,"gold_loss":0},{"damage_healed":0,"gold_gain":275,"player_choice":"Desecrate","damage_taken":0,"max_hp_gain":0,"max_hp_loss":0,"event_name":"Golden Shrine","floor":3,"gold_loss":0,"cards_obtained":["Regret"]},{"damage_healed":0,"gold_gain":75,"player_choice":"Gather Gold","damage_taken":11,"max_hp_gain":0,"max_hp_loss":0,"event_name":"World of Goop","floor":5,"gold_loss":0}],"is_beta":false,"boss_relics":[],"items_purged_floors":[12],"is_endless":false,"potions_floor_spawned":[8,11],"killed_by":"Hexaghost","ascension_level":16}