{"gold_per_floor":[113,130,130,180,193,193,214,234,258,292,317,332,375,355,355,355],"floor_reached":16,"playtime":770,"items_purged":[],"score":220,"play_id":"3d59f6a6-3dc5-4b3a-ac65-f9e0ea4864d4","local_time":"20190808150515","is_ascension_mode":true,"campfire_choices":[{"data":"Armaments","floor":6,"key":"SMITH"},{"data":"Whirlwind","floor":15,"key":"SMITH"}],"neow_cost":"PERCENT_DAMAGE","seed_source_timestamp":511505025551400,"circlet_count":0,"master_deck":["AscendersBane","Strike_R","Strike_R","Strike_R","Strike_R","Strike_R","Defend_R","Defend_R","Defend_R","Defend_R","Bash","Double Tap","Iron Wave","Armaments+1","Twin Strike","Whirlwind+1","Metallicize","Uppercut","Heavy Blade","Clash","Warcry","Corruption"],"relics":["Burning Blood","Golden Idol","Red Skull","Art of War","Centennial Puzzle"],"potions_floor_usage":[10,10,14,14],"damage_taken":[{"damage":1,"enemies":"Cultist","floor":1,"turns":3},{"damage":2,"enemies":"Jaw Worm","floor":2,"turns":5},{"damage":1,"enemies":"Small Slimes","floor":5,"turns":3},{"damage":4,"enemies":"Exordium Thugs","floor":7,"turns":5},{"damage":0,"enemies":"3 Louse","floor":8,"turns":2},{"damage":27,"enemies":"Lagavulin","floor":10,"turns":8},{"damage":6,"enemies":"Blue Slaver","floor":11,"turns":3},{"damage":8,"enemies":"Looter","floor":12,"turns":4},{"damage":3,"enemies":"Gremlin Nob","floor":13,"turns":3},{"damage":3,"enemies":"Exordium Thugs","floor":14,"turns":4},{"damage":49,"enemies":"The Guardian","floor":16,"turns":9}],"seed_played":"4762263823874907769","potions_obtained":[{"floor":2,"key":"AttackPotion"},{"floor":7,"key":"Block Potion"},{"floor":11,"key":"GamblersBrew"},{"floor":13,"key":"Weak Potion"}],"is_trial":false,"path_per_floor":["M","M","?","?","M","R","M","M","T","E","M","M","E","M","R","B"],"character_chosen":"IRONCLAD","items_purchased":[],"campfire_rested":0,"item_purchase_floors":[],"current_hp_per_floor":[55,59,59,53,58,58,60,66,66,45,45,43,46,49,49,0],"gold":355,"neow_bonus":"THREE_RARE_CARDS","is_prod":false,"is_daily":false,"chose_seed":false,"campfire_upgraded":2,"win_rate":0,"timestamp":1565269515,"path_taken":["M","M","?","?","M","R","?","M","T","E","M","M","E","M","R","BOSS"],"build_version":"2019-07-17","purchased_purges":0,"victory":false,"max_hp_per_floor":[75,75,68,68,68,68,68,68,68,68,68,68,68,68,68,68],"card_choices":[{"not_picked":["Brutality","Fiend Fire"],"picked":"Double Tap","floor":0},{"not_picked":["Warcry","Cleave"],"picked":"Iron Wave","floor":1},{"not_picked":["Dual Wield","Clash"],"picked":"Armaments","floor":2},{"not_picked":["Perfected Strike","Sword Boomerang"],"picked":"Twin Strike","floor":5},{"not_picked":["Cleave","Warcry"],"picked":"Whirlwind","floor":7},{"not_picked":["Headbutt","Feed"],"picked":"Metallicize","floor":8},{"not_picked":["Entrench","Armaments"],"picked":"Uppercut","floor":10},{"not_picked":["Entrench","Perfected Strike"],"picked":"Heavy Blade","floor":11},{"not_picked":["Warcry","Thunderclap"],"picked":"Clash","floor":12},{"not_picked":["Impervious","Intimidate"],"picked":"Warcry","floor":13},{"not_picked":["Evolve","Reckless Charge"],"picked":"Corruption","floor":14}],"player_experience":1816180,"relics_obtained":[{"floor":9,"key":"Red Skull"},{"floor":10,"key":"Art of War"},{"floor":13,"key":"Centennial Puzzle"}],"event_choices":[{"damage_healed":0,"gold_gain":0,"player_choice":"Lose Max HP","damage_taken":0,"relics_obtained":["Golden Idol"],"max_hp_gain":0,"max_hp_loss":7,"event_name":"Golden Idol","floor":3,"gold_loss":0},{"damage_healed":0,"gold_gain":50,"player_choice":"Touch","damage_taken":6,"max_hp_gain":0,"max_hp_loss":0,"event_name":"FaceTrader","floor":4,"gold_loss":0}],"is_beta":false,"boss_relics":[],"items_purged_floors":[],"is_endless":false,"potions_floor_spawned":[2,7,11,13],"killed_by":"The Guardian","ascension_level":18}