{"gold_per_floor":[118,118,136,154,172,172,207,207,237,237,237,237,33,45,45,121,121,134,134,149,149],"floor_reached":21,"playtime":1210,"items_purged":["Strike_R"],"score":295,"play_id":"9abfa4cd-0f2d-4e96-a1c2-270898b637e2","local_time":"20190304135410","is_ascension_mode":true,"campfire_choices":[{"data":"Armaments","floor":6,"key":"SMITH"},{"data":"Inflame","floor":8,"key":"SMITH"},{"data":"Bash","floor":10,"key":"SMITH"},{"data":"Sword Boomerang","floor":12,"key":"SMITH"},{"floor":15,"key":"REST"}],"neow_cost":"NONE","seed_source_timestamp":237054276775700,"circlet_count":0,"master_deck":["AscendersBane","Strike_R","Strike_R+1","Defend_R","Defend_R","Defend_R","Defend_R","Bash+1","Ghostly Armor+1","Thunderclap","Armaments+1","Sword Boomerang+1","Inflame+1","Shrug It Off","Limit Break+1","Heavy Blade","Shrug It Off"],"relics":["Burning Blood","Lantern","Letter Opener","Tiny Chest","Empty Cage"],"potions_floor_usage":[1,3,7,13,14],"damage_taken":[{"damage":0,"enemies":"2 Louse","floor":1,"turns":1},{"damage":3,"enemies":"Cultist","floor":3,"turns":6},{"damage":3,"enemies":"Jaw Worm","floor":4,"turns":6},{"damage":10,"enemies":"Red Slaver","floor":5,"turns":6},{"damage":34,"enemies":"Lagavulin","floor":7,"turns":12},{"damage":6,"enemies":"Lots of Slimes","floor":14,"turns":4},{"damage":37,"enemies":"The Guardian","floor":16,"turns":13},{"damage":31,"enemies":"2 Thieves","floor":18,"turns":4},{"damage":28,"enemies":"Spheric Guardian","floor":20,"turns":6},{"damage":30,"enemies":"3 Cultists","floor":21,"turns":3}],"seed_played":"2378065225694036460","potions_obtained":[{"floor":0,"key":"Block Potion"},{"floor":0,"key":"Explosive Potion"},{"floor":1,"key":"GamblersBrew"},{"floor":4,"key":"Swift Potion"},{"floor":7,"key":"Poison Potion"},{"floor":20,"key":"GamblersBrew"}],"is_trial":false,"path_per_floor":["M","?","M","M","M","R","E","R","T","R","?","R","$","M","R","B",null,"M","?","M","M"],"character_chosen":"IRONCLAD","items_purchased":["Fruit Juice","Shrug It Off"],"campfire_rested":1,"item_purchase_floors":[13,13],"current_hp_per_floor":[78,78,80,80,76,76,48,48,48,48,32,32,37,37,62,31,72,47,47,25,0],"gold":149,"neow_bonus":"THREE_SMALL_POTIONS","is_prod":false,"is_daily":false,"chose_seed":false,"campfire_upgraded":4,"win_rate":0,"timestamp":1551704050,"path_taken":["M","?","?","M","M","R","E","R","T","R","?","R","$","M","R","BOSS","M","?","M","M"],"build_version":"2019-01-23","purchased_purges":1,"victory":false,"max_hp_per_floor":[80,80,80,80,80,80,80,80,80,80,80,80,85,85,85,85,85,85,85,85,85],"card_choices":[{"not_picked":["Wild Strike","Blood for Blood"],"picked":"Ghostly Armor","floor":1},{"not_picked":["Clothesline","Sword Boomerang"],"picked":"Thunderclap","floor":3},{"not_picked":["Pommel Strike","Clash"],"picked":"Armaments","floor":4},{"not_picked":["Heavy Blade","Thunderclap"],"picked":"Sword Boomerang","floor":5},{"not_picked":["Seeing Red","Barricade"],"picked":"Inflame","floor":7},{"not_picked":["Armaments","Metallicize","Dropkick"],"picked":"SKIP","floor":14},{"not_picked":["Berserk","Feed"],"picked":"Limit Break","floor":16},{"not_picked":["Searing Blow+1","Warcry"],"picked":"Heavy Blade","floor":18},{"not_picked":["Combust","Rage"],"picked":"Shrug It Off","floor":20}],"player_experience":934956,"relics_obtained":[{"floor":7,"key":"Letter Opener"},{"floor":9,"key":"Tiny Chest"}],"event_choices":[{"damage_healed":0,"gold_gain":0,"player_choice":"Gave Potion","damage_taken":0,"relics_obtained":["Lantern"],"max_hp_gain":0,"max_hp_loss":0,"event_name":"WeMeetAgain","floor":2,"gold_loss":0},{"damage_healed":0,"gold_gain":0,"player_choice":"Entered Light","damage_taken":16,"max_hp_gain":0,"max_hp_loss":0,"event_name":"Shining Light","floor":11,"gold_loss":0,"cards_upgraded":["Strike_R","Ghostly Armor"]},{"damage_healed":0,"gold_gain":0,"player_choice":"Upgraded","damage_taken":0,"max_hp_gain":0,"max_hp_loss":0,"event_name":"Upgrade Shrine","floor":19,"gold_loss":0,"cards_upgraded":["Limit Break"]}],"is_beta":false,"boss_relics":[{"not_picked":["Cursed Key","Mark of Pain"],"picked":"Empty Cage"}],"items_purged_floors":[13],"is_endless":false,"potions_floor_spawned":[1,4,7,20],"killed_by":"3 Cultists","ascension_level":13}