{"gold_per_floor":[109,109,34,34,54,54,87,107,154,195,216,251,327,352,352,352],"floor_reached":16,"playtime":473,"items_purged":["Injury"],"score":268,"play_id":"e150357c-8d47-483e-be8e-dfdfd79a86c1","local_time":"20190718035509","is_ascension_mode":true,"campfire_choices":[{"data":"Clothesline","floor":6,"key":"SMITH"},{"floor":15,"key":"REST"}],"neow_cost":"NONE","seed_source_timestamp":458067428208900,"circlet_count":0,"master_deck":["AscendersBane","Strike_R","Strike_R","Strike_R","Strike_R","Strike_R","Defend_R","Defend_R","Defend_R","Defend_R","Bash+1","Clothesline+1","Body Slam","Seeing Red","Anger","Headbutt","Second Wind","Rampage","Fire Breathing"],"relics":["Burning Blood","NeowsBlessing","Golden Idol","Strawberry","Vajra","StoneCalendar","Mummified Hand","Happy Flower"],"potions_floor_usage":[10,10,16],"damage_taken":[{"damage":0,"enemies":"Jaw Worm","floor":1,"turns":1},{"damage":0,"enemies":"Small Slimes","floor":5,"turns":1},{"damage":0,"enemies":"3 Sentries","floor":7,"turns":2},{"damage":4,"enemies":"Cultist","floor":8,"turns":3},{"damage":25,"enemies":"Lagavulin","floor":10,"turns":6},{"damage":15,"enemies":"Exordium Wildlife","floor":11,"turns":4},{"damage":18,"enemies":"Gremlin Nob","floor":12,"turns":4},{"damage":20,"enemies":"Gremlin Nob","floor":13,"turns":4},{"damage":18,"enemies":"3 Louse","floor":14,"turns":3},{"damage":45,"enemies":"Slime Boss","floor":16,"turns":6}],"seed_played":"-202790704204942771","potions_obtained":[{"floor":1,"key":"Poison Potion"},{"floor":8,"key":"AttackPotion"},{"floor":11,"key":"LiquidBronze"}],"is_trial":false,"path_per_floor":["M","?","$","?","M","R","E","M","T","E","M","E","?","M","R","B"],"character_chosen":"IRONCLAD","items_purchased":[],"campfire_rested":1,"item_purchase_floors":[],"current_hp_per_floor":[74,74,74,74,75,75,82,82,82,63,54,42,28,16,40,0],"gold":352,"neow_bonus":"THREE_ENEMY_KILL","is_prod":false,"is_daily":false,"chose_seed":false,"campfire_upgraded":1,"win_rate":0,"timestamp":1563414909,"path_taken":["M","?","$","?","M","R","E","M","T","E","?","E","?","M","R","BOSS"],"build_version":"2019-07-17","purchased_purges":1,"victory":false,"max_hp_per_floor":[75,75,75,75,75,75,82,82,82,82,82,82,82,82,82,82],"card_choices":[{"not_picked":["Twin Strike","Clash"],"picked":"Clothesline","floor":1},{"not_picked":["Clash","Cleave"],"picked":"Body Slam","floor":5},{"not_picked":["Twin Strike","Warcry","Clash"],"picked":"SKIP","floor":7},{"not_picked":["Immolate","Dual Wield"],"picked":"Seeing Red","floor":8},{"not_picked":["Fire Breathing","Rage"],"picked":"Anger","floor":10},{"not_picked":["Iron Wave","Uppercut"],"picked":"Headbutt","floor":11},{"not_picked":["Perfected Strike","Corruption"],"picked":"Second Wind","floor":12},{"not_picked":["Wild Strike","Thunderclap"],"picked":"Rampage","floor":13},{"not_picked":["Entrench","Twin Strike"],"picked":"Fire Breathing","floor":14}],"player_experience":1670104,"relics_obtained":[{"floor":7,"key":"Strawberry"},{"floor":9,"key":"Vajra"},{"floor":10,"key":"StoneCalendar"},{"floor":12,"key":"Mummified Hand"}],"event_choices":[{"damage_healed":0,"gold_gain":0,"player_choice":"Take Wound","damage_taken":0,"relics_obtained":["Golden Idol"],"max_hp_gain":0,"max_hp_loss":0,"event_name":"Golden Idol","floor":2,"gold_loss":0,"cards_obtained":["Injury"]},{"damage_healed":0,"gold_gain":0,"player_choice":"Forge","damage_taken":0,"max_hp_gain":0,"max_hp_loss":0,"event_name":"Accursed Blacksmith","floor":4,"gold_loss":0,"cards_upgraded":["Bash"]},{"damage_healed":0,"gold_gain":0,"player_choice":"Searched \u00272\u0027 times","damage_taken":0,"relics_obtained":["Happy Flower"],"max_hp_gain":0,"max_hp_loss":0,"event_name":"Dead Adventurer","floor":13,"gold_loss":0}],"is_beta":false,"boss_relics":[],"items_purged_floors":[3],"is_endless":false,"potions_floor_spawned":[1,8,11],"killed_by":"Slime Boss","ascension_level":17}