{"gold_per_floor":[112,124,76,87,99,99,126,143,143,156,220,220],"floor_reached":12,"playtime":751,"items_purged":[],"score":156,"play_id":"0f601600-f81d-4f00-827e-fc65c7badc1d","local_time":"20190813234908","is_ascension_mode":true,"campfire_choices":[{"data":"True Grit","floor":6,"key":"SMITH"}],"neow_cost":"NONE","seed_source_timestamp":974965187403800,"circlet_count":0,"master_deck":["AscendersBane","Strike_R","Strike_R","Strike_R","Strike_R","Strike_R","Defend_R","Defend_R","Defend_R","Defend_R","Bash","Twin Strike","Rampage","True Grit+1","Metallicize","Offering","Whirlwind","Body Slam","Flame Barrier"],"relics":["Burning Blood","Bag of Preparation","Tiny Chest","Sundial","Magic Flower","Torii"],"potions_floor_usage":[7,10,11],"damage_taken":[{"damage":3,"enemies":"2 Louse","floor":1,"turns":3},{"damage":6,"enemies":"Cultist","floor":2,"turns":3},{"damage":14,"enemies":"Jaw Worm","floor":4,"turns":3},{"damage":9,"enemies":"2 Fungi Beasts","floor":5,"turns":4},{"damage":26,"enemies":"3 Sentries","floor":7,"turns":9},{"damage":9,"enemies":"Blue Slaver","floor":8,"turns":4},{"damage":6,"enemies":"Exordium Wildlife","floor":10,"turns":4},{"damage":48,"enemies":"Lagavulin Event","floor":11,"turns":6},{"damage":34,"enemies":"Gremlin Gang","floor":12,"turns":2}],"seed_played":"-5158273401132247740","potions_obtained":[{"floor":1,"key":"BloodPotion"},{"floor":2,"key":"Explosive Potion"},{"floor":7,"key":"PowerPotion"}],"is_trial":false,"path_per_floor":["M","M","?","M","M","R","E","M","T","M","?","M"],"character_chosen":"IRONCLAD","items_purchased":[],"campfire_rested":0,"item_purchase_floors":[],"current_hp_per_floor":[71,71,71,63,60,60,40,37,37,67,28,0],"gold":220,"neow_bonus":"RANDOM_COMMON_RELIC","is_prod":false,"is_daily":false,"chose_seed":false,"campfire_upgraded":1,"win_rate":0,"timestamp":1565732948,"path_taken":["M","M","?","M","M","R","E","?","T","M","?","M"],"build_version":"2019-07-17","purchased_purges":0,"victory":false,"max_hp_per_floor":[75,75,75,75,75,75,75,75,75,75,75,75],"card_choices":[{"not_picked":["Intimidate","Fire Breathing"],"picked":"Twin Strike","floor":1},{"not_picked":["Entrench","Disarm"],"picked":"Rampage","floor":2},{"not_picked":["Body Slam","Iron Wave"],"picked":"True Grit","floor":4},{"not_picked":["Rupture","Seeing Red"],"picked":"Metallicize","floor":5},{"not_picked":["Wild Strike","Disarm"],"picked":"Offering","floor":7},{"not_picked":["Flex","Sever Soul"],"picked":"Whirlwind","floor":8},{"not_picked":["Evolve","Warcry"],"picked":"Body Slam","floor":10},{"not_picked":["Dropkick","Shrug It Off"],"picked":"Flame Barrier","floor":11}],"player_experience":1876843,"relics_obtained":[{"floor":7,"key":"Sundial"},{"floor":9,"key":"Magic Flower"},{"floor":11,"key":"Torii"}],"event_choices":[{"damage_healed":0,"gold_gain":0,"player_choice":"Paid Gold","damage_taken":0,"relics_obtained":["Tiny Chest"],"max_hp_gain":0,"max_hp_loss":0,"event_name":"WeMeetAgain","floor":3,"gold_loss":78},{"damage_healed":0,"gold_gain":0,"player_choice":"Searched \u00272\u0027 times","damage_taken":0,"max_hp_gain":0,"max_hp_loss":0,"event_name":"Dead Adventurer","floor":11,"gold_loss":0}],"is_beta":false,"boss_relics":[],"items_purged_floors":[],"is_endless":false,"potions_floor_spawned":[1,2,7,8],"killed_by":"Gremlin Gang","ascension_level":18}