{"gold_per_floor":[31,67,122,122,156,208,208,244,299,2,56,56,108,142,142,265,265,320,352,36,46,46,78,177,177],"floor_reached":25,"playtime":1363,"items_purged":[],"score":294,"play_id":"8da5b019-37ce-4928-92a1-506babbadea5","local_time":"20191008163814","is_ascension_mode":true,"campfire_choices":[{"floor":7,"key":"REST"},{"floor":12,"key":"REST"},{"floor":15,"key":"REST"}],"neow_cost":"NO_GOLD","seed_source_timestamp":0,"circlet_count":0,"master_deck":["Strike_B","Strike_B","Strike_B","Strike_B","Defend_B","Defend_B","Defend_B","Defend_B","Zap","Dualcast","HandOfGreed","Defragment","Coolheaded","Cold Snap","Skim","Sweeping Beam","Ball Lightning","Creative AI","Coolheaded","Self Repair"],"special_seed":0,"relics":["Cracked Core","Oddly Smooth Stone","Blood Vial","Ice Cream","Kunai","Snecko Eye","Bottled Tornado","Vajra"],"potions_floor_usage":[6,13,18,23,23],"damage_taken":[{"damage":1,"enemies":"2 Louse","floor":1,"turns":3},{"damage":2,"enemies":"Jaw Worm","floor":2,"turns":3},{"damage":6,"enemies":"Small Slimes","floor":3,"turns":5},{"damage":17,"enemies":"Blue Slaver","floor":5,"turns":4},{"damage":19,"enemies":"Gremlin Nob","floor":6,"turns":4},{"damage":13,"enemies":"Looter","floor":8,"turns":3},{"damage":9,"enemies":"2 Fungi Beasts","floor":11,"turns":3},{"damage":16,"enemies":"Lagavulin","floor":13,"turns":6},{"damage":13,"enemies":"Blue Slaver","floor":14,"turns":6},{"damage":10,"enemies":"The Guardian","floor":16,"turns":12},{"damage":4,"enemies":"3 Byrds","floor":18,"turns":4},{"damage":12,"enemies":"Shell Parasite","floor":19,"turns":4},{"damage":15,"enemies":"Centurion and Healer","floor":21,"turns":5},{"damage":25,"enemies":"Gremlin Leader","floor":23,"turns":9},{"damage":28,"enemies":"Slavers","floor":25,"turns":1}],"seed_played":"3977608058140361888","potions_obtained":[{"floor":1,"key":"SteroidPotion"},{"floor":2,"key":"EssenceOfSteel"},{"floor":11,"key":"SkillPotion"},{"floor":13,"key":"Block Potion"},{"floor":16,"key":"AttackPotion"},{"floor":19,"key":"Strength Potion"},{"floor":21,"key":"Weak Potion"}],"is_trial":false,"path_per_floor":["M","M","M","?","M","E","R","M","T","$","M","R","E","M","R","B",null,"M","M","$","M","?","E","?","E"],"character_chosen":"DEFECT","items_purchased":["Ice Cream","Bottled Tornado","Self Repair"],"campfire_rested":3,"item_purchase_floors":[10,20,20],"current_hp_per_floor":[74,72,66,66,49,30,52,39,39,39,32,54,40,29,51,43,67,65,55,55,49,35,19,19,0],"gold":177,"neow_bonus":"RANDOM_COLORLESS_2","is_prod":false,"is_daily":false,"chose_seed":false,"campfire_upgraded":0,"win_rate":0,"timestamp":1570567094,"path_taken":["M","M","M","?","M","E","R","M","T","$","M","R","E","M","R","BOSS","M","M","$","M","?","E","?","E"],"build_version":"2019-10-08","purchased_purges":0,"victory":false,"max_hp_per_floor":[75,75,75,75,75,75,75,75,75,75,75,75,75,75,75,75,75,75,75,75,75,80,80,80,80],"card_choices":[{"not_picked":["Secret Weapon","The Bomb"],"picked":"HandOfGreed","floor":0},{"not_picked":["Tempest","Skim"],"picked":"Defragment","floor":1},{"not_picked":["Steam","Sweeping Beam"],"picked":"Coolheaded","floor":2},{"not_picked":["Rebound","Turbo"],"picked":"Cold Snap","floor":3},{"not_picked":["Tempest","Aggregate"],"picked":"Skim","floor":5},{"not_picked":["Beam Cell","Cold Snap","Multi-Cast"],"picked":"SKIP","floor":6},{"not_picked":["Stack","Compile Driver"],"picked":"Sweeping Beam","floor":8},{"not_picked":["Steam","Streamline"],"picked":"Ball Lightning","floor":11},{"not_picked":["Streamline","Steam","Sweeping Beam"],"picked":"SKIP","floor":13},{"not_picked":["Cold Snap","Streamline","Scrape"],"picked":"SKIP","floor":14},{"not_picked":["Buffer","All For One"],"picked":"Creative AI","floor":16},{"not_picked":["Go for the Eyes+1","Skim","FTL"],"picked":"SKIP","floor":18},{"not_picked":["Gash","Redo"],"picked":"Coolheaded","floor":19},{"not_picked":["Steam","Ball Lightning","BootSequence+1"],"picked":"SKIP","floor":21},{"not_picked":["Steam","Beam Cell","Turbo"],"picked":"SKIP","floor":23}],"player_experience":482111,"relics_obtained":[{"floor":6,"key":"Oddly Smooth Stone"},{"floor":9,"key":"Blood Vial"},{"floor":13,"key":"Kunai"},{"floor":23,"key":"Vajra"}],"event_choices":[{"damage_healed":0,"gold_gain":0,"player_choice":"Ignored","damage_taken":0,"max_hp_gain":0,"max_hp_loss":0,"event_name":"Golden Idol","floor":4,"gold_loss":0},{"damage_healed":0,"gold_gain":0,"player_choice":"Shed Blood","damage_taken":19,"max_hp_gain":5,"max_hp_loss":0,"event_name":"Forgotten Altar","floor":22,"gold_loss":0},{"damage_healed":0,"gold_gain":99,"player_choice":"Stole From Cult","damage_taken":0,"max_hp_gain":0,"max_hp_loss":0,"event_name":"Nest","floor":24,"gold_loss":0}],"is_beta":true,"boss_relics":[{"not_picked":["Velvet Choker","Runic Dome"],"picked":"Snecko Eye"}],"items_purged_floors":[],"is_endless":false,"potions_floor_spawned":[1,2,11,13,16,19,21],"killed_by":"Slavers","ascension_level":5}