{"gold_per_floor":[112,112,125,125,136,170,170,15,15,15,90,90,110,30,30,105,105,119,119,44,41,41,41,41,41,41,61,38,72,72,72,72,72],"floor_reached":33,"playtime":1190,"items_purged":["Strike_R"],"score":504,"play_id":"c3daf30d-7ec6-4cbd-aa53-5b23ca43aa6a","local_time":"20181022000643","is_ascension_mode":true,"campfire_choices":[{"data":"Headbutt","floor":7,"key":"SMITH"},{"data":"Fiend Fire","floor":10,"key":"SMITH"},{"floor":12,"key":"REST"},{"data":"Pommel Strike","floor":15,"key":"SMITH"},{"data":"Corruption","floor":23,"key":"SMITH"},{"data":"Ghostly","floor":25,"key":"SMITH"},{"data":"Feel No Pain","floor":30,"key":"SMITH"},{"floor":32,"key":"REST"}],"neow_cost":"NONE","seed_source_timestamp":263355560777699,"circlet_count":0,"master_deck":["Strike_R+1","Strike_R+1","Strike_R+1","Defend_R+1","Defend_R+1","Defend_R+1","Defend_R+1","Bash","AscendersBane","Reaper","Pommel Strike+1","Headbutt+1","Anger","Ghostly Armor","Fiend Fire+1","Corruption+1","Battle Trance","Immolate+1","Parasite","Decay","Parasite","Feel No Pain+1","Ghostly+1","Ghostly","Ghostly","Ghostly","Ghostly","Clothesline+1","Rupture","Sword Boomerang+1","Feed+1"],"relics":["Burning Blood","Torii","Molten Egg 2","Calling Bell","Regal Pillow","Self Forming Clay","WingedGreaves","The Courier","Meat on the Bone"],"potions_floor_usage":[16,16,29,29],"damage_taken":[{"damage":1,"enemies":"Cultist","floor":1,"turns":3},{"damage":12,"enemies":"Jaw Worm","floor":3,"turns":4},{"damage":7,"enemies":"Small Slimes","floor":5,"turns":3},{"damage":30,"enemies":"Lagavulin","floor":6,"turns":7},{"damage":3,"enemies":"Gremlin Gang","floor":13,"turns":5},{"damage":57,"enemies":"Slime Boss","floor":16,"turns":13},{"damage":20,"enemies":"3 Byrds","floor":18,"turns":5},{"damage":12,"enemies":"2 Thieves","floor":21,"turns":4},{"damage":12,"enemies":"Shelled Parasite and Fungi","floor":27,"turns":7},{"damage":24,"enemies":"Slavers","floor":29,"turns":10},{"damage":56,"enemies":"Automaton","floor":33,"turns":6}],"seed_played":"-1613624604787769442","potions_obtained":[{"floor":6,"key":"SteroidPotion"},{"floor":13,"key":"PowerPotion"},{"floor":16,"key":"Weak Potion"},{"floor":18,"key":"EssenceOfSteel"}],"is_trial":false,"path_per_floor":["M","?","M","?","M","E","R","$","T","R","?","R","M","$","R","B",null,"M","?","$","M","?","R","?","R","T","M","$","E","R","?","R"],"character_chosen":"IRONCLAD","items_purchased":["Fiend Fire","Battle Trance","Sword Boomerang+1"],"campfire_rested":2,"item_purchase_floors":[8,14,28],"current_hp_per_floor":[73,73,71,75,74,51,51,51,51,51,40,62,68,68,68,24,62,52,37,37,31,31,31,31,31,31,28,28,20,20,12,39,0],"gold":72,"neow_bonus":"ONE_RANDOM_RARE_CARD","is_prod":false,"is_daily":false,"chose_seed":false,"campfire_upgraded":6,"win_rate":0,"timestamp":1540163203,"path_taken":["M","?","M","?","M","E","R","?","T","R","?","R","M","$","R","BOSS","M","?","$","M","?","R","?","R","T","M","?","E","R","?","R","BOSS"],"build_version":"2018-10-18","purchased_purges":1,"victory":false,"max_hp_per_floor":[75,75,75,75,75,75,75,75,75,75,75,75,75,75,75,75,75,75,37,37,37,37,37,37,37,37,37,37,37,37,42,42,42],"card_choices":[{"not_picked":["Warcry","Evolve"],"picked":"Pommel Strike","floor":1},{"not_picked":["Armaments","Combust"],"picked":"Headbutt","floor":3},{"not_picked":["Combust","Fire Breathing"],"picked":"Anger","floor":5},{"not_picked":["Wild Strike","Clash"],"picked":"Ghostly Armor","floor":6},{"not_picked":["Double Tap","Warcry"],"picked":"Corruption","floor":13},{"not_picked":["Impervious","Feed+1"],"picked":"Immolate+1","floor":16},{"not_picked":["Heavy Blade+1","True Grit"],"picked":"Feel No Pain","floor":18},{"not_picked":["Heavy Blade+1","Ghostly Armor"],"picked":"Clothesline+1","floor":21},{"not_picked":["Fire Breathing","Dual Wield"],"picked":"Rupture","floor":27},{"not_picked":["Wild Strike+1","Headbutt+1"],"picked":"Feed+1","floor":29}],"player_experience":901646,"relics_obtained":[{"floor":6,"key":"Torii"},{"floor":9,"key":"Molten Egg 2"},{"floor":17,"key":"Regal Pillow"},{"floor":17,"key":"Self Forming Clay"},{"floor":17,"key":"WingedGreaves"},{"floor":26,"key":"The Courier"},{"floor":29,"key":"Meat on the Bone"}],"event_choices":[{"damage_healed":0,"gold_gain":0,"cards_transformed":["Strike_R"],"player_choice":"Transformed","damage_taken":0,"max_hp_gain":0,"max_hp_loss":0,"event_name":"Transmorgrifier","floor":2,"gold_loss":0,"cards_obtained":["Metallicize"]},{"cards_removed":["Metallicize"],"damage_healed":4,"gold_gain":0,"player_choice":"Offered Uncommon","damage_taken":0,"max_hp_gain":0,"max_hp_loss":0,"event_name":"Bonfire Elementals","floor":4,"gold_loss":0},{"damage_healed":0,"gold_gain":75,"player_choice":"Gather Gold","damage_taken":11,"max_hp_gain":0,"max_hp_loss":0,"event_name":"World of Goop","floor":11,"gold_loss":0},{"damage_healed":0,"gold_gain":0,"player_choice":"Became a Ghost","damage_taken":0,"max_hp_gain":0,"max_hp_loss":38,"event_name":"Ghosts","floor":19,"gold_loss":0,"cards_obtained":["Ghostly","Ghostly","Ghostly","Ghostly","Ghostly"]},{"damage_healed":0,"gold_gain":0,"player_choice":"Ignored","damage_taken":0,"max_hp_gain":0,"max_hp_loss":0,"event_name":"Beggar","floor":22,"gold_loss":0},{"damage_healed":0,"gold_gain":0,"player_choice":"Simplicity","damage_taken":0,"max_hp_gain":0,"max_hp_loss":0,"event_name":"Back to Basics","floor":24,"gold_loss":0,"cards_upgraded":["Strike_R","Strike_R","Strike_R","Defend_R","Defend_R","Defend_R","Defend_R"]},{"damage_healed":0,"gold_gain":0,"player_choice":"Shed Blood","damage_taken":13,"max_hp_gain":5,"max_hp_loss":0,"event_name":"Forgotten Altar","floor":31,"gold_loss":0}],"is_beta":false,"boss_relics":[{"not_picked":["White Beast Statue","Philosopher\u0027s Stone"],"picked":"Calling Bell"}],"items_purged_floors":[20],"is_endless":false,"potions_floor_spawned":[6,13,16,18],"killed_by":"Automaton","ascension_level":17}