{"gold_per_floor":[213,213,227,244,260,260,317,347,416,416,416,445,21,96,96,200,200,216,216,226,239,253,253,253,253,277,277,297,87,87,107,107,203,203,223,243,243,243,254],"floor_reached":39,"playtime":1103,"items_purged":["Bash","Perfected Strike"],"score":416,"play_id":"89a000ae-8a7d-4835-a9cc-5b60469cde35","local_time":"20190101142906","is_ascension_mode":false,"campfire_choices":[{"data":"Rampage","floor":6,"key":"SMITH"},{"floor":10,"key":"REST"},{"floor":11,"key":"REST"},{"floor":15,"key":"REST"},{"floor":23,"key":"REST"},{"floor":25,"key":"REST"},{"data":"Pommel Strike","floor":27,"key":"SMITH"},{"data":"Uppercut","floor":32,"key":"SMITH"}],"neow_cost":"NONE","seed_source_timestamp":882545365731495,"circlet_count":0,"master_deck":["Defend_R+1","Defend_R+1","Defend_R+1","Defend_R+1","Thunderclap+1","Thunderclap+1","Rampage+1","Cleave+1","Feel No Pain+1","Pommel Strike+1","Metallicize+1","Impervious+1","Headbutt+1","Pommel Strike+1","Barricade+1","True Grit+1","Bite+1","Bite+1","Bite+1","Bite+1","Bite+1","Feed+1","Evolve+1","Shockwave+1","Uppercut+1","Juggernaut+1","Inflame+1","Body Slam+1"],"relics":["Burning Blood","WingedGreaves","Art of War","Darkstone Periapt","Frozen Egg 2","Paper Frog","Snecko Eye","Self Forming Clay","Strawberry","Fusion Hammer","Mark of the Bloom","Anchor"],"potions_floor_usage":[7,16,21,22,35],"damage_taken":[{"damage":11,"enemies":"Jaw Worm","floor":1,"turns":3},{"damage":5,"enemies":"2 Louse","floor":3,"turns":2},{"damage":6,"enemies":"Cultist","floor":4,"turns":3},{"damage":16,"enemies":"Blue Slaver","floor":5,"turns":4},{"damage":44,"enemies":"Lagavulin Event","floor":7,"turns":6},{"damage":15,"enemies":"Gremlin Nob","floor":8,"turns":4},{"damage":27,"enemies":"3 Sentries","floor":12,"turns":5},{"damage":53,"enemies":"The Guardian","floor":16,"turns":10},{"damage":24,"enemies":"Shell Parasite","floor":18,"turns":4},{"damage":21,"enemies":"Spheric Guardian","floor":20,"turns":5},{"damage":11,"enemies":"Snake Plant","floor":21,"turns":4},{"damage":41,"enemies":"Sentry and Sphere","floor":22,"turns":8},{"damage":12,"enemies":"Shelled Parasite and Fungi","floor":28,"turns":3},{"damage":18,"enemies":"Cultist and Chosen","floor":31,"turns":5},{"damage":57,"enemies":"Collector","floor":33,"turns":9},{"damage":38,"enemies":"3 Darklings","floor":35,"turns":4},{"damage":3,"enemies":"3 Shapes","floor":36,"turns":3},{"damage":26,"enemies":"Spire Growth","floor":39,"turns":4}],"seed_played":"-4605696780626826723","potions_obtained":[{"floor":3,"key":"Weak Potion"},{"floor":5,"key":"Ancient Potion"},{"floor":7,"key":"Weak Potion"},{"floor":12,"key":"BloodPotion"},{"floor":20,"key":"LiquidBronze"},{"floor":31,"key":"LiquidBronze"}],"is_trial":false,"path_per_floor":["M","?","M","M","M","R","?","E","T","R","R","E","$","?","R","B",null,"M","?","M","M","M","R","?","R","T","R","M","$","?","M","R","B",null,"M","M","?","T","M"],"character_chosen":"IRONCLAD","items_purchased":["Pommel Strike","Metallicize+1","Paper Frog","Evolve+1","Shockwave"],"campfire_rested":5,"item_purchase_floors":[13,13,13,29,29],"current_hp_per_floor":[75,75,76,76,66,66,28,19,19,43,67,46,46,35,59,12,80,62,62,47,42,15,39,39,55,62,62,63,63,63,60,60,15,66,40,45,45,45,19],"gold":254,"neow_bonus":"HUNDRED_GOLD","is_prod":false,"is_daily":false,"chose_seed":false,"campfire_upgraded":3,"win_rate":0,"timestamp":1546349346,"path_taken":["M","?","M","M","M","R","?","E","T","R","R","E","$","?","R","BOSS","M","?","M","?","M","R","?","R","T","R","M","$","?","?","R","BOSS","M","M","?","?","?"],"build_version":"2018-12-20","purchased_purges":2,"victory":false,"max_hp_per_floor":[80,80,80,80,80,80,80,80,80,80,80,80,80,80,80,80,80,80,80,80,80,80,80,56,56,63,63,63,63,63,66,66,66,66,66,66,66,66,66],"card_choices":[{"not_picked":["Sentinel","Body Slam"],"picked":"Thunderclap","floor":1},{"not_picked":["Intimidate","Warcry"],"picked":"Thunderclap","floor":3},{"not_picked":["Flex","Dual Wield","Clash"],"picked":"SKIP","floor":4},{"not_picked":["Clash","Twin Strike"],"picked":"Rampage","floor":5},{"not_picked":["Anger","Rupture"],"picked":"Cleave","floor":7},{"not_picked":["Berserk","Barricade"],"picked":"Feel No Pain","floor":8},{"not_picked":["Warcry","Iron Wave"],"picked":"Perfected Strike","floor":12},{"not_picked":["Reaper","Limit Break"],"picked":"Impervious","floor":16},{"not_picked":["Heavy Blade","Wild Strike"],"picked":"Headbutt","floor":18},{"not_picked":["Sentinel","Cleave"],"picked":"Pommel Strike+1","floor":20},{"not_picked":["Thunderclap","Cleave"],"picked":"Barricade+1","floor":21},{"not_picked":["Pummel","Clothesline"],"picked":"True Grit+1","floor":22},{"not_picked":["Pommel Strike+1","Heavy Blade"],"picked":"Feed","floor":28},{"not_picked":["Headbutt+1","Searing Blow"],"picked":"Uppercut","floor":31},{"not_picked":["Barricade+1","Dark Embrace+1"],"picked":"Juggernaut+1","floor":33},{"not_picked":["Clothesline","Havoc+1","Anger"],"picked":"SKIP","floor":35},{"not_picked":["Rage+1","Perfected Strike+1"],"picked":"Inflame+1","floor":36},{"not_picked":["Feel No Pain+1","Headbutt"],"picked":"Body Slam+1","floor":39}],"player_experience":561637,"relics_obtained":[{"floor":7,"key":"WingedGreaves"},{"floor":8,"key":"Art of War"},{"floor":9,"key":"Darkstone Periapt"},{"floor":12,"key":"Frozen Egg 2"},{"floor":19,"key":"Self Forming Clay"},{"floor":26,"key":"Strawberry"},{"floor":38,"key":"Anchor"}],"event_choices":[{"cards_removed":["Strike_R"],"damage_healed":0,"gold_gain":0,"player_choice":"Forget","damage_taken":0,"max_hp_gain":0,"max_hp_loss":0,"event_name":"Living Wall","floor":2,"gold_loss":0},{"damage_healed":0,"gold_gain":0,"player_choice":"Searched \u00272\u0027 times","damage_taken":0,"max_hp_gain":0,"max_hp_loss":0,"event_name":"Dead Adventurer","floor":7,"gold_loss":0},{"damage_healed":0,"gold_gain":75,"player_choice":"Gather Gold","damage_taken":11,"max_hp_gain":0,"max_hp_loss":0,"event_name":"World of Goop","floor":14,"gold_loss":0},{"damage_healed":0,"gold_gain":0,"player_choice":"Relic","damage_taken":0,"max_hp_gain":0,"max_hp_loss":0,"event_name":"Wheel of Change","floor":19,"gold_loss":0},{"damage_healed":0,"gold_gain":0,"player_choice":"Became a vampire","damage_taken":0,"max_hp_gain":0,"max_hp_loss":24,"event_name":"Vampires","floor":24,"gold_loss":0,"cards_obtained":["Bite","Bite","Bite","Bite","Bite"]},{"damage_healed":0,"gold_gain":0,"player_choice":"Upgraded","damage_taken":0,"max_hp_gain":0,"max_hp_loss":0,"event_name":"Upgrade Shrine","floor":30,"gold_loss":0,"cards_upgraded":["Shockwave"]},{"damage_healed":0,"gold_gain":0,"player_choice":"Upgrade","damage_taken":0,"relics_obtained":["Mark of the Bloom"],"max_hp_gain":0,"max_hp_loss":0,"event_name":"MindBloom","floor":37,"gold_loss":0,"cards_upgraded":["Defend_R","Defend_R","Defend_R","Defend_R","Thunderclap","Thunderclap","Cleave","Feel No Pain","Impervious","Headbutt","Bite","Bite","Bite","Bite","Bite","Feed"]}],"is_beta":false,"boss_relics":[{"not_picked":["Lizard Tail","Orrery"],"picked":"Snecko Eye"},{"not_picked":["Busted Crown","Tiny House"],"picked":"Fusion Hammer"}],"items_purged_floors":[13,29],"is_endless":false,"potions_floor_spawned":[3,5,7,12,20,31],"killed_by":"Spire Growth","ascension_level":0}