{"gold_per_floor":[113,130,130,142,142,142,156,156,181,181,195,18,51,66,66,165,165,181,197,197],"floor_reached":20,"playtime":784,"items_purged":["Strike_G"],"score":282,"play_id":"b6cc3a63-8b5c-4ded-a68b-fbf56dba7630","local_time":"20190224022246","is_ascension_mode":true,"campfire_choices":[{"data":"Skewer","floor":6,"key":"SMITH"},{"data":"Adrenaline","floor":8,"key":"SMITH"},{"data":"Neutralize","floor":10,"key":"SMITH"},{"data":"Distraction","floor":15,"key":"SMITH"}],"neow_cost":"NONE","seed_source_timestamp":340649994528000,"circlet_count":0,"master_deck":["AscendersBane","Defend_G","Defend_G","Defend_G","Defend_G","Defend_G","Strike_G","Strike_G","Strike_G","Survivor","Neutralize+1","Quick Slash","Adrenaline+1","Skewer+1","Backflip","Backflip","Predator","Quick Slash","Distraction+1","Choke","Envenom","Poisoned Stab","Dagger Spray"],"relics":["Ring of the Snake","Boot","Anchor","Pantograph","Lizard Tail"],"potions_floor_usage":[13,18,19],"damage_taken":[{"damage":1,"enemies":"2 Louse","floor":1,"turns":5},{"damage":3,"enemies":"Jaw Worm","floor":2,"turns":5},{"damage":0,"enemies":"Cultist","floor":4,"turns":4},{"damage":2,"enemies":"Red Slaver","floor":7,"turns":3},{"damage":0,"enemies":"3 Louse","floor":11,"turns":3},{"damage":6,"enemies":"Gremlin Nob","floor":13,"turns":3},{"damage":8,"enemies":"Lots of Slimes","floor":14,"turns":4},{"damage":57,"enemies":"Slime Boss","floor":16,"turns":13},{"damage":9,"enemies":"3 Byrds","floor":18,"turns":3},{"damage":0,"enemies":"Spheric Guardian","floor":19,"turns":2},{"damage":88,"enemies":"Shelled Parasite and Fungi","floor":20,"turns":7}],"seed_played":"-182717060932665421","potions_obtained":[{"floor":0,"key":"Dexterity Potion"},{"floor":0,"key":"Strength Potion"},{"floor":11,"key":"LiquidBronze"},{"floor":18,"key":"Energy Potion"}],"is_trial":false,"path_per_floor":["M","M","?","M","?","R","M","R","T","R","M","$","E","M","R","B",null,"M","M","M"],"character_chosen":"THE_SILENT","items_purchased":["Predator","Quick Slash"],"campfire_rested":0,"item_purchase_floors":[12,12],"current_hp_per_floor":[62,59,52,52,52,52,50,50,50,50,50,50,44,36,36,4,54,45,45,0],"gold":197,"neow_bonus":"THREE_SMALL_POTIONS","is_prod":false,"is_daily":false,"chose_seed":false,"campfire_upgraded":4,"win_rate":0,"timestamp":1550971366,"path_taken":["M","M","?","M","?","R","M","R","T","R","M","$","E","M","R","BOSS","M","M","?"],"build_version":"2019-01-23","purchased_purges":1,"victory":false,"max_hp_per_floor":[70,70,70,70,70,70,70,70,70,70,70,70,70,70,70,70,70,70,70,70],"card_choices":[{"not_picked":["Accuracy","Poisoned Stab"],"picked":"Quick Slash","floor":1},{"not_picked":["Accuracy","Sucker Punch"],"picked":"Adrenaline","floor":2},{"not_picked":["Prepared","Underhanded Strike"],"picked":"Skewer","floor":4},{"not_picked":["Riddle With Holes","Dagger Spray"],"picked":"Backflip","floor":7},{"not_picked":["Dagger Throw","All Out Attack"],"picked":"Backflip","floor":11},{"not_picked":["Dagger Throw","Prepared"],"picked":"Distraction","floor":13},{"not_picked":["Deadly Poison","Night Terror"],"picked":"Choke","floor":14},{"not_picked":["Grand Finale","Glass Knife"],"picked":"Envenom","floor":16},{"not_picked":["Calculated Gamble","Dagger Throw"],"picked":"Poisoned Stab","floor":18},{"not_picked":["Cloak And Dagger","Dodge and Roll"],"picked":"Dagger Spray","floor":19}],"player_experience":842832,"relics_obtained":[{"floor":9,"key":"Anchor"},{"floor":13,"key":"Pantograph"}],"event_choices":[{"cards_removed":["Strike_G"],"damage_healed":0,"gold_gain":0,"player_choice":"Card Removal","damage_taken":7,"max_hp_gain":0,"max_hp_loss":0,"event_name":"Golden Wing","floor":3,"gold_loss":0},{"damage_healed":0,"gold_gain":0,"player_choice":"Gave Potion","damage_taken":0,"relics_obtained":["Boot"],"max_hp_gain":0,"max_hp_loss":0,"event_name":"WeMeetAgain","floor":5,"gold_loss":0}],"is_beta":false,"boss_relics":[{"not_picked":["Runic Pyramid","Black Star"],"picked":"Lizard Tail"}],"items_purged_floors":[12],"is_endless":false,"potions_floor_spawned":[1,11,18],"killed_by":"Shelled Parasite and Fungi","ascension_level":12}