{"gold_per_floor":[366,382,451,190,190,219,237,237,237,237,252,286,19,30,30,104,104,120,320,334,334,210,222,254,254,254,272,272,272,272,272,272,344,344,364,364,381,381,65,65,85,85,109,143,143,143,173,35,35,35,35],"floor_reached":51,"playtime":4137,"items_purged":["Strike_G","Normality"],"score":1533,"play_id":"9c1da4d5-e4c2-4cd0-ad27-37a670820ac1","local_time":"20190316035536","is_ascension_mode":true,"campfire_choices":[{"floor":8.0,"key":"REST"},{"data":"Well Laid Plans","floor":10.0,"key":"SMITH"},{"data":"Footwork","floor":15.0,"key":"SMITH"},{"floor":25.0,"key":"REST"},{"data":"Deadly Poison","floor":28.0,"key":"SMITH"},{"data":"Deadly Poison","floor":30.0,"key":"SMITH"},{"data":"Caltrops","floor":32.0,"key":"SMITH"},{"data":"A Thousand Cuts","floor":40.0,"key":"SMITH"},{"floor":42.0,"key":"REST"},{"floor":45.0,"key":"RECALL"},{"data":"Apotheosis","floor":49.0,"key":"SMITH"}],"neow_cost":"TEN_PERCENT_HP_LOSS","seed_source_timestamp":0,"circlet_count":0,"master_deck":["AscendersBane","Defend_G","Defend_G","Defend_G","Defend_G","Defend_G","Survivor","Neutralize+1","Slice","Endless Agony","Infinite Blades","Deadly Poison+1","Dagger Throw","Backflip","Well Laid Plans+1","Well Laid Plans","Acrobatics","Footwork+1","Deadly Poison+1","Grand Finale","Backflip","Backflip","Bite","Bite","Bite","Bite","Caltrops+1","Backstab+1","Finisher","A Thousand Cuts+1","Regret","Clumsy","PiercingWail+1","Blur+1","Accuracy","Blade Dance","Choke","Prepared+1","Skewer+1","Noxious Fumes","Apotheosis+1"],"special_seed":0,"relics":["Ring of the Snake","Ninja Scroll","Lantern","Bottled Tornado","Membership Card","WristBlade","PreservedInsect","Blue Candle","Pantograph","MutagenicStrength","Calling Bell","Happy Flower","Gremlin Horn","FossilizedHelix","Mango","Mercury Hourglass","Bronze Scales"],"potions_floor_usage":[50,51],"damage_taken":[{"damage":9.0,"enemies":"Cultist","floor":1.0,"turns":4.0},{"damage":1.0,"enemies":"Small Slimes","floor":2.0,"turns":3.0},{"damage":19.0,"enemies":"Lagavulin","floor":6.0,"turns":6.0},{"damage":0.0,"enemies":"Jaw Worm","floor":7.0,"turns":2.0},{"damage":1.0,"enemies":"Lots of Slimes","floor":11.0,"turns":3.0},{"damage":12.0,"enemies":"Gremlin Nob","floor":12.0,"turns":4.0},{"damage":0.0,"enemies":"Blue Slaver","floor":14.0,"turns":3.0},{"damage":3.0,"enemies":"The Guardian","floor":16.0,"turns":10.0},{"damage":13.0,"enemies":"Shell Parasite","floor":18.0,"turns":4.0},{"damage":1.0,"enemies":"Spheric Guardian","floor":20.0,"turns":3.0},{"damage":15.0,"enemies":"Snecko","floor":23.0,"turns":4.0},{"damage":0.0,"enemies":"Gremlin Leader","floor":24.0,"turns":4.0},{"damage":6.0,"enemies":"3 Cultists","floor":27.0,"turns":4.0},{"damage":47.0,"enemies":"Champ","floor":33.0,"turns":14.0},{"damage":7.0,"enemies":"3 Shapes","floor":35.0,"turns":5.0},{"damage":27.0,"enemies":"3 Darklings","floor":37.0,"turns":6.0},{"damage":1.0,"enemies":"Maw","floor":41.0,"turns":6.0},{"damage":6.0,"enemies":"Reptomancer","floor":44.0,"turns":5.0},{"damage":0.0,"enemies":"Nemesis","floor":47.0,"turns":3.0},{"damage":81,"enemies":"Time Eater","floor":50,"turns":11},{"damage":48,"enemies":"Donu and Deca","floor":51,"turns":4}],"seed_played":"-8319734120466134705","potions_obtained":[{"floor":2.0,"key":"GhostInAJar"},{"floor":7.0,"key":"Block Potion"},{"floor":12.0,"key":"Block Potion"},{"floor":20.0,"key":"Dexterity Potion"},{"floor":33.0,"key":"GhostInAJar"}],"is_trial":false,"path_per_floor":["M","M","T","$","?","E","M","R","T","R","M","E","$","M","R","B",null,"M","?","M","?","$","M","E","R","T","M","R","?","R","?","R","B",null,"M","?","M","?","$","R","M","R","T","E","R","?","E","$","R","B","B"],"character_chosen":"THE_SILENT","items_purchased":["Infinite Blades","Deadly Poison","Dagger Throw","Footwork","Membership Card","Caltrops","PreservedInsect","Mango","Accuracy","Blade Dance","Choke","Noxious Fumes","Apotheosis"],"campfire_rested":3,"item_purchase_floors":[4,4,4,13,13,22,22,39,39,39,39,48,48],"current_hp_per_floor":[50,49,49,49,49,30,30,48,48,48,47,35,35,37,37,36,54,43,43,44,44,44,33,39,57,57,57,57,57,57,41,41,28,56,49,49,34,34,48,48,51,74,74,74,74,74,79,79,79,1,0],"gold":35,"neow_bonus":"TWO_FIFTY_GOLD","is_prod":false,"is_daily":false,"chose_seed":false,"campfire_upgraded":7,"win_rate":0,"timestamp":1552704936,"path_taken":["M","M","?","$","?","E","M","R","T","R","M","E","$","?","R","BOSS","M","?","?","?","$","M","E","R","T","M","R","?","R","?","R","BOSS","M","?","M","?","$","R","M","R","T","E","R","?","E","$","R","BOSS","BOSS"],"build_version":"2019-01-23","purchased_purges":2,"victory":false,"max_hp_per_floor":[60,60,60,60,60,60,60,60,60,60,60,60,60,60,60,60,60,60,60,60,60,60,60,60,60,60,60,60,60,60,65,65,65,65,65,65,65,65,79,79,79,79,79,79,79,79,79,79,79,79,79],"card_choices":[{"not_picked":["Outmaneuver","Prepared"],"picked":"Slice","floor":1.0},{"not_picked":["Underhanded Strike","Catalyst"],"picked":"Endless Agony","floor":2.0},{"not_picked":["Quick Slash","Bane"],"picked":"Backflip","floor":6.0},{"not_picked":["Eviscerate","Flying Knee"],"picked":"Well Laid Plans","floor":7.0},{"not_picked":["Burst","Cloak And Dagger"],"picked":"Well Laid Plans","floor":11.0},{"not_picked":["Blur","Distraction"],"picked":"Acrobatics","floor":12.0},{"not_picked":["Prepared","Well Laid Plans"],"picked":"Deadly Poison","floor":14.0},{"not_picked":["Phantasmal Killer","Die Die Die"],"picked":"Grand Finale","floor":16.0},{"not_picked":["Dagger Throw","Dagger Spray"],"picked":"Backflip","floor":18.0},{"not_picked":["Dagger Spray","Dash"],"picked":"Backflip","floor":20.0},{"not_picked":["Concentrate","Dagger Spray"],"picked":"Backstab+1","floor":23.0},{"not_picked":["Prepared","Dodge and Roll"],"picked":"Finisher","floor":24.0},{"not_picked":["Underhanded Strike","Poisoned Stab","Dagger Spray"],"picked":"SKIP","floor":27.0},{"not_picked":["Phantasmal Killer","Adrenaline"],"picked":"A Thousand Cuts","floor":33.0},{"not_picked":["Dodge and Roll","Tactician"],"picked":"PiercingWail+1","floor":35.0},{"not_picked":["Dodge and Roll","Prepared"],"picked":"Blur+1","floor":37.0},{"not_picked":["Quick Slash+1","Acrobatics","Unload"],"picked":"SKIP","floor":41.0},{"not_picked":["Crippling Poison","Distraction+1"],"picked":"Prepared+1","floor":44.0},{"not_picked":["Underhanded Strike+1","Predator"],"picked":"Skewer+1","floor":47.0}],"player_experience":705704,"relics_obtained":[{"floor":3.0,"key":"Ninja Scroll"},{"floor":6.0,"key":"Lantern"},{"floor":9.0,"key":"Bottled Tornado"},{"floor":12.0,"key":"Blood Vial"},{"floor":24.0,"key":"Blue Candle"},{"floor":26.0,"key":"Pantograph"},{"floor":34.0,"key":"Happy Flower"},{"floor":34.0,"key":"Gremlin Horn"},{"floor":34.0,"key":"FossilizedHelix"},{"floor":44.0,"key":"Mercury Hourglass"},{"floor":47.0,"key":"Bronze Scales"}],"event_choices":[{"damage_healed":0.0,"max_hp_gain":0.0,"max_hp_loss":0.0,"gold_gain":0.0,"event_name":"Upgrade Shrine","player_choice":"Upgraded","floor":5.0,"gold_loss":0.0,"damage_taken":0.0,"cards_upgraded":["Neutralize"]},{"damage_healed":0.0,"max_hp_gain":0.0,"max_hp_loss":0.0,"gold_gain":250.0,"event_name":"The Joust","player_choice":"Bet on Owner","floor":19.0,"gold_loss":50.0,"damage_taken":0.0},{"damage_healed":0.0,"max_hp_gain":0.0,"max_hp_loss":0.0,"gold_gain":0.0,"event_name":"Vampires","player_choice":"Became a vampire (Vial)","floor":21.0,"relics_lost":["Blood Vial"],"gold_loss":0.0,"damage_taken":0.0,"cards_obtained":["Bite","Bite","Bite","Bite","Bite"]},{"damage_healed":0.0,"max_hp_gain":0.0,"max_hp_loss":0.0,"gold_gain":0.0,"event_name":"Drug Dealer","player_choice":"Inject Mutagens","floor":29.0,"gold_loss":0.0,"damage_taken":0.0,"relics_obtained":["MutagenicStrength"]},{"damage_healed":0.0,"max_hp_gain":5.0,"max_hp_loss":0.0,"gold_gain":0.0,"event_name":"Forgotten Altar","player_choice":"Shed Blood","floor":31.0,"gold_loss":0.0,"damage_taken":21.0},{"cards_removed":["Bite"],"damage_healed":0.0,"max_hp_gain":0.0,"max_hp_loss":0.0,"gold_gain":0.0,"event_name":"Falling","player_choice":"Removed Attack","floor":36.0,"gold_loss":0.0,"damage_taken":0.0},{"damage_healed":0.0,"max_hp_gain":0.0,"max_hp_loss":0.0,"gold_gain":0.0,"event_name":"Mysterious Sphere","player_choice":"Ignored","floor":38.0,"gold_loss":0.0,"damage_taken":0.0},{"damage_healed":0.0,"max_hp_gain":0.0,"max_hp_loss":0.0,"gold_gain":0.0,"event_name":"Tomb of Lord Red Mask","player_choice":"Ignored","floor":46.0,"gold_loss":0.0,"damage_taken":0.0}],"is_beta":false,"boss_relics":[{"not_picked":["Sozu","Ring of the Serpent"],"picked":"WristBlade"},{"not_picked":["Snecko Eye","Empty Cage"],"picked":"Calling Bell"}],"items_purged_floors":[4,39],"is_endless":false,"potions_floor_spawned":[2,7,12,20,33,37,41,47],"killed_by":"Donu and Deca","ascension_level":20}