{"gold_per_floor":[117,117,267,267,267,299,299,2,2,2,2,2,37,37,37,108,108,76,90,40,315,9,9,25,44,44,44,44,58,58,58,58,58],"floor_reached":33,"playtime":973,"items_purged":["Doubt","Strike_R","Regret"],"score":535,"play_id":"05c78a10-042b-416d-90b2-c80ab198df12","local_time":"20190610024152","is_ascension_mode":true,"campfire_choices":[{"data":"Bash","floor":7,"key":"SMITH"},{"data":"Limit Break","floor":10,"key":"SMITH"},{"data":"Disarm","floor":12,"key":"SMITH"},{"data":"Infernal Blade","floor":15,"key":"SMITH"},{"floor":23,"key":"REST"},{"data":"Apotheosis","floor":30,"key":"SMITH"},{"floor":32,"key":"REST"}],"neow_cost":"NONE","seed_source_timestamp":251823265940300,"circlet_count":0,"master_deck":["AscendersBane","Strike_R","Strike_R","Defend_R+1","Defend_R+1","Defend_R","Defend_R+1","Bash+1","Shrug It Off+1","Burning Pact","Limit Break+1","Disarm+1","Infernal Blade+1","Barricade","Headbutt+1","Sever Soul","Apotheosis+1","Spot Weakness","True Grit","Sword Boomerang","Spot Weakness","Bludgeon","RitualDagger"],"relics":["Burning Blood","NeowsBlessing","War Paint","Pantograph","Question Card","Smiling Mask","Mark of Pain","Paper Frog"],"potions_floor_usage":[16,16,29,33,33],"damage_taken":[{"damage":0,"enemies":"2 Louse","floor":1,"turns":1},{"damage":0,"enemies":"Lagavulin","floor":6,"turns":1},{"damage":0,"enemies":"Gremlin Nob","floor":13,"turns":1},{"damage":40,"enemies":"The Guardian","floor":16,"turns":17},{"damage":35,"enemies":"2 Thieves","floor":18,"turns":5},{"damage":13,"enemies":"Chosen","floor":19,"turns":8},{"damage":26,"enemies":"Snake Plant","floor":24,"turns":8},{"damage":27,"enemies":"Centurion and Healer","floor":25,"turns":7},{"damage":1,"enemies":"Cultist and Chosen","floor":29,"turns":6},{"damage":97,"enemies":"Automaton","floor":33,"turns":6}],"seed_played":"-5894766026529377117","potions_obtained":[{"floor":6,"key":"Energy Potion"},{"floor":13,"key":"SpeedPotion"},{"floor":25,"key":"BloodPotion"},{"floor":29,"key":"EssenceOfSteel"}],"is_trial":false,"path_per_floor":["M","?","?","?","?","E","R","$","T","R","$","R","E","$","R","B",null,"M","M","$","?","$","R","M","M","T","$","?","M","R","?","R","B"],"character_chosen":"IRONCLAD","items_purchased":["Limit Break","Disarm","Apotheosis","Dexterity Potion"],"campfire_rested":2,"item_purchase_floors":[8,8,22,22],"current_hp_per_floor":[74,51,51,33,38,44,44,44,44,44,44,44,50,50,50,41,70,41,34,34,34,34,58,38,17,17,17,17,30,30,24,48,0],"gold":58,"neow_bonus":"THREE_ENEMY_KILL","is_prod":false,"is_daily":false,"chose_seed":false,"campfire_upgraded":5,"win_rate":0,"timestamp":1560127312,"path_taken":["M","?","?","?","?","E","R","$","T","R","?","R","E","$","R","BOSS","M","M","$","?","?","R","?","M","T","$","?","M","R","?","R","BOSS"],"build_version":"2019-01-23","purchased_purges":3,"victory":false,"max_hp_per_floor":[75,75,75,75,80,80,80,80,80,80,80,80,80,80,80,80,80,80,80,80,80,80,80,80,80,80,80,80,80,80,80,80,80],"card_choices":[{"not_picked":["Inflame","Iron Wave"],"picked":"Shrug It Off","floor":1},{"not_picked":["Armaments","Cleave"],"picked":"Burning Pact","floor":6},{"not_picked":["Burning Pact","Cleave","Twin Strike"],"picked":"Infernal Blade","floor":13},{"not_picked":["Demon Form","Impervious","Fiend Fire"],"picked":"Barricade","floor":16},{"not_picked":["Sword Boomerang","Seeing Red","Warcry"],"picked":"Headbutt+1","floor":18},{"not_picked":["True Grit","Clothesline","Perfected Strike"],"picked":"Sever Soul","floor":19},{"not_picked":["Pummel","Thunderclap","Dual Wield"],"picked":"Spot Weakness","floor":24},{"not_picked":["Pommel Strike","Carnage","Blood for Blood"],"picked":"True Grit","floor":25},{"not_picked":["Twin Strike","Shrug It Off","Pommel Strike"],"picked":"Bludgeon","floor":29}],"player_experience":1262819,"relics_obtained":[{"floor":6,"key":"Pantograph"},{"floor":9,"key":"Question Card"},{"floor":13,"key":"Smiling Mask"},{"floor":26,"key":"Paper Frog"}],"event_choices":[{"damage_healed":0,"gold_gain":0,"player_choice":"Entered Light","damage_taken":23,"max_hp_gain":0,"max_hp_loss":0,"event_name":"Shining Light","floor":2,"gold_loss":0,"cards_upgraded":["Defend_R","Defend_R"]},{"damage_healed":0,"gold_gain":150,"player_choice":"AGREE","damage_taken":0,"max_hp_gain":0,"max_hp_loss":0,"event_name":"Liars Game","floor":3,"gold_loss":0,"cards_obtained":["Doubt"]},{"damage_healed":0,"gold_gain":0,"player_choice":"Success","damage_taken":18,"relics_obtained":["War Paint"],"max_hp_gain":0,"max_hp_loss":0,"event_name":"Scrap Ooze","floor":4,"gold_loss":0},{"damage_healed":0,"gold_gain":0,"player_choice":"Donut","damage_taken":0,"max_hp_gain":5,"max_hp_loss":0,"event_name":"Big Fish","floor":5,"gold_loss":0},{"damage_healed":0,"gold_gain":275,"player_choice":"Desecrate","damage_taken":0,"max_hp_gain":0,"max_hp_loss":0,"event_name":"Golden Shrine","floor":21,"gold_loss":0,"cards_obtained":["Regret"]},{"damage_healed":0,"gold_gain":0,"cards_transformed":["Strike_R","Strike_R"],"player_choice":"Became Test Subject","damage_taken":0,"max_hp_gain":0,"max_hp_loss":0,"event_name":"Drug Dealer","floor":28,"gold_loss":0,"cards_obtained":["Sword Boomerang","Spot Weakness"]},{"damage_healed":0,"gold_gain":0,"player_choice":"Joined the Cult","damage_taken":6,"max_hp_gain":0,"max_hp_loss":0,"event_name":"Nest","floor":31,"gold_loss":0,"cards_obtained":["RitualDagger"]}],"is_beta":false,"boss_relics":[{"not_picked":["Black Blood","Tiny House"],"picked":"Mark of Pain"}],"items_purged_floors":[8,20,22],"is_endless":false,"potions_floor_spawned":[6,13,25,29],"killed_by":"Automaton","ascension_level":16}