{"gold_per_floor":[113,125,400,417,16,49,49,63,88,100,130,17,35,97,97,97],"floor_reached":16,"playtime":552,"items_purged":["Regret","Strike_G"],"score":194,"play_id":"c49415f3-2559-46c0-bbb0-a87dd01b6d80","local_time":"20190722182843","is_ascension_mode":true,"campfire_choices":[{"data":"Neutralize","floor":7,"key":"SMITH"},{"data":"Skewer","floor":10,"key":"SMITH"},{"floor":15,"key":"REST"}],"neow_cost":"NONE","seed_source_timestamp":117515079413200,"circlet_count":0,"master_deck":["AscendersBane","Strike_G","Strike_G","Strike_G","Strike_G","Defend_G","Defend_G","Defend_G","Defend_G","Defend_G","Survivor","Neutralize+1","Poisoned Stab","Poisoned Stab","Backflip","Adrenaline","Dramatic Entrance","Flying Knee","Distraction","Skewer+1","Malaise","Dodge and Roll","Dagger Spray"],"relics":["Ring of the Snake","Art of War","MawBank"],"potions_floor_usage":[11,13,16],"damage_taken":[{"damage":0,"enemies":"2 Louse","floor":1,"turns":5},{"damage":1,"enemies":"Cultist","floor":2,"turns":3},{"damage":4,"enemies":"Small Slimes","floor":4,"turns":5},{"damage":35,"enemies":"Gremlin Nob","floor":6,"turns":4},{"damage":9,"enemies":"Blue Slaver","floor":8,"turns":3},{"damage":5,"enemies":"Red Slaver","floor":11,"turns":2},{"damage":1,"enemies":"Exordium Thugs","floor":13,"turns":4},{"damage":38,"enemies":"Slime Boss","floor":16,"turns":8}],"seed_played":"2262866795569245218","potions_obtained":[{"floor":6,"key":"SteroidPotion"},{"floor":8,"key":"EssenceOfSteel"},{"floor":13,"key":"Energy Potion"}],"is_trial":false,"path_per_floor":["M","M","?","M","$","E","R","M","T","R","M","$","M","?","R","B"],"character_chosen":"THE_SILENT","items_purchased":["Adrenaline","Dramatic Entrance","Flying Knee","Dodge and Roll"],"campfire_rested":1,"item_purchase_floors":[5,5,5,12],"current_hp_per_floor":[65,64,64,60,60,25,25,16,16,16,11,11,10,10,31,0],"gold":97,"neow_bonus":"TEN_PERCENT_HP_BONUS","is_prod":false,"is_daily":false,"chose_seed":false,"campfire_upgraded":2,"win_rate":0,"timestamp":1563812923,"path_taken":["M","M","?","M","$","E","R","M","T","R","M","?","?","?","R","BOSS"],"build_version":"2019-07-17","purchased_purges":2,"victory":false,"max_hp_per_floor":[72,72,72,72,72,72,72,72,72,72,72,72,72,72,72,72],"card_choices":[{"not_picked":["Dagger Throw","Quick Slash"],"picked":"Poisoned Stab","floor":1},{"not_picked":["Sucker Punch","Dodge and Roll"],"picked":"Poisoned Stab","floor":2},{"not_picked":["Dodge and Roll","Dagger Spray"],"picked":"Backflip","floor":4},{"not_picked":["Backflip","Cloak And Dagger"],"picked":"Distraction","floor":6},{"not_picked":["Choke","Prepared"],"picked":"Skewer","floor":8},{"not_picked":["Quick Slash","Blade Dance"],"picked":"Malaise","floor":11},{"not_picked":["Bane","Prepared"],"picked":"Dagger Spray","floor":13}],"player_experience":1741408,"relics_obtained":[{"floor":6,"key":"Art of War"},{"floor":9,"key":"MawBank"}],"event_choices":[{"damage_healed":0,"gold_gain":275,"player_choice":"Desecrate","damage_taken":0,"max_hp_gain":0,"max_hp_loss":0,"event_name":"Golden Shrine","floor":3,"gold_loss":0,"cards_obtained":["Regret"]},{"damage_healed":0,"gold_gain":62,"player_choice":"Gained Gold","damage_taken":0,"max_hp_gain":0,"max_hp_loss":0,"event_name":"Golden Wing","floor":14,"gold_loss":0}],"is_beta":false,"boss_relics":[],"items_purged_floors":[5,12],"is_endless":false,"potions_floor_spawned":[6,8,13],"killed_by":"Slime Boss","ascension_level":18}