{"gold_per_floor":[117,179,33,47,60,60,78,109,165,190,200,200,126,126,126,224,224,234,244,259,259,233,233,263,101,124,124,143,143,143,168,168,264,264,279,299,252,267,322,341,373,385,385,385,385,420,420,17,17,17],"floor_reached":51,"playtime":3054,"items_purged":[],"score":803,"play_id":"f7f9fb3b-a73c-4110-a490-f6e494f6f4cf","local_time":"20181020030040","is_ascension_mode":false,"campfire_choices":[{"data":"Heavy Blade","floor":6.0,"key":"SMITH"},{"data":"Inflame","floor":15.0,"key":"SMITH"},{"data":"Inflame","floor":23.0,"key":"SMITH"},{"floor":27.0,"key":"REST"},{"data":"Flex","floor":29.0,"key":"SMITH"},{"data":"Shrug It Off","floor":32.0,"key":"SMITH"},{"floor":44.0,"key":"REST"},{"data":"Flame Barrier","floor":49,"key":"SMITH"}],"neow_cost":"NONE","seed_source_timestamp":0,"circlet_count":0,"master_deck":["Strike_R","Strike_R","Strike_R","Defend_R","Defend_R","Defend_R","Defend_R+1","Bash","Heavy Blade+1","Inflame+1","Flex","Inflame+1","Twin Strike","Sword Boomerang","Cleave","Shrug It Off+1","Twin Strike","Flex+1","Iron Wave","Double Tap","Cleave+1","Dropkick","Anger","Headbutt","Offering","Shrug It Off+1","Rage","Flex","Demon Form","Flex+1","Flame Barrier+1","Infernal Blade+1","Pommel Strike","Heavy Blade+1","Twin Strike","Thunderclap+1","Rage+1","Offering","Sentinel+1","Whirlwind","Pommel Strike","Flame Barrier"],"special_seed":0,"relics":["Burning Blood","Orichalcum","Tiny Chest","Strawberry","Mango","Mark of Pain","Prayer Wheel","Nloth\u0027s Gift","Vajra","Runic Cube","War Paint","Nunchaku","Sundial","Paper Frog","Lantern"],"potions_floor_usage":[50,50,50],"damage_taken":[{"damage":6.0,"enemies":"Jaw Worm","floor":1.0,"turns":3.0},{"damage":1.0,"enemies":"Cultist","floor":4.0,"turns":3.0},{"damage":8.0,"enemies":"2 Louse","floor":5.0,"turns":2.0},{"damage":11.0,"enemies":"Exordium Wildlife","floor":7.0,"turns":3.0},{"damage":13.0,"enemies":"Lagavulin","floor":8.0,"turns":5.0},{"damage":15.0,"enemies":"3 Sentries","floor":10.0,"turns":4.0},{"damage":1.0,"enemies":"3 Louse","floor":11.0,"turns":2.0},{"damage":25.0,"enemies":"Slime Boss","floor":16.0,"turns":7.0},{"damage":0.0,"enemies":"Chosen","floor":18.0,"turns":3.0},{"damage":14.0,"enemies":"2 Thieves","floor":19.0,"turns":3.0},{"damage":0.0,"enemies":"Chosen and Byrds","floor":20.0,"turns":4.0},{"damage":36.0,"enemies":"Slavers","floor":24.0,"turns":4.0},{"damage":4.0,"enemies":"Sentry and Sphere","floor":28.0,"turns":3.0},{"damage":28.0,"enemies":"Book of Stabbing","floor":31.0,"turns":4.0},{"damage":76.0,"enemies":"Automaton","floor":33.0,"turns":8.0},{"damage":20.0,"enemies":"3 Darklings","floor":35.0,"turns":3.0},{"damage":0.0,"enemies":"Orb Walker","floor":36.0,"turns":3.0},{"damage":12.0,"enemies":"Spire Growth","floor":38.0,"turns":4.0},{"damage":6.0,"enemies":"Jaw Worm Horde","floor":40.0,"turns":3.0},{"damage":27.0,"enemies":"Giant Head","floor":41.0,"turns":6.0},{"damage":14.0,"enemies":"Writhing Mass","floor":42.0,"turns":4.0},{"damage":50.0,"enemies":"Nemesis","floor":46.0,"turns":5.0},{"damage":61,"enemies":"Donu and Deca","floor":50,"turns":8}],"seed_played":"-7641796141057372455","potions_obtained":[{"floor":7.0,"key":"AttackPotion"},{"floor":8.0,"key":"PowerPotion"},{"floor":10.0,"key":"EssenceOfSteel"},{"floor":18.0,"key":"EssenceOfSteel"},{"floor":20.0,"key":"AttackPotion"},{"floor":28.0,"key":"Fire Potion"},{"floor":35.0,"key":"Dexterity Potion"},{"floor":40.0,"key":"EssenceOfSteel"},{"floor":42.0,"key":"AttackPotion"},{"floor":46.0,"key":"BloodPotion"}],"is_trial":false,"path_per_floor":["M","?","$","M","M","R","M","E","T","E","M","?","$","?","R","B",null,"M","M","M","?","$","R","E","$","T","R","M","R","?","E","R","B",null,"M","M","$","M","T","M","E","M","T","R","?","E","?","$","R","B"],"character_chosen":"IRONCLAD","items_purchased":["Flex","Inflame","Twin Strike","Flex","Iron Wave","Anger","Offering","Pommel Strike","EssenceOfSteel","FearPotion","AttackPotion","Flame Barrier","Lantern"],"campfire_rested":2,"item_purchase_floors":[3,3,3,13,13,22,25,37,48,48,48,48,48],"current_hp_per_floor":[80,80,80,80,78,78,73,66,66,64,69,74,74,76,76,57,106,106,98,104,104,104,104,74,74,74,105,106,106,106,84,84,14,106,92,98,98,92,92,92,71,63,63,94,94,50,93,93,93,38],"gold":17,"neow_bonus":"TRANSFORM_CARD","is_prod":false,"is_daily":false,"chose_seed":false,"campfire_upgraded":6,"win_rate":0,"timestamp":1539997240,"path_taken":["M","?","$","M","M","R","M","E","T","E","M","?","$","?","R","BOSS","M","M","M","?","$","R","E","$","T","R","M","R","?","E","R","BOSS","M","M","$","M","?","M","E","M","T","R","?","E","?","$","R","BOSS"],"build_version":"2018-10-18","purchased_purges":0,"victory":true,"max_hp_per_floor":[80,80,80,80,80,80,80,80,80,87,87,92,92,106,106,106,106,106,106,106,106,106,106,106,106,106,106,106,106,106,106,106,106,106,106,106,106,106,106,106,106,106,106,106,106,106,93,93,93,93],"card_choices":[{"not_picked":["Thunderclap","Armaments"],"picked":"Inflame","floor":1.0},{"not_picked":["Dual Wield","Metallicize"],"picked":"Sword Boomerang","floor":4.0},{"not_picked":["Sentinel","Armaments"],"picked":"Cleave","floor":5.0},{"not_picked":["Clash","Havoc"],"picked":"Shrug It Off","floor":7.0},{"not_picked":["Body Slam","Combust","Hemokinesis"],"picked":"SKIP","floor":8.0},{"not_picked":["Carnage","Anger"],"picked":"Twin Strike","floor":10.0},{"not_picked":["Havoc","Hemokinesis","Fire Breathing"],"picked":"SKIP","floor":11.0},{"not_picked":["Bludgeon","Exhume"],"picked":"Double Tap","floor":16.0},{"not_picked":["Reckless Charge","Clash"],"picked":"Cleave+1","floor":18.0},{"not_picked":["Clothesline+1","Entrench"],"picked":"Dropkick","floor":19.0},{"not_picked":["Clash","Clothesline","Disarm"],"picked":"SKIP","floor":20.0},{"not_picked":["Power Through+1","Thunderclap"],"picked":"Headbutt","floor":24.0},{"not_picked":["Infernal Blade","Body Slam"],"picked":"Shrug It Off","floor":28.0},{"not_picked":["Armaments","Hemokinesis"],"picked":"Rage","floor":28.0},{"not_picked":["Juggernaut","Metallicize+1"],"picked":"Flex","floor":31.0},{"not_picked":["Feed","Berserk"],"picked":"Demon Form","floor":33.0},{"not_picked":["Headbutt+1","Sword Boomerang"],"picked":"Flex+1","floor":35.0},{"not_picked":["Sword Boomerang+1","Havoc+1"],"picked":"Flame Barrier","floor":35.0},{"not_picked":["Clothesline+1","Searing Blow"],"picked":"Infernal Blade+1","floor":36.0},{"not_picked":["Clothesline+1","Power Through","Barricade"],"picked":"SKIP","floor":36.0},{"not_picked":["Warcry","Sentinel+1"],"picked":"Heavy Blade+1","floor":38.0},{"not_picked":["Infernal Blade","Warcry+1"],"picked":"Twin Strike","floor":38.0},{"not_picked":["Searing Blow+1","Pommel Strike+1"],"picked":"Thunderclap+1","floor":40.0},{"not_picked":["Headbutt+1","Clothesline+1"],"picked":"Rage+1","floor":40.0},{"not_picked":["Feel No Pain+1","Flex"],"picked":"Offering","floor":41.0},{"not_picked":["Flex","Clash"],"picked":"Sentinel+1","floor":42.0},{"not_picked":["Havoc","Uppercut+1","Sever Soul"],"picked":"SKIP","floor":42.0},{"not_picked":["Clash","Armaments"],"picked":"Pommel Strike","floor":46.0}],"player_experience":253705,"relics_obtained":[{"floor":8.0,"key":"Orichalcum"},{"floor":9.0,"key":"Tiny Chest"},{"floor":10.0,"key":"Strawberry"},{"floor":24.0,"key":"Prayer Wheel"},{"floor":26.0,"key":"Juzu Bracelet"},{"floor":31.0,"key":"Vajra"},{"floor":39.0,"key":"War Paint"},{"floor":41.0,"key":"Nunchaku"},{"floor":43.0,"key":"Sundial"},{"floor":46.0,"key":"Paper Frog"}],"event_choices":[{"damage_healed":0.0,"max_hp_gain":0.0,"max_hp_loss":0.0,"gold_gain":62.0,"event_name":"Golden Wing","player_choice":"Gained Gold","floor":2.0,"gold_loss":0.0,"damage_taken":0.0},{"damage_healed":0.0,"max_hp_gain":5.0,"max_hp_loss":0.0,"gold_gain":0.0,"event_name":"Big Fish","player_choice":"Donut","floor":12.0,"gold_loss":0.0,"damage_taken":0.0},{"damage_healed":0.0,"max_hp_gain":0.0,"max_hp_loss":0.0,"gold_gain":0.0,"event_name":"Scrap Ooze","player_choice":"Success","floor":14.0,"gold_loss":0.0,"damage_taken":12.0,"relics_obtained":["Mango"]},{"damage_healed":0.0,"max_hp_gain":0.0,"max_hp_loss":0.0,"gold_gain":0.0,"event_name":"Match and Keep!","player_choice":"0 cards matched","floor":21.0,"gold_loss":0.0,"damage_taken":0.0,"cards_obtained":[]},{"damage_healed":0.0,"max_hp_gain":0.0,"max_hp_loss":0.0,"gold_gain":0.0,"event_name":"N\u0027loth","player_choice":"Traded Relic","floor":30.0,"relics_lost":["Juzu Bracelet"],"gold_loss":0.0,"damage_taken":0.0,"relics_obtained":["Nloth\u0027s Gift"]},{"damage_healed":0.0,"max_hp_gain":0.0,"max_hp_loss":0.0,"gold_gain":0.0,"cards_transformed":["Strike_R"],"event_name":"Transmorgrifier","player_choice":"Transformed","floor":45.0,"gold_loss":0.0,"damage_taken":0.0,"cards_obtained":["Whirlwind"]},{"damage_healed":93.0,"max_hp_gain":0.0,"max_hp_loss":13.0,"gold_gain":0.0,"event_name":"The Moai Head","player_choice":"Heal","floor":47.0,"gold_loss":0.0,"damage_taken":0.0}],"is_beta":false,"boss_relics":[{"not_picked":["Fusion Hammer","Empty Cage"],"picked":"Mark of Pain"},{"not_picked":["Calling Bell","Velvet Choker"],"picked":"Runic Cube"}],"items_purged_floors":[],"is_endless":false,"potions_floor_spawned":[7,8,10,18,20,28,35,40,42,46],"ascension_level":0}