{"gold_per_floor":[115,115,65,65,65,65,80,80,128,128,142,63,63,79,79,180,180,195,212,231,231,157,157,169,88,88,106,106,126,126,126],"floor_reached":31,"playtime":1108,"items_purged":[],"score":275,"play_id":"1c71a838-b0d3-44c5-9221-e96dfe259e39","local_time":"20190325042246","is_ascension_mode":false,"campfire_choices":[{"data":"Dualcast","floor":6.0,"key":"SMITH"},{"data":"Doom and Gloom","floor":8.0,"key":"SMITH"},{"data":"Streamline","floor":10.0,"key":"SMITH"},{"data":"Lockon","floor":13,"key":"SMITH"},{"data":"Hello World","floor":15,"key":"SMITH"},{"floor":23,"key":"REST"},{"floor":28,"key":"REST"},{"floor":30,"key":"REST"}],"neow_cost":"NONE","seed_source_timestamp":0,"circlet_count":0,"master_deck":["Strike_B","Strike_B","Strike_B","Defend_B","Defend_B","Defend_B","Zap","Dualcast+1","Streamline+1","Doom and Gloom+1","Lockon+1","Lockon","Hello World+1","Rainbow","Lockon+1","Sunder+1","Static Discharge+1","Reboot","Compile Driver+1","Consume","Chaos+1","Coolheaded+1"],"special_seed":0,"relics":["Cracked Core","Orichalcum","Centennial Puzzle","Nuclear Battery","Calipers"],"potions_floor_usage":[24],"damage_taken":[{"damage":3.0,"enemies":"Jaw Worm","floor":1.0,"turns":4.0},{"damage":6.0,"enemies":"Small Slimes","floor":7.0,"turns":3.0},{"damage":0.0,"enemies":"2 Louse","floor":11.0,"turns":1.0},{"damage":0,"enemies":"Blue Slaver","floor":14,"turns":1},{"damage":0,"enemies":"Slime Boss","floor":16,"turns":8},{"damage":7,"enemies":"Shell Parasite","floor":18,"turns":5},{"damage":15,"enemies":"3 Byrds","floor":19,"turns":4},{"damage":10,"enemies":"Snecko","floor":20,"turns":3},{"damage":5,"enemies":"Cultist and Chosen","floor":24,"turns":2},{"damage":15,"enemies":"Snake Plant","floor":27,"turns":3},{"damage":20,"enemies":"3 Cultists","floor":29,"turns":5},{"damage":76,"enemies":"Shelled Parasite and Fungi","floor":31,"turns":14}],"seed_played":"738918949641646488","potions_obtained":[{"floor":11,"key":"SpeedPotion"},{"floor":14,"key":"FearPotion"},{"floor":16,"key":"Ancient Potion"},{"floor":18,"key":"AttackPotion"},{"floor":24,"key":"Energy Potion"}],"is_trial":false,"path_per_floor":["M","?","?","?","$","R","M","R","T","R","M","$","R","M","R","B",null,"M","M","M","?","$","R","M","$","T","M","R","M","R","M"],"character_chosen":"DEFECT","items_purchased":["Lockon","Reboot","Consume"],"campfire_rested":3,"item_purchase_floors":[12,22,25],"current_hp_per_floor":[72,77,77,77,77,77,71,71,71,71,71,71,71,71,71,71,80,73,58,48,48,48,72,67,67,67,52,76,56,80,4],"gold":126,"neow_bonus":"RANDOM_COMMON_RELIC","is_prod":false,"is_daily":false,"chose_seed":false,"campfire_upgraded":5,"win_rate":0,"timestamp":1553484166,"path_taken":["M","?","?","?","$","R","M","R","T","R","M","?","R","?","R","BOSS","M","?","M","?","?","R","M","$","T","M","R","M","R","M"],"build_version":"2019-01-23","purchased_purges":0,"victory":false,"max_hp_per_floor":[75,80,80,80,80,80,80,80,80,80,80,80,80,80,80,80,80,80,80,80,80,80,80,80,80,80,80,80,80,80,80],"card_choices":[{"not_picked":["Stack","Beam Cell"],"picked":"Streamline","floor":1.0},{"not_picked":["Beam Cell","Coolheaded"],"picked":"Doom and Gloom","floor":7.0},{"not_picked":["FTL","Hello World"],"picked":"Lockon","floor":11},{"not_picked":["White Noise","Storm"],"picked":"Hello World","floor":14},{"not_picked":["Multi-Cast","Creative AI"],"picked":"Rainbow","floor":16},{"not_picked":["Leap","Redo"],"picked":"Lockon+1","floor":18},{"not_picked":["Static Discharge","Steam"],"picked":"Sunder+1","floor":19},{"not_picked":["Blizzard+1","Force Field"],"picked":"Static Discharge+1","floor":20},{"not_picked":["Force Field","Gash"],"picked":"Compile Driver+1","floor":24},{"not_picked":["Streamline+1","Loop"],"picked":"Chaos+1","floor":27},{"not_picked":["Stack","Tempest"],"picked":"Coolheaded+1","floor":29}],"player_experience":414362,"relics_obtained":[{"floor":9.0,"key":"Centennial Puzzle"},{"floor":26,"key":"Calipers"}],"event_choices":[{"damage_healed":0.0,"max_hp_gain":5.0,"max_hp_loss":0.0,"gold_gain":0.0,"event_name":"Big Fish","player_choice":"Donut","floor":2.0,"gold_loss":0.0,"damage_taken":0.0},{"cards_removed":["Strike_B"],"damage_healed":0.0,"max_hp_gain":0.0,"max_hp_loss":0.0,"gold_gain":0.0,"event_name":"The Cleric","player_choice":"Card Removal","floor":3.0,"gold_loss":50.0,"damage_taken":0.0},{"damage_healed":0.0,"max_hp_gain":0.0,"max_hp_loss":0.0,"gold_gain":0.0,"event_name":"Liars Game","player_choice":"Ignored","floor":4.0,"gold_loss":0.0,"damage_taken":0.0},{"cards_removed":["Defend_B"],"damage_healed":0,"gold_gain":0,"player_choice":"Elegance","damage_taken":0,"max_hp_gain":0,"max_hp_loss":0,"event_name":"Back to Basics","floor":21,"gold_loss":0}],"is_beta":false,"boss_relics":[{"not_picked":["Lizard Tail","Velvet Choker"],"picked":"Nuclear Battery"}],"items_purged_floors":[],"is_endless":false,"potions_floor_spawned":[11,14,16,18,19,24],"killed_by":"Shelled Parasite and Fungi","ascension_level":0}