{"gold_per_floor":[113,123,139,11,23,54,54,86,86,86,100,110,130,130,130,225,275,285,285,285,305,25,124,124,124],"floor_reached":25,"playtime":1533,"items_purged":[],"score":298,"play_id":"e7045916-0eb7-43a3-98f5-b4cd69d68148","local_time":"20190315205436","is_ascension_mode":true,"campfire_choices":[{"floor":7.0,"key":"REST"},{"data":"Forethought","floor":10.0,"key":"SMITH"},{"floor":15.0,"key":"REST"},{"floor":24,"key":"REST"}],"neow_cost":"NONE","seed_source_timestamp":22212613506197,"circlet_count":0,"master_deck":["Defend_G","Defend_G","Defend_G","Defend_G","Defend_G","Strike_G","Strike_G","Strike_G","Strike_G","Strike_G+1","Survivor+1","Neutralize","Forethought+1","Cloak And Dagger","Terror","Infinite Blades","Choke","Finesse","Venomology+1","Quick Slash","Envenom","PiercingWail","Envenom","Accuracy","Dagger Spray"],"special_seed":0,"relics":["Ring of the Snake","Paper Crane","Centennial Puzzle","The Courier","Tiny House","Pantograph","War Paint","Vajra"],"potions_floor_usage":[16,16,16,18,18,18,19,21,25],"damage_taken":[{"damage":0.0,"enemies":"Small Slimes","floor":1.0,"turns":4.0},{"damage":1.0,"enemies":"Jaw Worm","floor":2.0,"turns":6.0},{"damage":1.0,"enemies":"Cultist","floor":3.0,"turns":4.0},{"damage":9.0,"enemies":"3 Louse","floor":5.0,"turns":5.0},{"damage":28.0,"enemies":"Gremlin Nob","floor":6.0,"turns":4.0},{"damage":11.0,"enemies":"Lagavulin","floor":8.0,"turns":6.0},{"damage":7.0,"enemies":"Large Slime","floor":11.0,"turns":5.0},{"damage":0.0,"enemies":"Red Slaver","floor":12.0,"turns":4.0},{"damage":0.0,"enemies":"Looter","floor":13.0,"turns":5.0},{"damage":35,"enemies":"Slime Boss","floor":16,"turns":11},{"damage":23,"enemies":"Shell Parasite","floor":18,"turns":6},{"damage":14,"enemies":"Colosseum Slavers","floor":19,"turns":3},{"damage":6,"enemies":"3 Byrds","floor":21,"turns":7},{"damage":48,"enemies":"Gremlin Leader","floor":25,"turns":6}],"seed_played":"6875676366663075823","potions_obtained":[{"floor":1.0,"key":"AttackPotion"},{"floor":3.0,"key":"GamblersBrew"},{"floor":8.0,"key":"Poison Potion"},{"floor":16,"key":"SkillPotion"},{"floor":17,"key":"PowerPotion"},{"floor":18,"key":"SkillPotion"}],"is_trial":false,"path_per_floor":["M","M","M","$","M","E","R","E","T","R","M","M","M","?","R","B",null,"M","?","T","M","$","?","R","E"],"character_chosen":"THE_SILENT","items_purchased":["Choke","Finesse","War Paint","Vajra","Dexterity Potion"],"campfire_rested":3,"item_purchase_floors":[4,4,22,22,22],"current_hp_per_floor":[63,62,61,61,52,24,45,34,34,34,27,27,27,27,48,13,61,38,24,24,18,18,18,40,0],"gold":124,"neow_bonus":"RANDOM_COLORLESS","is_prod":false,"is_daily":false,"chose_seed":false,"campfire_upgraded":1,"win_rate":0,"timestamp":1552654476,"path_taken":["M","M","M","$","M","E","R","E","T","R","M","M","M","?","R","BOSS","M","?","?","?","$","?","R","E"],"build_version":"2019-01-23","purchased_purges":0,"victory":false,"max_hp_per_floor":[70,70,70,70,70,70,70,70,70,70,70,70,70,70,70,70,75,75,75,75,75,75,75,75,75],"card_choices":[{"not_picked":["Heel Hook","Acrobatics"],"picked":"Cloak And Dagger","floor":1.0},{"not_picked":["Crippling Poison","Infinite Blades"],"picked":"Terror","floor":2.0},{"not_picked":["Tactician","Prepared"],"picked":"Infinite Blades","floor":3.0},{"not_picked":["Outmaneuver","Heel Hook","Acrobatics"],"picked":"SKIP","floor":5.0},{"not_picked":["Quick Slash","Dodge and Roll"],"picked":"Venomology","floor":6.0},{"not_picked":["Blade Dance","Finisher","Reflex"],"picked":"SKIP","floor":8.0},{"not_picked":["Outmaneuver","Flechettes"],"picked":"Quick Slash","floor":11.0},{"not_picked":["Bane","Poisoned Stab"],"picked":"Envenom","floor":12.0},{"not_picked":["Outmaneuver","Cloak And Dagger"],"picked":"PiercingWail","floor":13.0},{"not_picked":["Doppelganger","A Thousand Cuts"],"picked":"Envenom","floor":16},{"not_picked":["Dagger Spray","Underhanded Strike"],"picked":"Accuracy","floor":17},{"not_picked":["Underhanded Strike","Slice"],"picked":"Dagger Spray","floor":18},{"not_picked":["Underhanded Strike","Skewer","Endless Agony"],"picked":"SKIP","floor":21}],"player_experience":310088,"relics_obtained":[{"floor":6.0,"key":"Paper Crane"},{"floor":8.0,"key":"Centennial Puzzle"},{"floor":9.0,"key":"The Courier"},{"floor":20,"key":"Pantograph"}],"event_choices":[{"damage_healed":0.0,"max_hp_gain":0.0,"max_hp_loss":0.0,"gold_gain":0.0,"event_name":"Liars Game","player_choice":"Ignored","floor":14.0,"gold_loss":0.0,"damage_taken":0.0},{"damage_healed":0,"gold_gain":0,"player_choice":"Fight","damage_taken":0,"max_hp_gain":0,"max_hp_loss":0,"event_name":"Colosseum","floor":19,"gold_loss":0},{"damage_healed":0,"gold_gain":0,"player_choice":"Fled From Nobs","damage_taken":0,"max_hp_gain":0,"max_hp_loss":0,"event_name":"Colosseum","floor":19,"gold_loss":0},{"damage_healed":0,"gold_gain":99,"player_choice":"Stole From Cult","damage_taken":0,"max_hp_gain":0,"max_hp_loss":0,"event_name":"Nest","floor":23,"gold_loss":0}],"is_beta":false,"boss_relics":[{"not_picked":["Pandora\u0027s Box","Runic Pyramid"],"picked":"Tiny House"}],"items_purged_floors":[],"is_endless":false,"potions_floor_spawned":[1,3,8,16,18],"killed_by":"Gremlin Leader","ascension_level":8}