{"gold_per_floor":[116,133,55,65,77,111,122,157,183,183,195,195,195,95,95,195,195,162,162,180,200,219,219,254,254,254,311,311,41,55,55,55,55],"floor_reached":33,"playtime":2924,"items_purged":["Strike_R","Bludgeon"],"score":371,"play_id":"8f516846-27ff-4e8f-bd1f-c9dfb353d75c","local_time":"20180929152739","is_ascension_mode":true,"campfire_choices":[{"data":"Body Slam","floor":10.0,"key":"SMITH"},{"data":"Body Slam","floor":13.0,"key":"SMITH"},{"data":"Flame Barrier","floor":15.0,"key":"SMITH"},{"data":"Barricade","floor":23.0,"key":"SMITH"},{"floor":25,"key":"REST"},{"floor":32,"key":"REST"}],"neow_cost":"NONE","seed_source_timestamp":0,"circlet_count":0,"master_deck":["Strike_R","Strike_R","Strike_R","Strike_R","Defend_R","Defend_R","Defend_R","Bash","Shrug It Off","Body Slam+1","Shrug It Off","Flame Barrier+1","Dual Wield","Body Slam+1","Shockwave","Twin Strike","Barricade+1","Entrench","Armaments","Headbutt","Body Slam","Shrug It Off","Ghostly Armor","Blood for Blood","Headbutt","Metallicize"],"special_seed":0,"relics":["Burning Blood","Bronze Scales","Blue Candle","Smiling Mask","Eternal Feather","Enchiridion","Strawberry","StoneCalendar","Tiny Chest","Anchor"],"potions_floor_usage":[24,24,30,33],"damage_taken":[{"damage":2.0,"enemies":"2 Louse","floor":1.0,"turns":3.0},{"damage":11.0,"enemies":"Small Slimes","floor":2.0,"turns":4.0},{"damage":0.0,"enemies":"Jaw Worm","floor":4.0,"turns":4.0},{"damage":6.0,"enemies":"Blue Slaver","floor":5.0,"turns":5.0},{"damage":10.0,"enemies":"3 Sentries","floor":6.0,"turns":14.0},{"damage":1.0,"enemies":"Large Slime","floor":7.0,"turns":6.0},{"damage":16.0,"enemies":"Gremlin Nob","floor":8.0,"turns":6.0},{"damage":7.0,"enemies":"Lots of Slimes","floor":11.0,"turns":1.0},{"damage":36.0,"enemies":"Slime Boss","floor":16.0,"turns":12.0},{"damage":16.0,"enemies":"2 Thieves","floor":18.0,"turns":5.0},{"damage":0.0,"enemies":"Chosen","floor":20.0,"turns":6.0},{"damage":0.0,"enemies":"3 Cultists","floor":21.0,"turns":4.0},{"damage":11.0,"enemies":"Centurion and Healer","floor":22.0,"turns":5.0},{"damage":49,"enemies":"Gremlin Leader","floor":24,"turns":8},{"damage":56,"enemies":"Book of Stabbing","floor":27,"turns":5},{"damage":0,"enemies":"Shelled Parasite and Fungi","floor":30,"turns":1},{"damage":112,"enemies":"Champ","floor":33,"turns":12}],"seed_played":"-3650795367195077949","potions_obtained":[{"floor":1.0,"key":"Swift Potion"},{"floor":5.0,"key":"Explosive Potion"},{"floor":7.0,"key":"FearPotion"},{"floor":8.0,"key":"SteroidPotion"},{"floor":16.0,"key":"Dexterity Potion"},{"floor":20.0,"key":"PowerPotion"},{"floor":21.0,"key":"SteroidPotion"},{"floor":22.0,"key":"SteroidPotion"},{"floor":27,"key":"Swift Potion"}],"is_trial":false,"path_per_floor":["M","M","$","M","M","E","M","E","T","R","M","?","R","$","R","B",null,"M","?","M","M","M","R","E","R","T","E","?","$","M","?","R"],"character_chosen":"IRONCLAD","items_purchased":["Impervious","Explosive Potion","Anchor","Strength Potion","Headbutt"],"campfire_rested":2,"item_purchase_floors":[3,14,29,29,29],"current_hp_per_floor":[80,75,75,80,80,76,80,70,70,70,69,74,74,74,74,44,75,65,49,55,61,56,68,32,71,71,21,21,21,27,57,92,0],"gold":55,"neow_bonus":"THREE_CARDS","is_prod":false,"is_daily":false,"chose_seed":false,"campfire_upgraded":4,"win_rate":0,"timestamp":1538227659,"path_taken":["M","M","$","M","M","E","M","E","T","R","M","?","R","$","R","BOSS","M","?","M","M","?","R","E","R","T","E","?","$","M","?","R","BOSS"],"build_version":"2018-09-27","purchased_purges":2,"victory":false,"max_hp_per_floor":[80,80,80,80,80,80,80,80,80,80,80,85,85,85,85,85,85,85,85,85,85,85,85,92,92,92,92,92,92,92,92,92,92],"card_choices":[{"not_picked":["Pommel Strike","Body Slam"],"picked":"Shrug It Off","floor":0.0},{"not_picked":["Dual Wield","Cleave"],"picked":"Body Slam","floor":1.0},{"not_picked":["Intimidate","Cleave"],"picked":"Shrug It Off","floor":2.0},{"not_picked":["Sword Boomerang","Uppercut"],"picked":"Flame Barrier","floor":4.0},{"not_picked":["Cleave","Evolve"],"picked":"Dual Wield","floor":5.0},{"not_picked":["Spot Weakness","Anger"],"picked":"Body Slam","floor":6.0},{"not_picked":["Perfected Strike","Pummel"],"picked":"Shockwave","floor":7.0},{"not_picked":["Spot Weakness","Havoc"],"picked":"Twin Strike","floor":8.0},{"not_picked":["Fire Breathing","Clothesline","Bludgeon"],"picked":"SKIP","floor":11.0},{"not_picked":["Reaper","Brutality"],"picked":"Barricade","floor":16.0},{"not_picked":["Sword Boomerang+1","Hemokinesis"],"picked":"Entrench","floor":18.0},{"not_picked":["Rupture","Body Slam"],"picked":"Armaments","floor":20.0},{"not_picked":["Anger","Thunderclap"],"picked":"Headbutt","floor":21.0},{"not_picked":["Armaments","Twin Strike+1"],"picked":"Body Slam","floor":22.0},{"not_picked":["Havoc","Rage"],"picked":"Armaments","floor":24},{"not_picked":["Shockwave","Fire Breathing"],"picked":"Shrug It Off","floor":27},{"not_picked":["Flex","True Grit"],"picked":"Metallicize","floor":30}],"player_experience":175044,"relics_obtained":[{"floor":6.0,"key":"Bronze Scales"},{"floor":8.0,"key":"Blue Candle"},{"floor":9.0,"key":"Smiling Mask"},{"floor":19.0,"key":"Enchiridion"},{"floor":24,"key":"Strawberry"},{"floor":26,"key":"StoneCalendar"},{"floor":27,"key":"Tiny Chest"}],"event_choices":[{"event_name":"Big Fish","player_choice":"Donut","floor":12.0,"damage_taken":0.0},{"event_name":"Cursed Tome","player_choice":"Obtained Book","floor":19.0,"damage_taken":0.0},{"event_name":"Drug Dealer","player_choice":"Became Test Subject","floor":28,"damage_taken":0},{"event_name":"The Library","player_choice":"Heal","floor":31,"damage_taken":0}],"is_beta":false,"boss_relics":[{"not_picked":["Calling Bell","Runic Pyramid"],"picked":"Eternal Feather"}],"items_purged_floors":[14,29],"is_endless":false,"potions_floor_spawned":[1,5,7,8,16,20,21,22,27],"killed_by":"Champ","ascension_level":5}