{"gold_per_floor":[416,29,45,45,68,68,82,96,96,107,107,122,122,152,152,253,253,264,281,295,295,308,308,372,399,399,82,132,132,182,157,157,157],"floor_reached":33,"playtime":1095,"items_purged":["Writhe","Strike_R"],"score":501,"play_id":"5fcc2b7f-de6d-4a65-a920-eb830b42828f","local_time":"20190320173713","is_ascension_mode":true,"campfire_choices":[{"data":"Bash","floor":6.0,"key":"SMITH"},{"data":"Searing Blow+1","floor":11.0,"key":"SMITH"},{"data":"Searing Blow+2","floor":13.0,"key":"SMITH"},{"data":"1","floor":15.0,"key":"LIFT"},{"data":"2","floor":23.0,"key":"LIFT"},{"data":"3","floor":29,"key":"LIFT"},{"floor":32,"key":"REST"}],"neow_cost":"CURSE","seed_source_timestamp":9274100770082,"circlet_count":0,"master_deck":["AscendersBane","Strike_R","Strike_R","Defend_R","Defend_R","Defend_R","Defend_R","Bash+1","Sword Boomerang","Offering","Pommel Strike","Searing Blow+3","Reaper","Battle Trance","Reaper","Feed","Sword Boomerang+1","Inflame+1","Whirlwind","Inflame"],"special_seed":0,"relics":["Black Blood","Old Coin","Pen Nib","Happy Flower","Question Card","Girya","SsserpentHead","Blue Candle","Matryoshka","Strawberry"],"potions_floor_usage":[],"damage_taken":[{"damage":10.0,"enemies":"Small Slimes","floor":1.0,"turns":4.0},{"damage":7.0,"enemies":"Jaw Worm","floor":3.0,"turns":3.0},{"damage":0.0,"enemies":"Cultist","floor":7.0,"turns":2.0},{"damage":6.0,"enemies":"2 Fungi Beasts","floor":8.0,"turns":3.0},{"damage":23.0,"enemies":"Gremlin Gang","floor":10.0,"turns":4.0},{"damage":6.0,"enemies":"Blue Slaver","floor":12.0,"turns":2.0},{"damage":31.0,"enemies":"3 Sentries","floor":14.0,"turns":6.0},{"damage":6.0,"enemies":"Slime Boss","floor":16.0,"turns":5.0},{"damage":6.0,"enemies":"Spheric Guardian","floor":18.0,"turns":2.0},{"damage":20.0,"enemies":"Shell Parasite","floor":19.0,"turns":3.0},{"damage":41.0,"enemies":"Centurion and Healer","floor":20.0,"turns":8.0},{"damage":26.0,"enemies":"Chosen and Byrds","floor":22.0,"turns":6.0},{"damage":25.0,"enemies":"Cultist and Chosen","floor":24.0,"turns":4.0},{"damage":47,"enemies":"Slavers","floor":25,"turns":7},{"damage":94,"enemies":"Automaton","floor":33,"turns":6}],"seed_played":"2840854671469029831","potions_obtained":[{"floor":1.0,"key":"FearPotion"},{"floor":10.0,"key":"Dexterity Potion"},{"floor":14.0,"key":"Weak Potion"},{"floor":16.0,"key":"SkillPotion"},{"floor":19.0,"key":"Ancient Potion"}],"is_trial":false,"path_per_floor":["M","$","M","?","T","R","M","M","T","M","R","M","R","E","R","B",null,"M","M","M","?","M","R","M","E","T","$","?","R","?","?","R","B"],"character_chosen":"IRONCLAD","items_purchased":["Offering","Pen Nib","Pommel Strike","Strawberry","Inflame"],"campfire_rested":1,"item_purchase_floors":[2,2,2,27,27],"current_hp_per_floor":[68,68,67,67,67,67,73,73,73,60,60,60,60,59,59,66,77,80,70,54,54,58,58,46,27,27,34,34,34,15,15,45,0],"gold":157,"neow_bonus":"ONE_RARE_RELIC","is_prod":false,"is_daily":false,"chose_seed":false,"campfire_upgraded":3,"win_rate":0,"timestamp":1553071033,"path_taken":["M","$","M","?","?","R","M","M","T","?","R","M","R","E","R","BOSS","M","M","M","?","M","R","?","E","T","$","?","R","?","?","R","BOSS"],"build_version":"2019-01-23","purchased_purges":2,"victory":false,"max_hp_per_floor":[80,80,80,80,80,80,80,80,80,80,80,80,80,80,80,80,80,80,80,83,83,83,83,86,89,89,96,96,96,101,101,101,101],"card_choices":[{"not_picked":["Warcry","Corruption"],"picked":"Sword Boomerang","floor":1.0},{"not_picked":["Warcry","True Grit"],"picked":"Searing Blow","floor":3.0},{"not_picked":["Heavy Blade","Flex","Fire Breathing"],"picked":"SKIP","floor":7.0},{"not_picked":["Heavy Blade","Anger"],"picked":"Reaper","floor":8.0},{"not_picked":["Clothesline","Iron Wave","Sentinel","Warcry"],"picked":"SKIP","floor":10.0},{"not_picked":["Armaments","Intimidate","Perfected Strike"],"picked":"Battle Trance","floor":12.0},{"not_picked":["Reckless Charge","Heavy Blade","Iron Wave"],"picked":"Reaper","floor":14.0},{"not_picked":["Brutality","Reaper","Limit Break"],"picked":"Feed","floor":16.0},{"not_picked":["Armaments","Headbutt","Infernal Blade","Fire Breathing"],"picked":"SKIP","floor":18.0},{"not_picked":["Perfected Strike","Armaments","Heavy Blade","Wild Strike"],"picked":"SKIP","floor":19.0},{"not_picked":["Carnage+1","Rage","Flex","Reckless Charge"],"picked":"SKIP","floor":20.0},{"not_picked":["Twin Strike","Headbutt","Infernal Blade"],"picked":"Sword Boomerang+1","floor":22.0},{"not_picked":["Sword Boomerang","Warcry","Shrug It Off+1"],"picked":"Inflame+1","floor":24.0},{"not_picked":["Sentinel","Anger+1","Sword Boomerang"],"picked":"Whirlwind","floor":25}],"player_experience":358781,"relics_obtained":[{"floor":5.0,"key":"Happy Flower"},{"floor":9.0,"key":"Question Card"},{"floor":14.0,"key":"Girya"},{"floor":25,"key":"Blue Candle"},{"floor":26,"key":"Matryoshka"}],"event_choices":[{"damage_healed":0.0,"max_hp_gain":0.0,"max_hp_loss":0.0,"gold_gain":0.0,"event_name":"Living Wall","player_choice":"Grow","floor":4.0,"gold_loss":0.0,"damage_taken":0.0,"cards_upgraded":["Searing Blow"]},{"damage_healed":0.0,"max_hp_gain":0.0,"max_hp_loss":0.0,"gold_gain":0.0,"event_name":"FaceTrader","player_choice":"Trade","floor":21.0,"gold_loss":0.0,"damage_taken":0.0,"relics_obtained":["SsserpentHead"]},{"cards_removed":["Strike_R"],"damage_healed":0,"gold_gain":0,"player_choice":"Elegance","damage_taken":0,"max_hp_gain":0,"max_hp_loss":0,"event_name":"Back to Basics","floor":28,"gold_loss":0},{"damage_healed":0,"gold_gain":0,"player_choice":"Shed Blood","damage_taken":24,"max_hp_gain":5,"max_hp_loss":0,"event_name":"Forgotten Altar","floor":30,"gold_loss":0},{"cards_removed":["Strike_R"],"damage_healed":0,"gold_gain":0,"player_choice":"Gave Gold","damage_taken":0,"max_hp_gain":0,"max_hp_loss":0,"event_name":"Beggar","floor":31,"gold_loss":75}],"is_beta":false,"boss_relics":[{"not_picked":["Busted Crown","Velvet Choker"],"picked":"Black Blood"}],"items_purged_floors":[2,27],"is_endless":false,"potions_floor_spawned":[1,10,14,16,19],"killed_by":"Automaton","ascension_level":10}