{"gold_per_floor":[113,131,131,131,147,147,22,22,22,42,57,67,84,102,102,207,207,219,230,182,182,182,182,182,202,202,214,227,227,227,239,239,239],"floor_reached":33,"playtime":1650,"items_purged":[],"score":243,"play_id":"53b8778b-f3c6-4fbe-b495-885d1487b6bf","local_time":"20181010005902","is_ascension_mode":false,"campfire_choices":[{"data":"Heavy Blade","floor":6,"key":"SMITH"},{"data":"Flex","floor":8,"key":"SMITH"},{"floor":15,"key":"REST"},{"floor":23,"key":"REST"},{"floor":30,"key":"REST"},{"floor":32,"key":"REST"}],"neow_cost":"NONE","seed_source_timestamp":632928617648917,"circlet_count":0,"master_deck":["Strike_R","Strike_R","Strike_R","Defend_R","Defend_R","Defend_R","Defend_R","Bash","Sword Boomerang","Cleave","Heavy Blade+1","Flex+1","Double Tap","Offering","Pommel Strike","Shrug It Off","Uppercut","Pummel","Reaper","Twin Strike","Flex","Dropkick","Reaper","Pommel Strike+1","Thunderclap","Inflame"],"relics":["White Beast Statue"],"potions_floor_usage":[2,5,10,11,14,16,16,19,19,25,25,27,28,33,33],"damage_taken":[{"damage":5,"enemies":"Cultist","floor":1,"turns":4},{"damage":0,"enemies":"Small Slimes","floor":2,"turns":3},{"damage":1,"enemies":"Jaw Worm","floor":5,"turns":3},{"damage":0,"enemies":"Red Slaver","floor":10,"turns":1},{"damage":7,"enemies":"3 Louse","floor":11,"turns":5},{"damage":0,"enemies":"Exordium Wildlife","floor":12,"turns":1},{"damage":9,"enemies":"Looter","floor":13,"turns":4},{"damage":1,"enemies":"Red Slaver","floor":14,"turns":2},{"damage":48,"enemies":"The Guardian","floor":16,"turns":7},{"damage":10,"enemies":"3 Byrds","floor":18,"turns":4},{"damage":36,"enemies":"2 Thieves","floor":19,"turns":4},{"damage":18,"enemies":"Centurion and Healer","floor":25,"turns":3},{"damage":39,"enemies":"3 Cultists","floor":27,"turns":5},{"damage":38,"enemies":"Shelled Parasite and Fungi","floor":28,"turns":4},{"damage":27,"enemies":"Snake Plant","floor":31,"turns":4},{"damage":105,"enemies":"Collector","floor":33,"turns":6}],"seed_played":"-6829472242195668535","potions_obtained":[{"floor":1,"key":"GamblersBrew"},{"floor":2,"key":"Energy Potion"},{"floor":4,"key":"SmokeBomb"},{"floor":4,"key":"SpeedPotion"},{"floor":5,"key":"Strength Potion"},{"floor":10,"key":"Regen Potion"},{"floor":11,"key":"Ancient Potion"},{"floor":12,"key":"Strength Potion"},{"floor":13,"key":"AttackPotion"},{"floor":14,"key":"EssenceOfSteel"},{"floor":16,"key":"FearPotion"},{"floor":18,"key":"Ancient Potion"},{"floor":19,"key":"Poison Potion"},{"floor":25,"key":"Energy Potion"},{"floor":27,"key":"Dexterity Potion"},{"floor":28,"key":"Dexterity Potion"},{"floor":31,"key":"EssenceOfSteel"}],"is_trial":false,"path_per_floor":["M","M","?","?","M","R","$","R","T","M","M","M","M","M","R","B",null,"M","M","$","?","?","R","?","M","T","M","M","?","R","M","R"],"character_chosen":"IRONCLAD","items_purchased":["Flex","Double Tap","Flex"],"campfire_rested":4,"item_purchase_floors":[7,7,20],"current_hp_per_floor":[75,75,75,75,74,74,74,74,74,74,79,79,70,69,80,32,80,76,40,40,40,40,64,80,80,80,51,21,21,45,21,45,0],"gold":239,"neow_bonus":"BOSS_RELIC","is_prod":false,"is_daily":false,"chose_seed":false,"campfire_upgraded":2,"win_rate":0,"timestamp":1539125942,"path_taken":["M","M","?","?","M","R","?","R","T","?","M","?","M","M","R","BOSS","M","?","$","?","?","R","?","?","T","M","M","?","R","?","R","BOSS"],"build_version":"2018-10-04v2","purchased_purges":0,"victory":false,"max_hp_per_floor":[80,80,80,80,80,80,80,80,80,80,80,80,80,80,80,80,80,80,80,80,80,80,80,80,80,80,80,80,80,80,80,80,80],"card_choices":[{"not_picked":["Whirlwind","Armaments"],"picked":"Sword Boomerang","floor":1},{"not_picked":["True Grit","Headbutt"],"picked":"Cleave","floor":2},{"not_picked":["Anger","Pommel Strike"],"picked":"Heavy Blade","floor":5},{"not_picked":["Body Slam","Dual Wield"],"picked":"Offering","floor":10},{"not_picked":["Twin Strike","Uppercut"],"picked":"Pommel Strike","floor":11},{"not_picked":["Warcry","Thunderclap"],"picked":"Shrug It Off","floor":12},{"not_picked":["Battle Trance","Warcry"],"picked":"Uppercut","floor":13},{"not_picked":["Feel No Pain","True Grit"],"picked":"Pummel","floor":14},{"not_picked":["Juggernaut","Bludgeon"],"picked":"Reaper","floor":16},{"not_picked":["Searing Blow+1","Intimidate"],"picked":"Twin Strike","floor":18},{"not_picked":["Clash","Warcry","Havoc"],"picked":"SKIP","floor":19},{"not_picked":["Disarm","Thunderclap"],"picked":"Pommel Strike+1","floor":25},{"not_picked":["Perfected Strike","Seeing Red"],"picked":"Thunderclap","floor":27},{"not_picked":["Clothesline","Evolve","True Grit"],"picked":"SKIP","floor":28},{"not_picked":["Corruption","Entrench"],"picked":"Inflame","floor":31}],"player_experience":229833,"relics_obtained":[],"event_choices":[{"event_name":"The Cleric","player_choice":"Leave","floor":3,"damage_taken":0},{"event_name":"The Lab","player_choice":"Got Potions","floor":4,"damage_taken":0},{"event_name":"Beggar","player_choice":"Ignored","floor":21,"damage_taken":0},{"event_name":"Drug Dealer","player_choice":"Became Test Subject","floor":22,"damage_taken":0},{"event_name":"The Library","player_choice":"Heal","floor":24,"damage_taken":0}],"is_beta":false,"boss_relics":[{"not_picked":["Runic Pyramid","Black Star","Busted Crown"]}],"items_purged_floors":[],"is_endless":false,"potions_floor_spawned":[1,2,5,10,11,12,13,14,16,18,19,25,27,28,31],"killed_by":"Collector","ascension_level":0}