{"gold_per_floor":[115,67,67,67,84,84,110,110,110,110,110,127,127,157,157,261,261,278,268,318,337,30,30,30,30,30,46,56,56,56],"floor_reached":30,"playtime":1075,"items_purged":[],"score":261,"play_id":"229f48c5-352b-47df-830a-d540ccc9b2a9","local_time":"20190324160513","is_ascension_mode":false,"campfire_choices":[{"data":"Bash","floor":6.0,"key":"SMITH"},{"data":"Infernal Blade","floor":8.0,"key":"SMITH"},{"data":"Sentinel","floor":11.0,"key":"SMITH"},{"data":"True Grit","floor":15.0,"key":"SMITH"},{"floor":23.0,"key":"REST"}],"neow_cost":"NONE","seed_source_timestamp":400756499430008,"circlet_count":0,"master_deck":["Strike_R","Strike_R","Strike_R","Strike_R","Defend_R","Defend_R","Defend_R","Defend_R","Bash+1","Shrug It Off","True Grit+1","Sentinel+1","Infernal Blade+1","Rampage+1","Juggernaut","True Grit","Armaments","Writhe","Burning Pact"],"special_seed":0,"relics":["Burning Blood","NeowsBlessing","Lantern","Happy Flower","Bag of Marbles","Bottled Flame","Lizard Tail","Dead Branch","Juzu Bracelet","Pantograph"],"potions_floor_usage":[],"damage_taken":[{"damage":0.0,"enemies":"Jaw Worm","floor":1.0,"turns":1.0},{"damage":0.0,"enemies":"2 Louse","floor":5.0,"turns":1.0},{"damage":0.0,"enemies":"Gremlin Nob","floor":7.0,"turns":1.0},{"damage":1.0,"enemies":"Cultist","floor":12.0,"turns":3.0},{"damage":23.0,"enemies":"3 Sentries","floor":14.0,"turns":8.0},{"damage":43.0,"enemies":"Slime Boss","floor":16.0,"turns":10.0},{"damage":8.0,"enemies":"Spheric Guardian","floor":18.0,"turns":4.0},{"damage":10.0,"enemies":"2 Thieves","floor":19.0,"turns":4.0},{"damage":49.0,"enemies":"Cultist and Chosen","floor":21.0,"turns":8.0},{"damage":5.0,"enemies":"Snecko","floor":27.0,"turns":5.0},{"damage":24.0,"enemies":"Centurion and Healer","floor":28.0,"turns":6.0},{"damage":0,"enemies":"3 Cultists","floor":30,"turns":1}],"seed_played":"-6094068258920809809","potions_obtained":[{"floor":5.0,"key":"SteroidPotion"},{"floor":12.0,"key":"GamblersBrew"},{"floor":16.0,"key":"Poison Potion"}],"is_trial":false,"path_per_floor":["M","$","?","?","M","R","E","R","T","?","R","M","?","E","R","B",null,"M","M","?","M","$","R","?","?","T","M","M","?","M"],"character_chosen":"IRONCLAD","items_purchased":["True Grit","Dead Branch"],"campfire_rested":1,"item_purchase_floors":[2,22],"current_hp_per_floor":[80,80,73,66,72,72,78,78,78,78,78,80,80,63,63,26,80,78,74,74,31,31,55,55,40,40,41,23,23,23],"gold":56,"neow_bonus":"THREE_ENEMY_KILL","is_prod":false,"is_daily":false,"chose_seed":false,"campfire_upgraded":4,"win_rate":0,"timestamp":1553439913,"path_taken":["M","$","?","?","M","R","E","R","T","?","R","M","?","E","R","BOSS","M","M","?","?","$","R","?","?","T","M","M","?","M"],"build_version":"2019-01-23","purchased_purges":0,"victory":false,"max_hp_per_floor":[80,80,80,80,80,80,80,80,80,80,80,80,80,80,80,80,80,80,80,80,80,80,80,80,85,85,85,85,85,85],"card_choices":[{"not_picked":["Headbutt","Armaments"],"picked":"Shrug It Off","floor":1.0},{"not_picked":["True Grit","Anger"],"picked":"Sentinel","floor":5.0},{"not_picked":["Warcry","Twin Strike"],"picked":"Infernal Blade","floor":7.0},{"not_picked":["Armaments","Fire Breathing"],"picked":"Rampage","floor":12.0},{"not_picked":["Dual Wield","Reaper","Power Through"],"picked":"SKIP","floor":14.0},{"not_picked":["Bludgeon","Impervious"],"picked":"Juggernaut","floor":16.0},{"not_picked":["Sword Boomerang","Flex","Cleave"],"picked":"SKIP","floor":18.0},{"not_picked":["Whirlwind","Shrug It Off"],"picked":"True Grit","floor":19.0},{"not_picked":["Fire Breathing","Seeing Red"],"picked":"Armaments","floor":21.0},{"not_picked":["Sever Soul","Dual Wield"],"picked":"Burning Pact","floor":27.0},{"not_picked":["Perfected Strike","Heavy Blade+1","Rampage"],"picked":"SKIP","floor":28.0}],"player_experience":400970,"relics_obtained":[{"floor":7.0,"key":"Happy Flower"},{"floor":9.0,"key":"Bag of Marbles"},{"floor":14.0,"key":"Bottled Flame"},{"floor":26.0,"key":"Pantograph"}],"event_choices":[{"damage_healed":0.0,"max_hp_gain":0.0,"max_hp_loss":0.0,"gold_gain":0.0,"event_name":"Scrap Ooze","player_choice":"Success","floor":3.0,"gold_loss":0.0,"damage_taken":7.0,"relics_obtained":["Lantern"]},{"cards_removed":["Strike_R"],"damage_healed":0.0,"max_hp_gain":0.0,"max_hp_loss":0.0,"gold_gain":0.0,"event_name":"Golden Wing","player_choice":"Card Removal","floor":4.0,"gold_loss":0.0,"damage_taken":7.0},{"damage_healed":0.0,"max_hp_gain":0.0,"max_hp_loss":0.0,"gold_gain":0.0,"event_name":"Liars Game","player_choice":"Ignored","floor":10.0,"gold_loss":0.0,"damage_taken":0.0},{"damage_healed":0.0,"max_hp_gain":0.0,"max_hp_loss":0.0,"gold_gain":0.0,"event_name":"Living Wall","player_choice":"Grow","floor":13.0,"gold_loss":0.0,"damage_taken":0.0,"cards_upgraded":["Rampage"]},{"damage_healed":0.0,"max_hp_gain":0.0,"max_hp_loss":0.0,"gold_gain":100.0,"event_name":"The Joust","player_choice":"Bet on Murderer","floor":20.0,"gold_loss":50.0,"damage_taken":0.0},{"damage_healed":0.0,"max_hp_gain":0.0,"max_hp_loss":0.0,"gold_gain":0.0,"event_name":"The Mausoleum","player_choice":"Opened","floor":24.0,"gold_loss":0.0,"damage_taken":0.0,"relics_obtained":["Juzu Bracelet"],"cards_obtained":["Writhe"]},{"damage_healed":0.0,"max_hp_gain":5.0,"max_hp_loss":0.0,"gold_gain":0.0,"event_name":"Forgotten Altar","player_choice":"Shed Blood","floor":25.0,"gold_loss":0.0,"damage_taken":20.0}],"is_beta":false,"boss_relics":[{"not_picked":["Orrery","Runic Dome"],"picked":"Lizard Tail"}],"items_purged_floors":[],"is_endless":false,"potions_floor_spawned":[5,12,16,21,27],"killed_by":"3 Cultists","ascension_level":0}