{"gold_per_floor":[113,83,97,108,108,108,141,2,73,86,116,116,116,129,129,129],"floor_reached":16,"playtime":1039,"items_purged":[],"score":116,"play_id":"808130f8-491f-4dc7-8841-bb207d454641","local_time":"20181201222604","is_ascension_mode":true,"campfire_choices":[{"data":"Bash","floor":6,"key":"SMITH"},{"floor":12,"key":"REST"},{"data":"Demon Form","floor":15,"key":"SMITH"}],"neow_cost":"PERCENT_DAMAGE","seed_source_timestamp":45226119693586,"circlet_count":0,"master_deck":["Strike_R","Strike_R","Strike_R","Strike_R","Defend_R","Defend_R","Defend_R","Defend_R","Bash+1","Dropkick","True Grit","Disarm","Anger","Demon Form+1","Cleave","Flex"],"relics":["Burning Blood","Unceasing Top","Smiling Mask","Mummified Hand","Dodecahedron","Molten Egg 2"],"potions_floor_usage":[7,7],"damage_taken":[{"damage":0,"enemies":"Small Slimes","floor":1,"turns":3},{"damage":6,"enemies":"Cultist","floor":3,"turns":3},{"damage":2,"enemies":"Jaw Worm","floor":4,"turns":4},{"damage":22,"enemies":"Lagavulin","floor":7,"turns":6},{"damage":3,"enemies":"2 Fungi Beasts","floor":10,"turns":5},{"damage":31,"enemies":"3 Sentries","floor":11,"turns":6},{"damage":6,"enemies":"Red Slaver","floor":14,"turns":4},{"damage":52,"enemies":"Slime Boss","floor":16,"turns":8}],"seed_played":"2860766956746026745","potions_obtained":[{"floor":1,"key":"Block Potion"},{"floor":2,"key":"Energy Potion"},{"floor":2,"key":"Strength Potion"},{"floor":3,"key":"Dexterity Potion"},{"floor":11,"key":"Swift Potion"}],"is_trial":false,"path_per_floor":["M","?","M","M","?","R","E","$","T","M","E","R","?","M","R","B"],"character_chosen":"IRONCLAD","items_purchased":["Demon Form"],"campfire_rested":1,"item_purchase_floors":[8],"current_hp_per_floor":[62,62,62,66,59,59,43,43,43,46,21,45,45,45,45,0],"gold":129,"neow_bonus":"ONE_RARE_RELIC","is_prod":false,"is_daily":false,"chose_seed":false,"campfire_upgraded":2,"win_rate":0,"timestamp":1543670764,"path_taken":["M","?","M","?","?","R","E","$","T","M","E","R","?","M","R","BOSS"],"build_version":"2018-11-15","purchased_purges":0,"victory":false,"max_hp_per_floor":[80,80,80,80,80,80,80,80,80,80,80,80,80,80,80,80],"card_choices":[{"not_picked":["Thunderclap","Cleave"],"picked":"Dropkick","floor":1},{"not_picked":["Armaments","Clash"],"picked":"True Grit","floor":3},{"not_picked":["Havoc","Warcry"],"picked":"Disarm","floor":4},{"not_picked":["Wild Strike","Second Wind"],"picked":"Anger","floor":7},{"not_picked":["Armaments","Reckless Charge"],"picked":"Cleave","floor":10},{"not_picked":["Bludgeon","Searing Blow","True Grit"],"picked":"SKIP","floor":11},{"not_picked":["Battle Trance","Thunderclap+1"],"picked":"Flex","floor":14}],"player_experience":128216,"relics_obtained":[{"floor":7,"key":"Smiling Mask"},{"floor":9,"key":"Mummified Hand"},{"floor":11,"key":"Dodecahedron"}],"event_choices":[{"damage_healed":0,"gold_gain":0,"player_choice":"Bought 2 Potions","damage_taken":0,"max_hp_gain":0,"max_hp_loss":0,"event_name":"The Woman in Blue","floor":2,"gold_loss":0},{"cards_removed":["Strike_R"],"damage_healed":0,"gold_gain":0,"player_choice":"Card Removal","damage_taken":7,"max_hp_gain":0,"max_hp_loss":0,"event_name":"Golden Wing","floor":5,"gold_loss":0},{"damage_healed":0,"gold_gain":0,"player_choice":"Gave Potion","damage_taken":0,"relics_obtained":["Molten Egg 2"],"max_hp_gain":0,"max_hp_loss":0,"event_name":"WeMeetAgain","floor":13,"gold_loss":0}],"is_beta":false,"boss_relics":[],"items_purged_floors":[],"is_endless":false,"potions_floor_spawned":[1,3,11],"killed_by":"Slime Boss","ascension_level":1}