{"gold_per_floor":[20,20,20,20,20,20,45,45,45,55,71,91,91,105,105,200,200,215,235,255,62,72,72,72,72,98,98,113,113,127,50,50,150,150,164,164,164,177,189,189,189],"floor_reached":41,"playtime":3589,"items_purged":[],"score":420,"play_id":"00847932-e7d6-4809-a684-291e155ad6c1","local_time":"20181025004615","is_ascension_mode":false,"campfire_choices":[{"data":"Quick Slash","floor":6.0,"key":"SMITH"},{"floor":8.0,"key":"REST"},{"floor":15.0,"key":"REST"},{"floor":23.0,"key":"REST"},{"data":"Envenom","floor":25.0,"key":"SMITH"},{"data":"Catalyst","floor":27.0,"key":"SMITH"},{"floor":32.0,"key":"REST"}],"neow_cost":"NO_GOLD","seed_source_timestamp":0,"circlet_count":0,"master_deck":["Defend_G","Defend_G","Defend_G","Defend_G","Strike_G","Strike_G","Strike_G","Strike_G","Strike_G","Survivor","Neutralize","Quick Slash+1","Bane","Poisoned Stab+1","Footwork","Catalyst+1","Dagger Throw","Envenom+1","Bane+1","Bane","Dagger Spray","Sadistic Nature","Well Laid Plans+1","Flying Knee+1","Quick Slash+1","Noxious Fumes","Endless Agony","Escape Plan+1","Writhe","Catalyst+1","Riddle With Holes+1","Dramatic Entrance"],"special_seed":0,"relics":["Ring of the Snake","Incense Burner","Centennial Puzzle","Ancient Tea Set","Snake Skull","WristBlade","Dream Catcher","Eternal Feather"],"potions_floor_usage":[],"damage_taken":[{"damage":0.0,"enemies":"2 Louse","floor":1.0,"turns":3.0},{"damage":0.0,"enemies":"Small Slimes","floor":4.0,"turns":4.0},{"damage":19.0,"enemies":"3 Sentries","floor":7.0,"turns":11.0},{"damage":0.0,"enemies":"Cultist","floor":10.0,"turns":2.0},{"damage":0.0,"enemies":"3 Louse","floor":11.0,"turns":7.0},{"damage":4.0,"enemies":"Large Slime","floor":12.0,"turns":4.0},{"damage":3.0,"enemies":"Looter","floor":14.0,"turns":3.0},{"damage":45.0,"enemies":"The Guardian","floor":16.0,"turns":11.0},{"damage":5.0,"enemies":"Spheric Guardian","floor":18.0,"turns":4.0},{"damage":1.0,"enemies":"Chosen","floor":19.0,"turns":3.0},{"damage":12.0,"enemies":"Snecko","floor":20.0,"turns":4.0},{"damage":6.0,"enemies":"Cultist and Chosen","floor":22.0,"turns":3.0},{"damage":1.0,"enemies":"Colosseum Slavers","floor":24.0,"turns":2.0},{"damage":12.0,"enemies":"Centurion and Healer","floor":28.0,"turns":3.0},{"damage":15.0,"enemies":"Snecko","floor":30.0,"turns":5.0},{"damage":6.0,"enemies":"Champ","floor":33.0,"turns":6.0},{"damage":27.0,"enemies":"3 Darklings","floor":35.0,"turns":4.0},{"damage":0.0,"enemies":"3 Shapes","floor":38.0,"turns":3.0},{"damage":12.0,"enemies":"3 Darklings","floor":39.0,"turns":3.0},{"damage":92,"enemies":"Giant Head","floor":41,"turns":7}],"seed_played":"2378277371115229669","potions_obtained":[{"floor":10.0,"key":"GamblersBrew"},{"floor":11.0,"key":"Energy Potion"},{"floor":12.0,"key":"GamblersBrew"},{"floor":19.0,"key":"Energy Potion"},{"floor":20.0,"key":"Dexterity Potion"},{"floor":35.0,"key":"AttackPotion"}],"is_trial":false,"path_per_floor":["M","?","?","M","?","R","E","R","T","M","M","M","?","M","R","B",null,"M","M","M","$","M","R","?","R","T","R","M","?","M","$","R","B",null,"M","?","?","M","M","?"],"character_chosen":"THE_SILENT","items_purchased":["Sadistic Nature","Noxious Fumes"],"campfire_rested":4,"item_purchase_floors":[21,31],"current_hp_per_floor":[70,63,63,63,63,63,44,65,65,65,65,61,61,58,70,25,70,65,64,52,52,46,67,66,66,66,66,54,41,26,26,48,42,75,48,48,67,67,55,55,0],"gold":189,"neow_bonus":"ONE_RARE_RELIC","is_prod":false,"is_daily":false,"chose_seed":false,"campfire_upgraded":3,"win_rate":0.0,"timestamp":1540421175,"path_taken":["M","?","?","M","?","R","E","R","T","M","M","M","?","M","R","BOSS","M","M","M","$","M","R","?","R","T","R","M","?","?","$","R","BOSS","M","?","?","M","M","?","E"],"build_version":"2018-10-18","purchased_purges":0,"victory":false,"max_hp_per_floor":[70,70,70,70,70,70,70,70,70,70,70,70,70,70,70,70,70,70,70,70,70,70,70,70,70,70,70,70,75,75,75,75,75,75,75,75,75,75,75,75,75],"card_choices":[{"not_picked":["Underhanded Strike","Prepared"],"picked":"Quick Slash","floor":1.0},{"not_picked":["Flying Knee","Leg Sweep"],"picked":"Bane","floor":4.0},{"not_picked":["Dagger Throw","Deflect"],"picked":"Poisoned Stab","floor":7.0},{"not_picked":["Dagger Spray","Outmaneuver"],"picked":"Footwork","floor":10.0},{"not_picked":["Riddle With Holes","Acrobatics"],"picked":"Catalyst","floor":11.0},{"not_picked":["Wraith Form v2","Terror","Choke"],"picked":"SKIP","floor":12.0},{"not_picked":["Backstab","Underhanded Strike"],"picked":"Dagger Throw","floor":14.0},{"not_picked":["Unload","Tools of the Trade"],"picked":"Envenom","floor":16.0},{"not_picked":["Prepared+1","Eviscerate"],"picked":"Bane+1","floor":18.0},{"not_picked":["Terror","Deflect+1"],"picked":"Bane","floor":19.0},{"not_picked":["PiercingWail","Underhanded Strike+1"],"picked":"Dagger Spray","floor":20.0},{"not_picked":["Finisher","PiercingWail"],"picked":"Well Laid Plans+1","floor":22.0},{"not_picked":["Caltrops","Calculated Gamble"],"picked":"Flying Knee+1","floor":28.0},{"not_picked":["Flying Knee","Underhanded Strike"],"picked":"Quick Slash+1","floor":30.0},{"not_picked":["After Image","Slice+1"],"picked":"Endless Agony","floor":32.0},{"not_picked":["Dagger Throw+1","Predator"],"picked":"Escape Plan+1","floor":35.0},{"not_picked":["Heel Hook","Distraction"],"picked":"Catalyst+1","floor":38.0},{"not_picked":["Reflex+1","PiercingWail"],"picked":"Riddle With Holes+1","floor":39.0},{"not_picked":["Secret Weapon","Master of Strategy"],"picked":"Dramatic Entrance","floor":40.0}],"player_experience":259246,"relics_obtained":[{"floor":7.0,"key":"Ancient Tea Set"},{"floor":9.0,"key":"Snake Skull"},{"floor":26.0,"key":"Dream Catcher"}],"event_choices":[{"damage_healed":0.0,"max_hp_gain":0.0,"max_hp_loss":0.0,"gold_gain":0.0,"event_name":"Scrap Ooze","player_choice":"Success","floor":2.0,"gold_loss":0.0,"damage_taken":7.0,"relics_obtained":["Centennial Puzzle"]},{"damage_healed":0.0,"max_hp_gain":0.0,"max_hp_loss":0.0,"gold_gain":0.0,"event_name":"The Cleric","player_choice":"Leave","floor":3.0,"gold_loss":0.0,"damage_taken":0.0},{"damage_healed":0.0,"max_hp_gain":0.0,"max_hp_loss":0.0,"gold_gain":0.0,"event_name":"Golden Wing","player_choice":"Ignored","floor":5.0,"gold_loss":0.0,"damage_taken":0.0},{"damage_healed":0.0,"max_hp_gain":0.0,"max_hp_loss":0.0,"gold_gain":0.0,"event_name":"Living Wall","player_choice":"Grow","floor":13.0,"gold_loss":0.0,"damage_taken":0.0,"cards_upgraded":["Poisoned Stab"]},{"damage_healed":0.0,"max_hp_gain":0.0,"max_hp_loss":0.0,"gold_gain":0.0,"event_name":"Colosseum","player_choice":"Fight","floor":24.0,"gold_loss":0.0,"damage_taken":0.0},{"damage_healed":0.0,"max_hp_gain":0.0,"max_hp_loss":0.0,"gold_gain":0.0,"event_name":"Colosseum","player_choice":"Fled From Nobs","floor":24.0,"gold_loss":0.0,"damage_taken":0.0},{"damage_healed":0.0,"max_hp_gain":5.0,"max_hp_loss":0.0,"gold_gain":0.0,"event_name":"Forgotten Altar","player_choice":"Shed Blood","floor":29.0,"gold_loss":0.0,"damage_taken":18.0},{"cards_removed":["Defend_G"],"damage_healed":0.0,"max_hp_gain":0.0,"max_hp_loss":0.0,"gold_gain":0.0,"event_name":"Falling","player_choice":"Removed Skill","floor":36.0,"gold_loss":0.0,"damage_taken":0.0},{"damage_healed":19.0,"max_hp_gain":0.0,"max_hp_loss":0.0,"gold_gain":0.0,"event_name":"Winding Halls","player_choice":"Writhe","floor":37.0,"gold_loss":0.0,"damage_taken":0.0,"cards_obtained":["Writhe"]},{"damage_healed":0.0,"max_hp_gain":0.0,"max_hp_loss":0.0,"gold_gain":0.0,"event_name":"SensoryStone","player_choice":"Memory 1","floor":40.0,"gold_loss":0.0,"damage_taken":0.0}],"is_beta":false,"boss_relics":[{"not_picked":["Runic Dome","Ectoplasm"],"picked":"WristBlade"},{"not_picked":["Lizard Tail","HoveringKite"],"picked":"Eternal Feather"}],"items_purged_floors":[],"is_endless":false,"potions_floor_spawned":[10,11,12,19,20,24,35],"killed_by":"Giant Head","ascension_level":0}