{"gold_per_floor":[111,121,132,149,7,7,20,51,51,1,31,31,42,53,53,53],"floor_reached":16,"playtime":806,"items_purged":[],"score":104,"play_id":"b8b870c0-8978-49ff-bc07-5b642c8ec788","local_time":"20190316101413","is_ascension_mode":false,"campfire_choices":[{"data":"Glacier","floor":6,"key":"SMITH"},{"data":"Defragment","floor":15,"key":"SMITH"}],"neow_cost":"NONE","seed_source_timestamp":2424971855334,"circlet_count":0,"master_deck":["Strike_B","Strike_B","Strike_B","Defend_B","Defend_B","Defend_B","Defend_B","Zap","Dualcast","Purity","Gash","Conserve Battery","Double Energy","Defragment+1","Glacier+1","Capacitor","Glacier"],"relics":["Cracked Core","Odd Mushroom"],"potions_floor_usage":[7,8,14],"damage_taken":[{"damage":0,"enemies":"Small Slimes","floor":1,"turns":4},{"damage":6,"enemies":"Jaw Worm","floor":2,"turns":3},{"damage":1,"enemies":"Cultist","floor":3,"turns":3},{"damage":0,"enemies":"3 Louse","floor":4,"turns":4},{"damage":1,"enemies":"Lots of Slimes","floor":7,"turns":7},{"damage":9,"enemies":"3 Sentries","floor":8,"turns":9},{"damage":22,"enemies":"The Mushroom Lair","floor":11,"turns":7},{"damage":1,"enemies":"2 Fungi Beasts","floor":13,"turns":6},{"damage":9,"enemies":"Exordium Thugs","floor":14,"turns":5},{"damage":0,"enemies":"Slime Boss","floor":16,"turns":1}],"seed_played":"9088653468109501015","potions_obtained":[{"floor":2,"key":"SpeedPotion"},{"floor":4,"key":"FearPotion"},{"floor":7,"key":"SkillPotion"}],"is_trial":false,"path_per_floor":["M","M","M","M","$","R","M","E","T","?","?","$","M","M","R","B"],"character_chosen":"DEFECT","items_purchased":["Defragment","Glacier"],"campfire_rested":0,"item_purchase_floors":[5,5],"current_hp_per_floor":[75,69,68,68,68,68,67,58,58,58,36,36,35,26,26,26],"gold":53,"neow_bonus":"RANDOM_COLORLESS","is_prod":false,"is_daily":false,"chose_seed":false,"campfire_upgraded":2,"win_rate":0,"timestamp":1552702453,"path_taken":["M","M","M","M","$","R","M","E","T","?","?","$","M","M","R","BOSS"],"build_version":"2019-01-23","purchased_purges":0,"victory":false,"max_hp_per_floor":[75,75,75,75,75,75,75,75,75,75,75,75,75,75,75,75],"card_choices":[{"not_picked":["Leap","Consume"],"picked":"Gash","floor":1},{"not_picked":["Hello World","Consume","Genetic Algorithm"],"picked":"SKIP","floor":2},{"not_picked":["Leap","Compile Driver"],"picked":"Conserve Battery","floor":3},{"not_picked":["Compile Driver","Undo"],"picked":"Double Energy","floor":4},{"not_picked":["Stack","Redo"],"picked":"Capacitor","floor":7},{"not_picked":["Hyperbeam","Barrage","Steam"],"picked":"SKIP","floor":8},{"not_picked":["Streamline","Stack","Reprogram"],"picked":"SKIP","floor":13},{"not_picked":["Melter","Rip and Tear"],"picked":"Glacier","floor":14}],"player_experience":321966,"relics_obtained":[{"floor":11,"key":"Odd Mushroom"}],"event_choices":[{"cards_removed":["Strike_B"],"damage_healed":0,"gold_gain":0,"player_choice":"Card Removal","damage_taken":0,"max_hp_gain":0,"max_hp_loss":0,"event_name":"The Cleric","floor":10,"gold_loss":50},{"damage_healed":0,"gold_gain":0,"player_choice":"Fought Mushrooms","damage_taken":0,"max_hp_gain":0,"max_hp_loss":0,"event_name":"Mushrooms","floor":11,"gold_loss":0}],"is_beta":false,"boss_relics":[],"items_purged_floors":[],"is_endless":false,"potions_floor_spawned":[2,4,7],"killed_by":"Slime Boss","ascension_level":0}