{"gold_per_floor":[365,440,440,22,22,22,37,37,37,51,68,68,101,111,111,111],"floor_reached":16,"playtime":625,"items_purged":["Writhe"],"score":140,"play_id":"7564692f-1b19-4126-b7cd-18c2d9ffe7e8","local_time":"20190313221320","is_ascension_mode":true,"campfire_choices":[{"data":"Zap","floor":6.0,"key":"SMITH"},{"data":"Defend_B","floor":8.0,"key":"SMITH"},{"data":"Leap","floor":12.0,"key":"SMITH"},{"floor":15,"key":"REST"}],"neow_cost":"CURSE","seed_source_timestamp":37338386701924,"circlet_count":0,"master_deck":["Strike_B","Strike_B","Strike_B","Strike_B","Defend_B+1","Defend_B","Defend_B+1","Defend_B+1","Zap+1","Dualcast","Conserve Battery","Chrysalis+1","Machine Learning","Defragment","Leap+1","Loop","Consume"],"special_seed":0,"relics":["Cracked Core","Matryoshka","War Paint","Art of War","Vajra","Ornamental Fan"],"potions_floor_usage":[14],"damage_taken":[{"damage":3.0,"enemies":"2 Louse","floor":1.0,"turns":2.0},{"damage":4.0,"enemies":"Jaw Worm","floor":7.0,"turns":5.0},{"damage":0.0,"enemies":"Cultist","floor":10.0,"turns":3.0},{"damage":8.0,"enemies":"Exordium Wildlife","floor":11.0,"turns":5.0},{"damage":9.0,"enemies":"3 Sentries","floor":13.0,"turns":7.0},{"damage":5,"enemies":"Gremlin Gang","floor":14,"turns":5},{"damage":50,"enemies":"Slime Boss","floor":16,"turns":10}],"seed_played":"-6465984038907325493","potions_obtained":[{"floor":1.0,"key":"GamblersBrew"},{"floor":13.0,"key":"SkillPotion"}],"is_trial":false,"path_per_floor":["M","?","T","$","?","R","M","R","T","M","M","R","E","M","R","B"],"character_chosen":"DEFECT","items_purchased":["War Paint","Chrysalis"],"campfire_rested":1,"item_purchase_floors":[4,4],"current_hp_per_floor":[65,54,54,54,54,54,50,50,50,50,42,42,33,28,50,0],"gold":111,"neow_bonus":"TWO_FIFTY_GOLD","is_prod":false,"is_daily":false,"chose_seed":false,"campfire_upgraded":3,"win_rate":0,"timestamp":1552486400,"path_taken":["M","?","?","$","?","R","M","R","T","?","M","R","E","M","R","BOSS"],"build_version":"2019-01-23","purchased_purges":1,"victory":false,"max_hp_per_floor":[75,75,75,75,75,75,75,75,75,75,75,75,75,75,75,75],"card_choices":[{"not_picked":["Compile Driver","Barrage"],"picked":"Conserve Battery","floor":1.0},{"not_picked":["Force Field","Heatsinks"],"picked":"Machine Learning","floor":7.0},{"not_picked":["Beam Cell","Lockon"],"picked":"Defragment","floor":10.0},{"not_picked":["Recycle","Ball Lightning"],"picked":"Leap","floor":11.0},{"not_picked":["Coolheaded","Ball Lightning"],"picked":"Loop","floor":13.0},{"not_picked":["Rebound","Chill"],"picked":"Consume","floor":14}],"player_experience":295123,"relics_obtained":[{"floor":3.0,"key":"Matryoshka"},{"floor":9.0,"key":"Art of War"},{"floor":9.0,"key":"Vajra"},{"floor":13.0,"key":"Ornamental Fan"}],"event_choices":[{"damage_healed":0.0,"max_hp_gain":0.0,"max_hp_loss":0.0,"gold_gain":75.0,"event_name":"World of Goop","player_choice":"Gather Gold","floor":2.0,"gold_loss":0.0,"damage_taken":11.0},{"damage_healed":0.0,"max_hp_gain":0.0,"max_hp_loss":0.0,"gold_gain":0.0,"event_name":"Accursed Blacksmith","player_choice":"Forge","floor":5.0,"gold_loss":0.0,"damage_taken":0.0,"cards_upgraded":["Chrysalis"]}],"is_beta":false,"boss_relics":[],"items_purged_floors":[4],"is_endless":false,"potions_floor_spawned":[1,13],"killed_by":"Slime Boss","ascension_level":8}