{"gold_per_floor":[112,187,200,215,228,228,239,105,128,145,145,156,186,109,109,204,204,216,216,234,334,281,300,300,313,313,328,340,354,128,0,0,0],"floor_reached":33,"playtime":2084,"items_purged":["Evolve+1"],"score":328,"play_id":"8b03932b-6146-4f92-90c5-d6e099b3dd65","local_time":"20181016233441","is_ascension_mode":false,"campfire_choices":[{"data":"Feed","floor":6,"key":"SMITH"},{"data":"Perfected Strike","floor":15,"key":"SMITH"},{"floor":24,"key":"REST"},{"floor":32,"key":"REST"}],"neow_cost":"NONE","seed_source_timestamp":340618293770091,"circlet_count":0,"master_deck":["Strike_R","Strike_R","Strike_R","Strike_R","Strike_R","Defend_R","Defend_R","Defend_R","Defend_R","Bash","Feed+1","Cleave","Twin Strike","Shrug It Off","Seeing Red","Thunderclap","Uppercut+1","Flex","Pommel Strike","Perfected Strike+1","Uppercut","Pommel Strike","Flex","Pommel Strike","Cleave","Pommel Strike","Headbutt+1","Clothesline+1","Pommel Strike","Jack Of All Trades","Twin Strike"],"relics":["Burning Blood"],"potions_floor_usage":[7,20,20,28,29,33],"damage_taken":[{"damage":0,"enemies":"Small Slimes","floor":1,"turns":4},{"damage":0,"enemies":"2 Louse","floor":3,"turns":3},{"damage":1,"enemies":"Cultist","floor":4,"turns":3},{"damage":5,"enemies":"2 Fungi Beasts","floor":5,"turns":3},{"damage":27,"enemies":"Exordium Thugs","floor":7,"turns":5},{"damage":1,"enemies":"Red Slaver","floor":10,"turns":3},{"damage":0,"enemies":"Large Slime","floor":12,"turns":6},{"damage":18,"enemies":"Lagavulin","floor":13,"turns":5},{"damage":27,"enemies":"Slime Boss","floor":16,"turns":8},{"damage":28,"enemies":"2 Thieves","floor":18,"turns":4},{"damage":15,"enemies":"3 Byrds","floor":20,"turns":6},{"damage":15,"enemies":"Snake Plant","floor":23,"turns":4},{"damage":46,"enemies":"Centurion and Healer","floor":25,"turns":5},{"damage":39,"enemies":"Sentry and Sphere","floor":27,"turns":4},{"damage":12,"enemies":"Cultist and Chosen","floor":28,"turns":4},{"damage":43,"enemies":"Centurion and Healer","floor":29,"turns":6},{"damage":65,"enemies":"Automaton","floor":33,"turns":6}],"seed_played":"4515751852373022006","potions_obtained":[{"floor":1,"key":"Swift Potion"},{"floor":5,"key":"Weak Potion"},{"floor":16,"key":"Dexterity Potion"},{"floor":18,"key":"BloodPotion"},{"floor":23,"key":"SteroidPotion"},{"floor":28,"key":"Fire Potion"}],"is_trial":false,"path_per_floor":["M","?","M","M","M","R","M","$","T","M","?","M","E","$","R","B",null,"M","?","M","?","$","M","R","M","T","M","M","M","$","?","R"],"character_chosen":"IRONCLAD","items_purchased":["Uppercut","Flex","Pommel Strike","Flex","Pommel Strike","Jack Of All Trades","Twin Strike"],"campfire_rested":2,"item_purchase_floors":[8,8,14,14,22,30,30],"current_hp_per_floor":[83,72,81,89,92,92,75,75,75,84,84,94,82,82,82,65,108,90,90,96,96,96,87,116,80,80,51,49,16,16,16,55,0],"gold":0,"neow_bonus":"ONE_RANDOM_RARE_CARD","is_prod":false,"is_daily":false,"chose_seed":false,"campfire_upgraded":2,"win_rate":0,"timestamp":1539725681,"path_taken":["M","?","M","M","?","R","M","$","T","M","?","M","E","$","R","BOSS","M","?","?","?","$","M","R","M","T","M","M","?","$","?","R","BOSS"],"build_version":"2018-10-11","purchased_purges":1,"victory":false,"max_hp_per_floor":[83,83,86,89,92,92,96,96,96,100,100,104,104,104,104,108,108,112,112,116,116,116,116,116,120,120,124,128,132,132,132,132,132],"card_choices":[{"not_picked":["Intimidate","Anger"],"picked":"Cleave","floor":1},{"not_picked":["Second Wind","Clothesline"],"picked":"Twin Strike","floor":3},{"not_picked":["Clothesline","Entrench"],"picked":"Shrug It Off","floor":4},{"not_picked":["Carnage","Immolate"],"picked":"Seeing Red","floor":5},{"not_picked":["Clash","Shockwave"],"picked":"Thunderclap","floor":7},{"not_picked":["Dual Wield","Whirlwind"],"picked":"Pommel Strike","floor":10},{"not_picked":["Spot Weakness","Headbutt"],"picked":"Perfected Strike","floor":12},{"not_picked":["Rage","Burning Pact"],"picked":"Uppercut","floor":13},{"not_picked":["Iron Wave","Armaments"],"picked":"Pommel Strike","floor":18},{"not_picked":["True Grit","Rage"],"picked":"Cleave","floor":20},{"not_picked":["Dual Wield+1","Rage","Anger"],"picked":"SKIP","floor":23},{"not_picked":["Dark Embrace","Sentinel"],"picked":"Evolve+1","floor":25},{"not_picked":["Body Slam","Flex+1"],"picked":"Headbutt+1","floor":27},{"not_picked":["Cleave","Armaments"],"picked":"Clothesline+1","floor":28},{"not_picked":["Anger","Armaments"],"picked":"Pommel Strike","floor":29}],"player_experience":246432,"relics_obtained":[],"event_choices":[{"event_name":"World of Goop","player_choice":"Gather Gold","floor":2,"damage_taken":0},{"event_name":"Upgrade Shrine","player_choice":"Upgraded","floor":11,"damage_taken":0},{"event_name":"Ghosts","player_choice":"Ignored","floor":19,"damage_taken":0},{"event_name":"Golden Shrine","player_choice":"Pray","floor":21,"damage_taken":0},{"event_name":"Masked Bandits","player_choice":"Paid Fearfully","floor":31,"damage_taken":0}],"is_beta":false,"boss_relics":[{"not_picked":["Eternal Feather","Coffee Dripper","Empty Cage"]}],"items_purged_floors":[30],"is_endless":false,"potions_floor_spawned":[1,5,16,18,23,28],"killed_by":"Automaton","ascension_level":0}