{"gold_per_floor":[112,112,112,132,152,179,191,209,235,267,284,294,294,319,319,420,420,440,440,440,355,373,407,461,461,461,495,509,509,99,110,110,207,207,220,320,333,346,446,481,481,493,545,574,574,588,588,599,599,599],"floor_reached":51,"playtime":9105,"items_purged":["Strike_G"],"score":769,"play_id":"88d9241c-f4dc-49d0-bf4b-c110e14d52e2","local_time":"20181213052646","is_ascension_mode":false,"campfire_choices":[{"data":"Noxious Fumes","floor":13,"key":"SMITH"},{"data":"Caltrops","floor":15,"key":"SMITH"},{"data":"Dash","floor":25,"key":"SMITH"},{"data":"Bullet Time","floor":29,"key":"SMITH"},{"data":"After Image","floor":32,"key":"SMITH"},{"data":"Dash","floor":41,"key":"SMITH"},{"data":"Tools of the Trade","floor":45,"key":"SMITH"},{"data":"Choke","floor":49,"key":"SMITH"}],"neow_cost":"TEN_PERCENT_HP_LOSS","seed_source_timestamp":33374982741883,"circlet_count":0,"master_deck":["Defend_G","Defend_G","Defend_G","Defend_G","Survivor","Noxious Fumes+1","Backflip","Dash+1","Cloak And Dagger","Flying Knee","Caltrops+1","Flying Knee","Bullet Time+1","Infinite Blades+1","Doppelganger+1","Noxious Fumes+1","Necronomicurse","Dash+1","After Image+1","Tools of the Trade+1","Terror+1","Escape Plan+1","Blur","PiercingWail+1","Choke+1"],"relics":["Ring of the Snake","Gambling Chip","Vajra","Oddly Smooth Stone","Astrolabe","MutagenicStrength","Necronomicon","Ancient Tea Set","Bottled Tornado","Tiny Chest","Centennial Puzzle","Smiling Mask","Lee\u0027s Waffle","Blood Vial","Runic Pyramid","Prayer Wheel","Orichalcum","Strawberry","Meat on the Bone"],"potions_floor_usage":[10,14,23,27,40,50],"damage_taken":[{"damage":0,"enemies":"2 Louse","floor":1,"turns":3},{"damage":0,"enemies":"Small Slimes","floor":4,"turns":4},{"damage":1,"enemies":"Cultist","floor":5,"turns":4},{"damage":20,"enemies":"Lagavulin","floor":6,"turns":10},{"damage":0,"enemies":"Exordium Wildlife","floor":7,"turns":3},{"damage":2,"enemies":"2 Fungi Beasts","floor":8,"turns":5},{"damage":3,"enemies":"3 Sentries","floor":10,"turns":7},{"damage":0,"enemies":"3 Louse","floor":11,"turns":3},{"damage":0,"enemies":"Looter","floor":12,"turns":3},{"damage":6,"enemies":"Gremlin Nob","floor":14,"turns":5},{"damage":1,"enemies":"Hexaghost","floor":16,"turns":9},{"damage":9,"enemies":"Spheric Guardian","floor":18,"turns":4},{"damage":0,"enemies":"2 Thieves","floor":22,"turns":4},{"damage":10,"enemies":"Gremlin Leader","floor":23,"turns":7},{"damage":2,"enemies":"Slavers","floor":27,"turns":4},{"damage":9,"enemies":"Centurion and Healer","floor":28,"turns":6},{"damage":0,"enemies":"Snecko","floor":31,"turns":4},{"damage":3,"enemies":"Automaton","floor":33,"turns":9},{"damage":0,"enemies":"3 Shapes","floor":35,"turns":5},{"damage":0,"enemies":"Orb Walker","floor":37,"turns":3},{"damage":0,"enemies":"Spire Growth","floor":38,"turns":6},{"damage":0,"enemies":"Mind Bloom Boss Battle","floor":39,"turns":6},{"damage":27,"enemies":"Reptomancer","floor":40,"turns":7},{"damage":38,"enemies":"4 Shapes","floor":42,"turns":6},{"damage":0,"enemies":"Nemesis","floor":44,"turns":7},{"damage":0,"enemies":"Sphere and 2 Shapes","floor":46,"turns":5},{"damage":0,"enemies":"Spire Growth","floor":48,"turns":5},{"damage":38,"enemies":"Awakened One","floor":50,"turns":12}],"seed_played":"6329098283778370182","potions_obtained":[{"floor":1,"key":"Fire Potion"},{"floor":3,"key":"LiquidBronze"},{"floor":3,"key":"LiquidBronze"},{"floor":16,"key":"AttackPotion"},{"floor":23,"key":"Swift Potion"},{"floor":27,"key":"Ancient Potion"},{"floor":38,"key":"SkillPotion"},{"floor":42,"key":"Energy Potion"},{"floor":46,"key":"Swift Potion"}],"is_trial":false,"path_per_floor":["M","?","?","M","M","E","M","M","T","E","M","M","R","E","R","B",null,"M","?","?","?","M","E","T","R","T","E","M","R","$","M","R","B",null,"M","?","M","M","?","E","R","M","T","E","R","M","?","M","R","B",null],"character_chosen":"THE_SILENT","items_purchased":["Lee\u0027s Waffle","Blood Vial"],"campfire_rested":0,"item_purchase_floors":[30,30],"current_hp_per_floor":[63,63,63,63,62,42,42,40,40,37,37,37,37,31,31,30,63,54,54,38,38,38,28,28,28,28,26,17,17,70,70,70,67,70,70,70,70,70,70,43,43,7,14,16,16,30,30,44,44,20],"gold":599,"neow_bonus":"REMOVE_TWO","is_prod":false,"is_daily":false,"chose_seed":false,"campfire_upgraded":8,"win_rate":0,"timestamp":1544700406,"path_taken":["M","?","?","M","M","E","?","M","T","E","M","M","R","E","R","BOSS","M","?","?","?","M","E","?","R","T","E","M","R","?","M","R","BOSS","M","?","?","?","?","E","R","M","T","E","R","M","?","M","R","BOSS"],"build_version":"2018-12-06","purchased_purges":1,"victory":true,"max_hp_per_floor":[63,63,63,63,63,63,63,63,63,63,63,63,63,63,63,63,63,63,63,63,63,63,63,63,63,63,63,63,63,70,70,70,70,70,70,70,70,70,70,70,70,70,77,77,77,77,77,77,77,77],"card_choices":[{"not_picked":["Skewer","Reflex","Riddle With Holes"],"picked":"SKIP","floor":1},{"not_picked":["Outmaneuver","Blur"],"picked":"Noxious Fumes","floor":4},{"not_picked":["Choke","Bane"],"picked":"Backflip","floor":5},{"not_picked":["Bane","Masterful Stab"],"picked":"Dash","floor":6},{"not_picked":["Outmaneuver","Poisoned Stab"],"picked":"Cloak And Dagger","floor":7},{"not_picked":["Choke","Deflect"],"picked":"Flying Knee","floor":8},{"not_picked":["Dagger Spray","Deadly Poison","Expertise"],"picked":"SKIP","floor":10},{"not_picked":["Dodge and Roll","Reflex","Dagger Spray"],"picked":"SKIP","floor":11},{"not_picked":["Prepared","Deflect"],"picked":"Caltrops","floor":12},{"not_picked":["Calculated Gamble","Acrobatics"],"picked":"Flying Knee","floor":14},{"not_picked":["Storm of Steel","Venomology"],"picked":"Bullet Time","floor":16},{"not_picked":["Acrobatics","Slice+1","Dagger Spray"],"picked":"SKIP","floor":18},{"not_picked":["Outmaneuver","Dagger Throw+1","Underhanded Strike"],"picked":"SKIP","floor":22},{"not_picked":["Noxious Fumes","All Out Attack+1","Acrobatics"],"picked":"SKIP","floor":23},{"not_picked":["Blade Dance","Bane","Calculated Gamble"],"picked":"SKIP","floor":27},{"not_picked":["Sucker Punch","Skewer"],"picked":"Dash","floor":28},{"not_picked":["Quick Slash","Flechettes+1"],"picked":"After Image","floor":31},{"not_picked":["Glass Knife","Phantasmal Killer"],"picked":"Tools of the Trade","floor":33},{"not_picked":["Blade Dance","Bouncing Flask+1","Escape Plan"],"picked":"SKIP","floor":35},{"not_picked":["Slice+1","Well Laid Plans","Endless Agony+1"],"picked":"SKIP","floor":37},{"not_picked":["Dodge and Roll+1","Prepared+1","Noxious Fumes"],"picked":"SKIP","floor":38},{"not_picked":["Distraction+1","Catalyst+1"],"picked":"Terror+1","floor":40},{"not_picked":["Venomology","Deflect+1"],"picked":"Escape Plan+1","floor":42},{"not_picked":["Noxious Fumes+1","Skewer+1"],"picked":"Blur","floor":42},{"not_picked":["Quick Slash+1","Masterful Stab+1","Calculated Gamble"],"picked":"SKIP","floor":44},{"not_picked":["Dodge and Roll","Acrobatics"],"picked":"PiercingWail+1","floor":46},{"not_picked":["Quick Slash+1","Deadly Poison","Bullet Time"],"picked":"SKIP","floor":46},{"not_picked":["Reflex","Distraction"],"picked":"Choke","floor":48},{"not_picked":["Flying Knee","Bane","Acrobatics+1"],"picked":"SKIP","floor":48}],"player_experience":111784,"relics_obtained":[{"floor":6,"key":"Gambling Chip"},{"floor":10,"key":"Vajra"},{"floor":14,"key":"Oddly Smooth Stone"},{"floor":20,"key":"Necronomicon"},{"floor":23,"key":"Bottled Tornado"},{"floor":24,"key":"Tiny Chest"},{"floor":26,"key":"Centennial Puzzle"},{"floor":27,"key":"Smiling Mask"},{"floor":39,"key":"Prayer Wheel"},{"floor":40,"key":"Orichalcum"},{"floor":43,"key":"Strawberry"},{"floor":44,"key":"Meat on the Bone"}],"event_choices":[{"damage_healed":0,"gold_gain":0,"player_choice":"Ignored","damage_taken":0,"max_hp_gain":0,"max_hp_loss":0,"event_name":"Liars Game","floor":2,"gold_loss":0},{"damage_healed":0,"gold_gain":0,"player_choice":"Got Potions","damage_taken":0,"max_hp_gain":0,"max_hp_loss":0,"event_name":"Lab","floor":3,"gold_loss":0},{"damage_healed":0,"gold_gain":0,"player_choice":"Inject Mutagens","damage_taken":0,"relics_obtained":["MutagenicStrength"],"max_hp_gain":0,"max_hp_loss":0,"event_name":"Drug Dealer","floor":19,"gold_loss":0},{"damage_healed":0,"gold_gain":0,"player_choice":"Obtained Book","damage_taken":16,"max_hp_gain":0,"max_hp_loss":0,"event_name":"Cursed Tome","floor":20,"gold_loss":0},{"damage_healed":0,"gold_gain":0,"player_choice":"Obtained Relic","damage_taken":0,"relics_obtained":["Ancient Tea Set"],"max_hp_gain":0,"max_hp_loss":0,"event_name":"Addict","floor":21,"gold_loss":85},{"damage_healed":0,"gold_gain":100,"player_choice":"Pray","damage_taken":0,"max_hp_gain":0,"max_hp_loss":0,"event_name":"Golden Shrine","floor":36,"gold_loss":0},{"damage_healed":0,"gold_gain":0,"player_choice":"Fight","damage_taken":0,"max_hp_gain":0,"max_hp_loss":0,"event_name":"MindBloom","floor":39,"gold_loss":0},{"cards_removed":["Neutralize"],"damage_healed":0,"gold_gain":0,"player_choice":"Removed Attack","damage_taken":0,"max_hp_gain":0,"max_hp_loss":0,"event_name":"Falling","floor":47,"gold_loss":0}],"is_beta":false,"boss_relics":[{"not_picked":["Empty Cage","Runic Dome"],"picked":"Astrolabe"},{"not_picked":["HoveringKite","WristBlade"],"picked":"Runic Pyramid"}],"items_purged_floors":[30],"is_endless":false,"potions_floor_spawned":[1,4,6,7,16,23,27,38,42,44,46],"ascension_level":0}