{"gold_per_floor":[110,110,60,70,88,88,116,133,206,225,225,225,257,270,270,371,371,296,296,308,320,339,339,370,370,370,402,416,79,79,95,95,200,500,512,512,512,144,144,144,162,262,262,262,281,107,107,124,124,124],"floor_reached":51,"playtime":2293,"items_purged":["Strike_G","Shame","Strike_G"],"score":1140,"play_id":"5df0004b-ab1c-45b0-b901-c233e655b797","local_time":"20190317144423","is_ascension_mode":true,"campfire_choices":[{"data":"Bouncing Flask","floor":6.0,"key":"SMITH"},{"data":"Noxious Fumes","floor":12.0,"key":"SMITH"},{"data":"Footwork","floor":15.0,"key":"SMITH"},{"data":"Footwork","floor":23,"key":"SMITH"},{"data":"Catalyst","floor":25,"key":"SMITH"},{"floor":30,"key":"REST"},{"data":"Footwork","floor":32,"key":"SMITH"},{"data":"Noxious Fumes","floor":40,"key":"SMITH"},{"data":"Crippling Poison","floor":44,"key":"SMITH"},{"data":"Leg Sweep","floor":47,"key":"SMITH"},{"data":"Backflip","floor":49,"key":"SMITH"}],"neow_cost":"NONE","seed_source_timestamp":4023467481836,"circlet_count":0,"master_deck":["Defend_G","Defend_G+1","Defend_G","Defend_G+1","Defend_G","Strike_G","Survivor","Neutralize+1","Backflip+1","Bouncing Flask+1","Catalyst+1","Crippling Poison+1","Leg Sweep+1","Deadly Poison","Noxious Fumes+1","Footwork+1","Bouncing Flask","Crippling Poison+1","Crippling Poison+1","Footwork+1","Blur+1","Deflect+1","Footwork+1","PiercingWail","Noxious Fumes+1","PiercingWail","PiercingWail+1","Caltrops+1"],"special_seed":0,"relics":["Ring of the Snake","Prayer Wheel","Meat on the Bone","Ancient Tea Set","WristBlade","Omamori","Sundial","Red Mask","Mummified Hand","Calling Bell","War Paint","Matryoshka","Old Coin","Bronze Scales","Bird Faced Urn","Centennial Puzzle","Pantograph"],"potions_floor_usage":[24,48,50,50,50],"damage_taken":[{"damage":0.0,"enemies":"2 Louse","floor":1.0,"turns":5.0},{"damage":0.0,"enemies":"Jaw Worm","floor":4.0,"turns":5.0},{"damage":0.0,"enemies":"Small Slimes","floor":5.0,"turns":5.0},{"damage":20.0,"enemies":"Gremlin Nob","floor":7.0,"turns":4.0},{"damage":0.0,"enemies":"Exordium Wildlife","floor":8.0,"turns":6.0},{"damage":1.0,"enemies":"Looter","floor":10.0,"turns":4.0},{"damage":17.0,"enemies":"3 Sentries","floor":13.0,"turns":10.0},{"damage":0.0,"enemies":"2 Fungi Beasts","floor":14.0,"turns":4.0},{"damage":39.0,"enemies":"Slime Boss","floor":16.0,"turns":12.0},{"damage":5.0,"enemies":"2 Thieves","floor":18.0,"turns":5.0},{"damage":0.0,"enemies":"Shell Parasite","floor":20.0,"turns":5.0},{"damage":4.0,"enemies":"Cultist and Chosen","floor":21.0,"turns":8.0},{"damage":17,"enemies":"Chosen and Byrds","floor":22,"turns":7},{"damage":11,"enemies":"Slavers","floor":24,"turns":7},{"damage":20,"enemies":"Masked Bandits","floor":27,"turns":7},{"damage":13,"enemies":"Shelled Parasite and Fungi","floor":28,"turns":7},{"damage":0,"enemies":"Snake Plant","floor":31,"turns":4},{"damage":0,"enemies":"Champ","floor":33,"turns":7},{"damage":13,"enemies":"3 Darklings","floor":35,"turns":10},{"damage":0,"enemies":"3 Shapes","floor":41,"turns":3},{"damage":0,"enemies":"Mind Bloom Boss Battle","floor":42,"turns":6},{"damage":1,"enemies":"Jaw Worm Horde","floor":45,"turns":4},{"damage":4,"enemies":"Sphere and 2 Shapes","floor":48,"turns":4},{"damage":34,"enemies":"Donu and Deca","floor":50,"turns":7}],"seed_played":"-4300601526773885387","potions_obtained":[{"floor":5.0,"key":"SteroidPotion"},{"floor":8.0,"key":"Poison Potion"},{"floor":10.0,"key":"SpeedPotion"},{"floor":16.0,"key":"AttackPotion"},{"floor":20.0,"key":"PowerPotion"},{"floor":24,"key":"Energy Potion"},{"floor":27,"key":"Explosive Potion"},{"floor":48,"key":"FearPotion"}],"is_trial":false,"path_per_floor":["M","?","?","M","M","R","E","M","T","M","?","R","E","M","R","B",null,"M","?","M","M","M","R","E","R","T","?","M","$","R","M","R","B",null,"M","?","?","$","?","R","M","?","T","R","M","$","R","M","R","B",null],"character_chosen":"THE_SILENT","items_purchased":["Mummified Hand","Noxious Fumes","Bronze Scales","Dexterity Potion","Block Potion"],"campfire_rested":1,"item_purchase_floors":[29,38,38,38,46],"current_hp_per_floor":[70,55,55,55,55,55,35,35,35,46,46,46,41,41,41,14,61,56,56,56,52,47,47,48,48,48,40,39,39,62,62,62,62,73,60,60,60,60,60,60,60,60,60,60,67,67,67,73,73,47],"gold":124,"neow_bonus":"TEN_PERCENT_HP_BONUS","is_prod":false,"is_daily":false,"chose_seed":false,"campfire_upgraded":10,"win_rate":0,"timestamp":1552805063,"path_taken":["M","?","?","M","M","R","E","M","T","M","?","R","E","?","R","BOSS","M","?","M","?","M","R","E","R","T","?","M","$","R","M","R","BOSS","M","?","?","$","?","R","M","?","T","R","M","$","R","M","R","BOSS"],"build_version":"2019-01-23","purchased_purges":3,"victory":true,"max_hp_per_floor":[77,77,77,77,77,77,77,77,77,77,77,77,77,77,77,77,77,77,77,77,77,77,77,77,77,77,77,77,77,77,77,77,77,77,77,77,77,77,77,77,77,77,77,77,77,77,77,77,77,77],"card_choices":[{"not_picked":["Concentrate","Slice"],"picked":"Backflip","floor":1.0},{"not_picked":["Flying Knee","Slice"],"picked":"Bouncing Flask","floor":4.0},{"not_picked":["Heel Hook","Deflect"],"picked":"Catalyst","floor":5.0},{"not_picked":["Infinite Blades","Dash"],"picked":"Crippling Poison","floor":7.0},{"not_picked":["Underhanded Strike","Dagger Throw"],"picked":"Leg Sweep","floor":8.0},{"not_picked":["Cloak And Dagger","Bane","Outmaneuver"],"picked":"SKIP","floor":8.0},{"not_picked":["Backflip","Terror"],"picked":"Deadly Poison","floor":10.0},{"not_picked":["Infinite Blades","Deflect"],"picked":"Noxious Fumes","floor":10.0},{"not_picked":["Outmaneuver","Blade Dance","Quick Slash"],"picked":"SKIP","floor":13.0},{"not_picked":["Dodge and Roll","Corpse Explosion"],"picked":"Footwork","floor":14.0},{"not_picked":["Dodge and Roll","Dagger Spray","Eviscerate"],"picked":"SKIP","floor":14.0},{"not_picked":["Flechettes","Bane+1"],"picked":"Bouncing Flask","floor":18.0},{"not_picked":["Bane","Backstab","Flying Knee"],"picked":"SKIP","floor":18.0},{"not_picked":["Prepared","Bullet Time"],"picked":"Crippling Poison","floor":20.0},{"not_picked":["Dagger Throw+1","Expertise"],"picked":"Crippling Poison","floor":20.0},{"not_picked":["Bane","Deflect"],"picked":"Footwork","floor":21.0},{"not_picked":["Blade Dance","Backflip"],"picked":"Blur+1","floor":21.0},{"not_picked":["Reflex","Bane"],"picked":"Deflect+1","floor":22},{"not_picked":["Dagger Throw+1","Deflect","Dash"],"picked":"SKIP","floor":22},{"not_picked":["Cloak And Dagger","Backflip","Quick Slash"],"picked":"SKIP","floor":24},{"not_picked":["Underhanded Strike","Expertise"],"picked":"Footwork","floor":27},{"not_picked":["Endless Agony","Crippling Poison"],"picked":"PiercingWail","floor":28},{"not_picked":["Reflex","Bane+1","Venomology"],"picked":"SKIP","floor":28},{"not_picked":["All Out Attack","Outmaneuver","Poisoned Stab"],"picked":"SKIP","floor":31},{"not_picked":["Crippling Poison","Choke+1","Deadly Poison+1"],"picked":"SKIP","floor":31},{"not_picked":["Flying Knee","Masterful Stab","Bouncing Flask+1"],"picked":"SKIP","floor":35},{"not_picked":["Slice","Skewer","Cloak And Dagger"],"picked":"SKIP","floor":35},{"not_picked":["Dash+1","Deflect","Slice+1"],"picked":"SKIP","floor":41},{"not_picked":["Quick Slash","Bane","Dagger Spray"],"picked":"SKIP","floor":41},{"not_picked":["Backstab","Blade Dance"],"picked":"PiercingWail","floor":42},{"not_picked":["Prepared+1","Terror"],"picked":"PiercingWail+1","floor":45},{"not_picked":["Prepared+1","Poisoned Stab","Endless Agony+1"],"picked":"SKIP","floor":45},{"not_picked":["Doppelganger","Deflect"],"picked":"Caltrops+1","floor":48},{"not_picked":["Dodge and Roll+1","Acrobatics+1","Terror+1"],"picked":"SKIP","floor":48}],"player_experience":346442,"relics_obtained":[{"floor":7.0,"key":"Prayer Wheel"},{"floor":9.0,"key":"Meat on the Bone"},{"floor":13.0,"key":"Ancient Tea Set"},{"floor":24,"key":"Omamori"},{"floor":26,"key":"Sundial"},{"floor":27,"key":"Red Mask"},{"floor":34,"key":"War Paint"},{"floor":34,"key":"Matryoshka"},{"floor":34,"key":"Old Coin"},{"floor":42,"key":"Bird Faced Urn"},{"floor":43,"key":"Centennial Puzzle"},{"floor":43,"key":"Pantograph"}],"event_choices":[{"damage_healed":0.0,"max_hp_gain":0.0,"max_hp_loss":0.0,"gold_gain":0.0,"event_name":"Shining Light","player_choice":"Entered Light","floor":2.0,"gold_loss":0.0,"damage_taken":15.0,"cards_upgraded":["Defend_G","Neutralize"]},{"cards_removed":["Strike_G"],"damage_healed":0.0,"max_hp_gain":0.0,"max_hp_loss":0.0,"gold_gain":0.0,"event_name":"The Cleric","player_choice":"Card Removal","floor":3.0,"gold_loss":50.0,"damage_taken":0.0},{"damage_healed":0.0,"max_hp_gain":0.0,"max_hp_loss":0.0,"gold_gain":0.0,"event_name":"Liars Game","player_choice":"Ignored","floor":11.0,"gold_loss":0.0,"damage_taken":0.0},{"damage_healed":0.0,"max_hp_gain":0.0,"max_hp_loss":0.0,"gold_gain":0.0,"event_name":"Accursed Blacksmith","player_choice":"Forge","floor":19.0,"gold_loss":0.0,"damage_taken":0.0,"cards_upgraded":["Crippling Poison"]},{"damage_healed":0,"gold_gain":0,"player_choice":"Fought Bandits","damage_taken":0,"max_hp_gain":0,"max_hp_loss":0,"event_name":"Masked Bandits","floor":27,"gold_loss":0},{"cards_removed":["Strike_G"],"damage_healed":0,"gold_gain":0,"player_choice":"Removed Attack","damage_taken":0,"max_hp_gain":0,"max_hp_loss":0,"event_name":"Falling","floor":36,"gold_loss":0},{"damage_healed":0,"gold_gain":0,"player_choice":"Memory 1","damage_taken":0,"max_hp_gain":0,"max_hp_loss":0,"event_name":"SensoryStone","floor":37,"gold_loss":0},{"damage_healed":0,"gold_gain":0,"player_choice":"Ignored","damage_taken":0,"max_hp_gain":0,"max_hp_loss":0,"event_name":"Mysterious Sphere","floor":39,"gold_loss":0},{"damage_healed":0,"gold_gain":0,"player_choice":"Fight","damage_taken":0,"max_hp_gain":0,"max_hp_loss":0,"event_name":"MindBloom","floor":42,"gold_loss":0}],"is_beta":false,"boss_relics":[{"not_picked":["Runic Pyramid","Runic Dome"],"picked":"WristBlade"},{"not_picked":["Philosopher\u0027s Stone","Ring of the Serpent"],"picked":"Calling Bell"}],"items_purged_floors":[29,38,46],"is_endless":false,"potions_floor_spawned":[5,8,10,16,20,24,27,28,31,33,48],"ascension_level":9}