{"gold_per_floor":[111,111,86,86,36,67,87,87,136,136,153,153,153,163,163,258,258,270,142,173,173,186,186,186,206,206,206,206,47,47,57,57,160,160,174,187,187],"floor_reached":37,"playtime":1509,"items_purged":[],"score":532,"play_id":"acced021-7ee8-4031-8216-c08eda78e133","local_time":"20190328020718","is_ascension_mode":true,"campfire_choices":[{"data":"Searing Blow","floor":8.0,"key":"SMITH"},{"data":"Searing Blow+1","floor":10.0,"key":"SMITH"},{"data":"Searing Blow+2","floor":13,"key":"SMITH"},{"floor":15,"key":"REST"},{"data":"Searing Blow+3","floor":23,"key":"SMITH"},{"data":"Searing Blow+4","floor":27,"key":"SMITH"},{"data":"Searing Blow+5","floor":28,"key":"SMITH"},{"data":"Searing Blow+7","floor":32,"key":"SMITH"}],"neow_cost":"NONE","seed_source_timestamp":62230884917553,"circlet_count":0,"master_deck":["Defend_R","Defend_R","Defend_R","Bash","Inflame","Headbutt","Searing Blow+8","Metallicize","Dropkick","Headbutt","Reaper","Regret","Body Slam+1","Flame Barrier","Shrug It Off","Ghostly Armor+1","Bite+1","Bite+1","Bite+1","Bite+1","Bite+1","Seeing Red","Double Tap","Armaments","Impervious","Pommel Strike+1","Battle Trance+1"],"special_seed":0,"relics":["Black Blood","Omamori","Mercury Hourglass","WingedGreaves","Lantern","Calling Bell","Art of War","Molten Egg 2","Ice Cream","Red Mask","Thread and Needle"],"potions_floor_usage":[16,20,35],"damage_taken":[{"damage":4.0,"enemies":"2 Louse","floor":1.0,"turns":3.0},{"damage":40.0,"enemies":"Lagavulin","floor":6.0,"turns":6.0},{"damage":1.0,"enemies":"Cultist","floor":7.0,"turns":3.0},{"damage":2,"enemies":"Small Slimes","floor":11,"turns":3},{"damage":3,"enemies":"Blue Slaver","floor":14,"turns":2},{"damage":48,"enemies":"The Guardian","floor":16,"turns":9},{"damage":8,"enemies":"Spheric Guardian","floor":18,"turns":3},{"damage":43,"enemies":"Masked Bandits","floor":20,"turns":4},{"damage":12,"enemies":"2 Thieves","floor":22,"turns":4},{"damage":16,"enemies":"Snake Plant","floor":25,"turns":3},{"damage":1,"enemies":"Snecko","floor":31,"turns":4},{"damage":57,"enemies":"Collector","floor":33,"turns":7},{"damage":44,"enemies":"3 Darklings","floor":35,"turns":9},{"damage":0,"enemies":"Orb Walker","floor":36,"turns":2},{"damage":85,"enemies":"Transient","floor":37,"turns":5}],"seed_played":"8980080826905526253","potions_obtained":[{"floor":1.0,"key":"Strength Potion"},{"floor":11,"key":"Weak Potion"},{"floor":14,"key":"Explosive Potion"},{"floor":20,"key":"GamblersBrew"},{"floor":22,"key":"Dexterity Potion"}],"is_trial":false,"path_per_floor":["M","?","$","?","?","E","M","R","T","R","M","?","R","M","R","B",null,"M","$","?","?","M","R","?","M","T","R","R","$","?","M","R","B",null,"M","M","M"],"character_chosen":"IRONCLAD","items_purchased":["Headbutt","Flame Barrier","Shrug It Off","Double Tap"],"campfire_rested":1,"item_purchase_floors":[3,19,19,29],"current_hp_per_floor":[74,74,74,71,71,37,42,42,42,42,46,39,39,42,66,24,66,64,64,41,41,50,50,50,52,52,52,52,52,52,56,56,28,49,30,43,0],"gold":187,"neow_bonus":"RANDOM_COMMON_RELIC","is_prod":false,"is_daily":false,"chose_seed":false,"campfire_upgraded":7,"win_rate":0,"timestamp":1553735238,"path_taken":["M","?","$","?","?","E","M","R","T","R","?","?","R","M","R","BOSS","M","$","?","?","?","R","?","M","T","R","R","$","?","M","R","BOSS","M","M","M"],"build_version":"2019-01-23","purchased_purges":0,"victory":false,"max_hp_per_floor":[80,80,80,80,80,80,80,80,80,80,80,80,80,80,80,80,80,80,80,80,56,56,56,56,56,56,56,56,56,56,56,56,56,56,56,56,56],"card_choices":[{"not_picked":["Twin Strike","Perfected Strike"],"picked":"Inflame","floor":1.0},{"not_picked":["Juggernaut","Headbutt"],"picked":"Searing Blow","floor":6.0},{"not_picked":["Clothesline","Clash"],"picked":"Metallicize","floor":7.0},{"not_picked":["Wild Strike","Sentinel"],"picked":"Dropkick","floor":11},{"not_picked":["Thunderclap","Flex"],"picked":"Headbutt","floor":14},{"not_picked":["Juggernaut","Barricade"],"picked":"Reaper","floor":16},{"not_picked":["Second Wind","Flex"],"picked":"Body Slam+1","floor":18},{"not_picked":["Combust+1","Pommel Strike+1"],"picked":"Ghostly Armor+1","floor":20},{"not_picked":["Body Slam+1","Cleave+1"],"picked":"Seeing Red","floor":22},{"not_picked":["Clash+1","Heavy Blade+1","Body Slam+1"],"picked":"SKIP","floor":25},{"not_picked":["Clash+1","Carnage+1"],"picked":"Armaments","floor":31},{"not_picked":["Fiend Fire+1","Double Tap"],"picked":"Impervious","floor":33},{"not_picked":["Searing Blow+1","Sword Boomerang+1"],"picked":"Pommel Strike+1","floor":35},{"not_picked":["Intimidate+1","Cleave+1"],"picked":"Battle Trance+1","floor":36}],"player_experience":422732,"relics_obtained":[{"floor":6.0,"key":"WingedGreaves"},{"floor":9.0,"key":"Lantern"},{"floor":17,"key":"Art of War"},{"floor":17,"key":"Molten Egg 2"},{"floor":17,"key":"Ice Cream"},{"floor":20,"key":"Red Mask"},{"floor":26,"key":"Thread and Needle"}],"event_choices":[{"cards_removed":["Strike_R"],"damage_healed":0.0,"max_hp_gain":0.0,"max_hp_loss":0.0,"gold_gain":0.0,"event_name":"Purifier","player_choice":"Purged","floor":2.0,"gold_loss":0.0,"damage_taken":0.0},{"damage_healed":0.0,"max_hp_gain":0.0,"max_hp_loss":0.0,"gold_gain":0.0,"event_name":"Scrap Ooze","player_choice":"Success","floor":4.0,"gold_loss":0.0,"damage_taken":3.0,"relics_obtained":["Mercury Hourglass"]},{"cards_removed":["Strike_R"],"damage_healed":0.0,"max_hp_gain":0.0,"max_hp_loss":0.0,"gold_gain":0.0,"event_name":"The Cleric","player_choice":"Card Removal","floor":5.0,"gold_loss":50.0,"damage_taken":0.0},{"cards_removed":["Defend_R"],"damage_healed":0,"gold_gain":0,"player_choice":"Card Removal","damage_taken":7,"max_hp_gain":0,"max_hp_loss":0,"event_name":"Golden Wing","floor":12,"gold_loss":0},{"damage_healed":0,"gold_gain":0,"player_choice":"Fought Bandits","damage_taken":0,"max_hp_gain":0,"max_hp_loss":0,"event_name":"Masked Bandits","floor":20,"gold_loss":0},{"damage_healed":0,"gold_gain":0,"player_choice":"Became a vampire","damage_taken":0,"max_hp_gain":0,"max_hp_loss":24,"event_name":"Vampires","floor":21,"gold_loss":0,"cards_obtained":["Bite","Bite","Bite","Bite","Bite"]},{"damage_healed":0,"gold_gain":0,"player_choice":"Ignored","damage_taken":0,"max_hp_gain":0,"max_hp_loss":0,"event_name":"The Mausoleum","floor":24,"gold_loss":0},{"damage_healed":0,"gold_gain":0,"player_choice":"Forge","damage_taken":0,"max_hp_gain":0,"max_hp_loss":0,"event_name":"Accursed Blacksmith","floor":30,"gold_loss":0,"cards_upgraded":["Searing Blow"]}],"is_beta":false,"boss_relics":[{"not_picked":["Coffee Dripper","Sozu"],"picked":"Calling Bell"},{"not_picked":["Philosopher\u0027s Stone","Black Star"],"picked":"Black Blood"}],"items_purged_floors":[],"is_endless":false,"potions_floor_spawned":[1,11,14,20,22,25,33],"killed_by":"Transient","ascension_level":6}