{"gold_per_floor":[117,217,232,247,257,257,57,84,84,13,13,45,45,45,45,150,150,165,0,10,10,21,53,72,72,72,37,64,64,64,78,78,182,182,196,196,196],"floor_reached":38,"playtime":1675,"items_purged":[],"score":645,"play_id":"c5b4e59e-3438-42db-859b-35f9734adfbe","local_time":"20190323212811","is_ascension_mode":false,"campfire_choices":[{"data":"Skewer","floor":6.0,"key":"SMITH"},{"data":"Doppelganger","floor":11.0,"key":"SMITH"},{"floor":15.0,"key":"REST"},{"floor":25.0,"key":"REST"},{"floor":29.0,"key":"REST"},{"floor":32.0,"key":"REST"}],"neow_cost":"NONE","seed_source_timestamp":332258033621348,"circlet_count":0,"master_deck":["Defend_G","Defend_G","Defend_G","Defend_G","Defend_G","Strike_G","Strike_G","Strike_G","Strike_G","Strike_G","Survivor","Neutralize","Skewer+1","Calculated Gamble","Doppelganger+1","Prepared","Reflex","Skewer","Flying Knee","Tools of the Trade","Backstab+1","Well Laid Plans","Backflip","Flying Knee","Concentrate","Flying Knee","Terror","Phantasmal Killer"],"special_seed":0,"relics":["Ring of the Snake","Chemical X","Meat on the Bone","Dodecahedron","Blue Candle","Lizard Tail","Vajra","Happy Flower","Sundial","Snecko Eye"],"potions_floor_usage":[37],"damage_taken":[{"damage":0.0,"enemies":"Small Slimes","floor":1.0,"turns":5.0},{"damage":0.0,"enemies":"Cultist","floor":3.0,"turns":4.0},{"damage":0.0,"enemies":"2 Louse","floor":4.0,"turns":2.0},{"damage":0.0,"enemies":"Looter","floor":5.0,"turns":4.0},{"damage":8.0,"enemies":"Lagavulin","floor":8.0,"turns":3.0},{"damage":16.0,"enemies":"Gremlin Nob","floor":12.0,"turns":3.0},{"damage":19.0,"enemies":"The Guardian","floor":16.0,"turns":8.0},{"damage":5.0,"enemies":"2 Thieves","floor":18.0,"turns":3.0},{"damage":0.0,"enemies":"Chosen","floor":20.0,"turns":4.0},{"damage":13.0,"enemies":"Centurion and Healer","floor":22.0,"turns":3.0},{"damage":0.0,"enemies":"Gremlin Leader","floor":23.0,"turns":4.0},{"damage":0.0,"enemies":"Chosen and Byrds","floor":24.0,"turns":4.0},{"damage":36.0,"enemies":"Book of Stabbing","floor":28.0,"turns":5.0},{"damage":6.0,"enemies":"Cultist and Chosen","floor":31.0,"turns":3.0},{"damage":44.0,"enemies":"Automaton","floor":33.0,"turns":6.0},{"damage":16.0,"enemies":"3 Darklings","floor":35.0,"turns":6.0},{"damage":60,"enemies":"Time Eater","floor":37,"turns":5}],"seed_played":"7192156919832103985","potions_obtained":[{"floor":3.0,"key":"Strength Potion"},{"floor":8.0,"key":"Regen Potion"},{"floor":16.0,"key":"Dexterity Potion"},{"floor":23.0,"key":"Strength Potion"}],"is_trial":false,"path_per_floor":["M","?","M","M","M","R","$","E","T","$","R","E","?","$","R","B",null,"M","?","M","?","M","E","M","R","T","$","E","R","$","M","R","B",null,"M","?","B",null],"character_chosen":"THE_SILENT","items_purchased":["Chemical X","Skewer","Concentrate"],"campfire_rested":4,"item_purchase_floors":[7,10,27],"current_hp_per_floor":[77,77,77,77,77,77,77,69,69,69,69,53,53,53,76,57,77,72,72,72,65,52,52,52,75,75,75,48,71,71,65,77,45,77,61,61,13],"gold":196,"neow_bonus":"TEN_PERCENT_HP_BONUS","is_prod":false,"is_daily":false,"chose_seed":false,"campfire_upgraded":2,"win_rate":0.0,"timestamp":1553372891,"path_taken":["M","?","?","?","M","R","?","E","T","$","R","E","?","$","R","BOSS","M","?","M","?","?","E","M","R","T","$","E","R","$","M","R","BOSS","M","?","BOSS"],"build_version":"2019-01-23","purchased_purges":0,"victory":true,"max_hp_per_floor":[77,77,77,77,77,77,77,77,77,77,77,77,77,77,77,77,77,77,77,77,77,77,77,77,77,77,77,77,77,77,77,77,77,77,77,77,77],"card_choices":[{"not_picked":["Deadly Poison","Cloak And Dagger"],"picked":"Skewer","floor":1.0},{"not_picked":["PiercingWail","Acrobatics"],"picked":"Calculated Gamble","floor":3.0},{"not_picked":["Deflect","Cloak And Dagger"],"picked":"Doppelganger","floor":4.0},{"not_picked":["Backflip","Setup"],"picked":"Prepared","floor":5.0},{"not_picked":["Cloak And Dagger","Deflect"],"picked":"Reflex","floor":8.0},{"not_picked":["Flechettes","Riddle With Holes"],"picked":"Flying Knee","floor":12.0},{"not_picked":["Burst","After Image"],"picked":"Tools of the Trade","floor":16.0},{"not_picked":["Choke","Predator+1"],"picked":"Backstab+1","floor":18.0},{"not_picked":["Blade Dance","Bouncing Flask+1"],"picked":"Well Laid Plans","floor":20.0},{"not_picked":["Dodge and Roll","Dagger Spray+1"],"picked":"Backflip","floor":22.0},{"not_picked":["Poisoned Stab","Skewer","Endless Agony+1"],"picked":"SKIP","floor":23.0},{"not_picked":["Prepared","Acrobatics"],"picked":"Flying Knee","floor":24.0},{"not_picked":["Slice","Prepared"],"picked":"Flying Knee","floor":28.0},{"not_picked":["Setup","Finisher"],"picked":"Terror","floor":31.0},{"not_picked":["Burst","A Thousand Cuts"],"picked":"Phantasmal Killer","floor":33.0},{"not_picked":["Deadly Poison+1","Dagger Spray","Quick Slash"],"picked":"SKIP","floor":35.0}],"player_experience":381081,"relics_obtained":[{"floor":8.0,"key":"Meat on the Bone"},{"floor":9.0,"key":"Dodecahedron"},{"floor":12.0,"key":"Blue Candle"},{"floor":23.0,"key":"Vajra"},{"floor":26.0,"key":"Happy Flower"},{"floor":28.0,"key":"Sundial"}],"event_choices":[{"damage_healed":0.0,"max_hp_gain":0.0,"max_hp_loss":0.0,"gold_gain":100.0,"event_name":"Golden Shrine","player_choice":"Pray","floor":2.0,"gold_loss":0.0,"damage_taken":0.0},{"damage_healed":0.0,"max_hp_gain":0.0,"max_hp_loss":0.0,"gold_gain":0.0,"event_name":"Dead Adventurer","player_choice":"Searched \u00271\u0027 times","floor":13.0,"gold_loss":0.0,"damage_taken":0.0},{"damage_healed":0.0,"max_hp_gain":0.0,"max_hp_loss":0.0,"gold_gain":0.0,"event_name":"Masked Bandits","player_choice":"Paid Fearfully","floor":19.0,"gold_loss":165.0,"damage_taken":0.0},{"damage_healed":0.0,"max_hp_gain":0.0,"max_hp_loss":0.0,"gold_gain":0.0,"event_name":"Wheel of Change","player_choice":"Damaged","floor":21.0,"gold_loss":0.0,"damage_taken":7.0},{"damage_healed":0.0,"max_hp_gain":0.0,"max_hp_loss":0.0,"gold_gain":0.0,"event_name":"SecretPortal","player_choice":"Took Portal","floor":36.0,"gold_loss":0.0,"damage_taken":0.0}],"is_beta":false,"boss_relics":[{"not_picked":["HoveringKite","WristBlade"],"picked":"Lizard Tail"},{"not_picked":["Pandora\u0027s Box","Orrery"],"picked":"Snecko Eye"}],"items_purged_floors":[],"is_endless":false,"potions_floor_spawned":[3,8,16,18,20,23],"ascension_level":0}