{"gold_per_floor":[116,48,68,83,98,98,110,128,128,160,235,249,249,249,249,352,352,363,363],"floor_reached":19,"playtime":510,"items_purged":[],"score":221,"play_id":"6035146c-097a-4551-8b6b-6dff0ba328e0","local_time":"20190318230406","is_ascension_mode":false,"campfire_choices":[{"data":"Feed","floor":6,"key":"SMITH"},{"data":"Flame Barrier","floor":15,"key":"SMITH"}],"neow_cost":"NONE","seed_source_timestamp":294955843657543,"circlet_count":0,"master_deck":["Bash","Flame Barrier+1","Feed+1","Dropkick","Pummel","Pommel Strike","Headbutt","Headbutt","Flex","Reaper","Evolve","Brutality","Power Through","Hemokinesis","Hemokinesis","Corruption","Flame Barrier","Exhume","Rampage","Perfected Strike"],"relics":["Burning Blood","Potion Belt","Dodecahedron","Pandora\u0027s Box"],"potions_floor_usage":[10,10,10,16],"damage_taken":[{"damage":6,"enemies":"Cultist","floor":1,"turns":3},{"damage":11,"enemies":"Jaw Worm","floor":3,"turns":3},{"damage":5,"enemies":"Small Slimes","floor":4,"turns":4},{"damage":7,"enemies":"2 Fungi Beasts","floor":5,"turns":4},{"damage":21,"enemies":"Gremlin Gang","floor":7,"turns":4},{"damage":0,"enemies":"3 Louse","floor":8,"turns":3},{"damage":0,"enemies":"Gremlin Nob","floor":10,"turns":3},{"damage":0,"enemies":"Exordium Wildlife","floor":12,"turns":2},{"damage":74,"enemies":"Hexaghost","floor":16,"turns":9},{"damage":33,"enemies":"2 Thieves","floor":18,"turns":5},{"damage":20,"enemies":"Shell Parasite","floor":19,"turns":4}],"seed_played":"8729946074450950240","potions_obtained":[{"floor":1,"key":"Weak Potion"},{"floor":7,"key":"Energy Potion"},{"floor":8,"key":"SteroidPotion"},{"floor":12,"key":"SteroidPotion"}],"is_trial":false,"path_per_floor":["M","$","M","M","M","R","M","M","T","E","?","M","?","?","R","B",null,"M","M"],"character_chosen":"IRONCLAD","items_purchased":["Feed"],"campfire_rested":0,"item_purchase_floors":[2],"current_hp_per_floor":[88,88,83,87,89,89,78,88,88,94,83,89,89,89,89,21,102,79,59],"gold":363,"neow_bonus":"TEN_PERCENT_HP_BONUS","is_prod":false,"is_daily":false,"chose_seed":false,"campfire_upgraded":2,"win_rate":0,"timestamp":1552946646,"path_taken":["M","$","?","M","M","R","M","M","T","E","?","M","?","?","R","BOSS","M","?"],"build_version":"2019-01-23","purchased_purges":0,"victory":false,"max_hp_per_floor":[88,88,88,91,94,94,98,102,102,102,102,102,102,102,102,102,102,106,106],"card_choices":[{"not_picked":["Combust","Spot Weakness"],"picked":"Flame Barrier","floor":1},{"not_picked":["Heavy Blade","Iron Wave"],"picked":"Dropkick","floor":3},{"not_picked":["Sever Soul","Iron Wave"],"picked":"Pummel","floor":4},{"not_picked":["Ghostly Armor","Warcry"],"picked":"Pommel Strike","floor":5},{"not_picked":["Flame Barrier","Warcry"],"picked":"Headbutt","floor":7},{"not_picked":["Corruption","Feel No Pain"],"picked":"Headbutt","floor":8},{"not_picked":["Disarm","Feel No Pain"],"picked":"Flex","floor":10},{"not_picked":["Second Wind","Exhume","Rupture"],"picked":"SKIP","floor":12},{"not_picked":["Barricade","Berserk"],"picked":"Reaper","floor":16},{"not_picked":["Warcry+1","Rupture"],"picked":"Perfected Strike","floor":18}],"player_experience":307647,"relics_obtained":[{"floor":9,"key":"Potion Belt"},{"floor":10,"key":"Dodecahedron"}],"event_choices":[{"damage_healed":0,"gold_gain":75,"player_choice":"Gather Gold","damage_taken":11,"max_hp_gain":0,"max_hp_loss":0,"event_name":"World of Goop","floor":11,"gold_loss":0},{"damage_healed":0,"gold_gain":0,"player_choice":"Searched \u00270\u0027 times","damage_taken":0,"max_hp_gain":0,"max_hp_loss":0,"event_name":"Dead Adventurer","floor":13,"gold_loss":0},{"damage_healed":0,"gold_gain":0,"player_choice":"Ignored","damage_taken":0,"max_hp_gain":0,"max_hp_loss":0,"event_name":"Purifier","floor":14,"gold_loss":0}],"is_beta":false,"boss_relics":[{"not_picked":["Velvet Choker","Busted Crown"],"picked":"Pandora\u0027s Box"}],"items_purged_floors":[],"is_endless":false,"potions_floor_spawned":[1,7,8,12],"killed_by":"Shell Parasite","ascension_level":0}