{"gold_per_floor":[110,124,199,199,214,214,239,30,60,60,93,93,93,108,108,204,204,224,238,253,304,319,319,330,330,400,410,45,63,90,189,189,289,289,309,5,19,19,32,32,52,86,86,86,15,30,30,44,44,44],"floor_reached":51,"playtime":2196,"items_purged":["Strike_G","Unload"],"score":973,"play_id":"3d586a2a-c6f6-476f-b9a3-1b7e06577ff8","local_time":"20190313145608","is_ascension_mode":true,"campfire_choices":[{"data":"Crippling Poison","floor":6.0,"key":"SMITH"},{"floor":12.0,"key":"REST"},{"data":"Neutralize","floor":15.0,"key":"SMITH"},{"data":"Survivor","floor":23.0,"key":"SMITH"},{"data":"Masterful Stab","floor":25.0,"key":"SMITH"},{"floor":32,"key":"REST"},{"data":"Choke","floor":40,"key":"SMITH"},{"data":"Dagger Spray","floor":44,"key":"SMITH"},{"data":"Backstab","floor":47,"key":"SMITH"},{"data":"Riddle With Holes","floor":49,"key":"SMITH"}],"neow_cost":"NONE","seed_source_timestamp":9364322221054,"circlet_count":0,"master_deck":["Survivor+1","Dash+1","Dagger Spray+1","Crippling Poison+1","PiercingWail+1","Forethought+1","Distraction+1","Catalyst+1","Adrenaline+1","Choke+1","Night Terror+1","Riddle With Holes+1","Bouncing Flask+1","Backstab+1","Blade Dance+1","Dagger Throw","Masterful Stab+1","Backflip+1","Deflect+1","Deadly Poison+1","PiercingWail+1","Dagger Spray+1","Jack Of All Trades+1","Poisoned Stab+1","Glass Knife+1","Dark Shackles+1","Crippling Poison+1","Catalyst+1","PiercingWail+1","Distraction+1","Concentrate+1","Bane+1"],"special_seed":0,"relics":["Ring of the Snake","NeowsBlessing","Toxic Egg 2","Tiny Chest","Pocketwatch","Bird Faced Urn","Pandora\u0027s Box","Vajra","Molten Egg 2","Regal Pillow","Gambling Chip","Busted Crown","Potion Belt","Lantern","Pantograph"],"potions_floor_usage":[42,50,50,50,50,50,50,50],"damage_taken":[{"damage":0.0,"enemies":"Cultist","floor":1.0,"turns":1.0},{"damage":0.0,"enemies":"Small Slimes","floor":2.0,"turns":1.0},{"damage":0.0,"enemies":"2 Louse","floor":5.0,"turns":1.0},{"damage":7.0,"enemies":"Lagavulin","floor":7.0,"turns":7.0},{"damage":13.0,"enemies":"Gremlin Nob","floor":11.0,"turns":5.0},{"damage":7.0,"enemies":"Blue Slaver","floor":14.0,"turns":3.0},{"damage":5.0,"enemies":"Hexaghost","floor":16.0,"turns":8.0},{"damage":0.0,"enemies":"Spheric Guardian","floor":18.0,"turns":3.0},{"damage":0.0,"enemies":"Shell Parasite","floor":19.0,"turns":2.0},{"damage":10.0,"enemies":"Centurion and Healer","floor":20.0,"turns":4.0},{"damage":10.0,"enemies":"Snake Plant","floor":22.0,"turns":3.0},{"damage":0.0,"enemies":"Chosen and Byrds","floor":24.0,"turns":4.0},{"damage":0.0,"enemies":"Cultist and Chosen","floor":27.0,"turns":4.0},{"damage":1,"enemies":"Snecko","floor":29,"turns":3},{"damage":1,"enemies":"Gremlin Leader","floor":30,"turns":3},{"damage":14,"enemies":"Collector","floor":33,"turns":3},{"damage":8,"enemies":"3 Darklings","floor":35,"turns":3},{"damage":0,"enemies":"Orb Walker","floor":37,"turns":2},{"damage":0,"enemies":"3 Darklings","floor":39,"turns":3},{"damage":3,"enemies":"Jaw Worm Horde","floor":41,"turns":3},{"damage":0,"enemies":"Nemesis","floor":42,"turns":4},{"damage":0,"enemies":"Maw","floor":46,"turns":4},{"damage":19,"enemies":"Writhing Mass","floor":48,"turns":3},{"damage":31,"enemies":"Donu and Deca","floor":50,"turns":6}],"seed_played":"294360661025853913","potions_obtained":[{"floor":1.0,"key":"PowerPotion"},{"floor":5.0,"key":"SpeedPotion"},{"floor":11.0,"key":"SmokeBomb"},{"floor":13.0,"key":"Ancient Potion"},{"floor":13.0,"key":"EntropicBrew"},{"floor":18.0,"key":"LiquidBronze"},{"floor":37,"key":"Fire Potion"},{"floor":42,"key":"FearPotion"},{"floor":48,"key":"SteroidPotion"}],"is_trial":false,"path_per_floor":["M","M","?","?","M","R","E","$","T","T","E","R","?","M","R","B",null,"M","M","M","T","M","R","M","R","T","M","$","M","E","?","R","B",null,"M","$","M","?","M","R","M","E","T","R","$","M","R","M","R","B",null],"character_chosen":"THE_SILENT","items_purchased":["PiercingWail+1","Forethought+1","Regal Pillow","Dagger Spray+1","Jack Of All Trades+1","Dark Shackles+1","Crippling Poison+1","Potion Belt","Concentrate+1"],"campfire_rested":2,"item_purchase_floors":[8,8,28,28,28,36,36,36,45],"current_hp_per_floor":[63,63,52,52,52,52,45,45,45,45,32,53,53,46,46,41,63,63,63,53,53,43,43,43,43,43,43,43,42,41,41,70,56,67,59,59,61,61,61,61,58,60,60,60,60,60,60,41,41,48],"gold":44,"neow_bonus":"THREE_ENEMY_KILL","is_prod":false,"is_daily":false,"chose_seed":false,"campfire_upgraded":8,"win_rate":0,"timestamp":1552460168,"path_taken":["M","?","?","?","M","R","E","$","T","?","E","R","?","M","R","BOSS","M","M","M","?","M","R","M","R","T","M","$","M","E","?","R","BOSS","M","$","M","?","M","R","M","E","T","R","$","M","R","M","R","BOSS"],"build_version":"2019-01-23","purchased_purges":2,"victory":true,"max_hp_per_floor":[70,70,70,70,70,70,70,70,70,70,70,70,70,70,70,70,70,70,70,70,70,70,70,70,70,70,70,70,70,70,70,70,70,70,70,70,70,70,70,70,70,70,70,70,70,70,70,70,70,70],"card_choices":[{"not_picked":["Flechettes","Crippling Poison"],"picked":"Dash","floor":1.0},{"not_picked":["Quick Slash","Blade Dance"],"picked":"Dagger Spray","floor":2.0},{"not_picked":["Dagger Throw","Flying Knee"],"picked":"Crippling Poison","floor":5.0},{"not_picked":["Bane","Dagger Spray","Slice"],"picked":"SKIP","floor":7.0},{"not_picked":["Masterful Stab","Flechettes"],"picked":"Distraction+1","floor":11.0},{"not_picked":["Quick Slash","Flying Knee"],"picked":"Catalyst+1","floor":14.0},{"not_picked":["Burst+1","A Thousand Cuts"],"picked":"Adrenaline+1","floor":16.0},{"not_picked":["Flying Knee","Dash"],"picked":"Backflip+1","floor":18.0},{"not_picked":["Cloak And Dagger+1","Underhanded Strike","Dodge and Roll+1"],"picked":"SKIP","floor":19.0},{"not_picked":["Bane","Accuracy"],"picked":"Deflect+1","floor":20.0},{"not_picked":["Prepared+1","Reflex+1"],"picked":"Deadly Poison+1","floor":22.0},{"not_picked":["Poisoned Stab","Caltrops"],"picked":"PiercingWail+1","floor":24.0},{"not_picked":["Quick Slash+1","Predator+1","Underhanded Strike+1"],"picked":"SKIP","floor":27.0},{"not_picked":["Outmaneuver+1","Deflect+1","Dagger Spray+1"],"picked":"SKIP","floor":29},{"not_picked":["Underhanded Strike+1","Deflect+1"],"picked":"Poisoned Stab+1","floor":30},{"not_picked":["Unload+1","Grand Finale+1"],"picked":"Glass Knife+1","floor":33},{"not_picked":["Blade Dance+1"],"picked":"SKIP","floor":35},{"not_picked":["Eviscerate+1"],"picked":"SKIP","floor":37},{"not_picked":[],"picked":"Catalyst+1","floor":39},{"not_picked":[],"picked":"PiercingWail+1","floor":41},{"not_picked":[],"picked":"Distraction+1","floor":42},{"not_picked":[],"picked":"Bane+1","floor":46},{"not_picked":["Dash+1"],"picked":"SKIP","floor":48}],"player_experience":292927,"relics_obtained":[{"floor":7.0,"key":"Toxic Egg 2"},{"floor":9.0,"key":"Tiny Chest"},{"floor":10.0,"key":"Pocketwatch"},{"floor":11.0,"key":"Bird Faced Urn"},{"floor":21.0,"key":"Vajra"},{"floor":26.0,"key":"Molten Egg 2"},{"floor":30,"key":"Gambling Chip"},{"floor":42,"key":"Lantern"},{"floor":43,"key":"Pantograph"}],"event_choices":[{"damage_healed":0.0,"max_hp_gain":0.0,"max_hp_loss":0.0,"gold_gain":75.0,"event_name":"World of Goop","player_choice":"Gather Gold","floor":3.0,"gold_loss":0.0,"damage_taken":11.0},{"damage_healed":0.0,"max_hp_gain":0.0,"max_hp_loss":0.0,"gold_gain":0.0,"event_name":"Living Wall","player_choice":"Grow","floor":4.0,"gold_loss":0.0,"damage_taken":0.0,"cards_upgraded":["Dash"]},{"damage_healed":0.0,"max_hp_gain":0.0,"max_hp_loss":0.0,"gold_gain":0.0,"event_name":"Lab","player_choice":"Got Potions","floor":13.0,"gold_loss":0.0,"damage_taken":0.0},{"damage_healed":0,"gold_gain":99,"player_choice":"Stole From Cult","damage_taken":0,"max_hp_gain":0,"max_hp_loss":0,"event_name":"Nest","floor":31,"gold_loss":0},{"cards_removed":["Neutralize"],"damage_healed":0,"gold_gain":0,"player_choice":"Removed Attack","damage_taken":0,"max_hp_gain":0,"max_hp_loss":0,"event_name":"Falling","floor":38,"gold_loss":0}],"is_beta":false,"boss_relics":[{"not_picked":["Ring of the Serpent","Philosopher\u0027s Stone"],"picked":"Pandora\u0027s Box"},{"not_picked":["Fusion Hammer","Cursed Key"],"picked":"Busted Crown"}],"items_purged_floors":[8,28],"is_endless":false,"potions_floor_spawned":[1,5,11,14,18,27,30,33,37,42,48],"ascension_level":7}