{"gold_per_floor":[111,124,74,249,249,249,264,264,264,283,4,37,0,11,11,106,106,118,129,129,129,147,147,47,47,47,47,80,80],"floor_reached":29,"playtime":1285,"items_purged":["Strike_G","Doubt"],"score":277,"play_id":"184b2899-b302-4ce4-9190-e25a407ef618","local_time":"20190227171709","is_ascension_mode":true,"campfire_choices":[{"data":"Neutralize","floor":6,"key":"SMITH"},{"data":"Survivor","floor":8,"key":"SMITH"},{"data":"Infinite Blades","floor":15,"key":"SMITH"},{"data":"Corpse Explosion","floor":23,"key":"SMITH"},{"data":"Tools of the Trade","floor":25,"key":"SMITH"},{"data":"Corpse Explosion","floor":27,"key":"SMITH"}],"neow_cost":"NONE","seed_source_timestamp":17024148370239,"circlet_count":0,"master_deck":["Defend_G","Defend_G","Defend_G","Defend_G","Strike_G","Strike_G","Strike_G","Survivor+1","Neutralize+1","Cloak And Dagger","Distraction","PiercingWail","Blur","Deflect","Corpse Explosion+1","Infinite Blades+1","Backflip","Tools of the Trade+1","Deadly Poison+1","Corpse Explosion+1","PiercingWail"],"relics":["Ring of the Snake","NeowsBlessing","StoneCalendar","Juzu Bracelet","Dream Catcher","WristBlade","Orichalcum","Bronze Scales","Ancient Tea Set"],"potions_floor_usage":[22,28,29],"damage_taken":[{"damage":0,"enemies":"Cultist","floor":1,"turns":1},{"damage":0,"enemies":"Small Slimes","floor":2,"turns":1},{"damage":0,"enemies":"Jaw Worm","floor":7,"turns":1},{"damage":13,"enemies":"2 Fungi Beasts","floor":10,"turns":6},{"damage":9,"enemies":"Lagavulin","floor":12,"turns":8},{"damage":0,"enemies":"Looter","floor":13,"turns":5},{"damage":0,"enemies":"3 Louse","floor":14,"turns":2},{"damage":11,"enemies":"The Guardian","floor":16,"turns":18},{"damage":15,"enemies":"Spheric Guardian","floor":18,"turns":6},{"damage":2,"enemies":"Chosen","floor":19,"turns":7},{"damage":6,"enemies":"Snake Plant","floor":22,"turns":5},{"damage":44,"enemies":"Gremlin Leader","floor":28,"turns":7},{"damage":4,"enemies":"Cultist and Chosen","floor":29,"turns":3}],"seed_played":"-8466763291171313970","potions_obtained":[{"floor":1,"key":"LiquidBronze"},{"floor":7,"key":"Dexterity Potion"},{"floor":12,"key":"GhostInAJar"},{"floor":22,"key":"Swift Potion"}],"is_trial":false,"path_per_floor":["M","M","?","?","?","R","M","R","T","M","$","E","M","M","R","B",null,"M","M","?","?","M","R","$","R","T","R","E","M"],"character_chosen":"THE_SILENT","items_purchased":["Juzu Bracelet","Deflect"],"campfire_rested":0,"item_purchase_floors":[11,11],"current_hp_per_floor":[70,70,70,70,70,70,70,70,70,57,57,48,48,48,48,37,70,55,53,53,53,47,47,47,47,47,47,3,0],"gold":80,"neow_bonus":"THREE_ENEMY_KILL","is_prod":false,"is_daily":false,"chose_seed":false,"campfire_upgraded":6,"win_rate":0,"timestamp":1551259029,"path_taken":["M","?","?","?","?","R","?","R","T","M","$","E","M","M","R","BOSS","M","M","?","?","M","R","$","R","T","R","E","M"],"build_version":"2019-01-23","purchased_purges":2,"victory":false,"max_hp_per_floor":[70,70,70,70,70,70,70,70,70,70,70,70,70,70,70,70,70,70,70,70,70,70,70,70,70,70,70,70,70],"card_choices":[{"not_picked":["Flying Knee","Bane"],"picked":"Cloak And Dagger","floor":1},{"not_picked":["Tactician","Concentrate"],"picked":"Distraction","floor":2},{"not_picked":["Acrobatics","Well Laid Plans"],"picked":"PiercingWail","floor":7},{"not_picked":["Finisher","Sucker Punch"],"picked":"Blur","floor":10},{"not_picked":["Masterful Stab","Cloak And Dagger"],"picked":"Corpse Explosion","floor":12},{"not_picked":["Accuracy","Prepared"],"picked":"Infinite Blades","floor":13},{"not_picked":["Dagger Throw","Blade Dance"],"picked":"Backflip","floor":14},{"not_picked":["Unload","Doppelganger"],"picked":"Tools of the Trade","floor":16},{"not_picked":["Masterful Stab","Prepared+1"],"picked":"Deadly Poison+1","floor":18},{"not_picked":["Poisoned Stab","Backstab","Bane"],"picked":"SKIP","floor":19},{"not_picked":["Deflect","Dagger Spray"],"picked":"PiercingWail","floor":22},{"not_picked":["Sucker Punch","Storm of Steel","Outmaneuver"],"picked":"SKIP","floor":28}],"player_experience":207360,"relics_obtained":[{"floor":9,"key":"StoneCalendar"},{"floor":12,"key":"Dream Catcher"},{"floor":26,"key":"Bronze Scales"},{"floor":28,"key":"Ancient Tea Set"}],"event_choices":[{"cards_removed":["Strike_G"],"damage_healed":0,"gold_gain":0,"player_choice":"Card Removal","damage_taken":0,"max_hp_gain":0,"max_hp_loss":0,"event_name":"The Cleric","floor":3,"gold_loss":50},{"damage_healed":0,"gold_gain":175,"player_choice":"AGREE","damage_taken":0,"max_hp_gain":0,"max_hp_loss":0,"event_name":"Liars Game","floor":4,"gold_loss":0,"cards_obtained":["Doubt"]},{"cards_removed":["Defend_G"],"damage_healed":0,"gold_gain":0,"player_choice":"Purged","damage_taken":0,"max_hp_gain":0,"max_hp_loss":0,"event_name":"Purifier","floor":5,"gold_loss":0},{"damage_healed":0,"gold_gain":0,"player_choice":"Copied","damage_taken":0,"max_hp_gain":0,"max_hp_loss":0,"event_name":"Duplicator","floor":20,"gold_loss":0,"cards_obtained":["Corpse Explosion"]},{"damage_healed":0,"gold_gain":0,"player_choice":"Opened","damage_taken":0,"relics_obtained":["Orichalcum"],"max_hp_gain":0,"max_hp_loss":0,"event_name":"The Mausoleum","floor":21,"gold_loss":0}],"is_beta":false,"boss_relics":[{"not_picked":["Calling Bell","Cursed Key"],"picked":"WristBlade"}],"items_purged_floors":[11,24],"is_endless":false,"potions_floor_spawned":[1,7,12,16,22],"killed_by":"Cultist and Chosen","ascension_level":3}