{"gold_per_floor":[110,110,6,56,73,73,135,135,135,135,464,476,639,651,651,751,751,767,736,750,100,111,111,35,35,35,85,135,185,249,262,262,359,409,420,0,50,66,78,107,26,26,53,53,66,66,76,137,137,137],"floor_reached":51,"playtime":2873,"items_purged":["Strike_G","Strike_G"],"score":836,"play_id":"077534ee-35ad-40e6-81ad-979dda031921","local_time":"20190302233620","is_ascension_mode":true,"campfire_choices":[{"data":"Footwork","floor":6.0,"key":"SMITH"},{"data":"Survivor","floor":8.0,"key":"SMITH"},{"data":"Neutralize","floor":10.0,"key":"SMITH"},{"data":"Backflip","floor":15.0,"key":"SMITH"},{"floor":23.0,"key":"REST"},{"data":"Footwork","floor":25.0,"key":"SMITH"},{"data":"Venomology","floor":32.0,"key":"SMITH"},{"floor":42.0,"key":"REST"},{"data":"Noxious Fumes","floor":44.0,"key":"SMITH"},{"floor":49,"key":"REST"}],"neow_cost":"TEN_PERCENT_HP_LOSS","seed_source_timestamp":38622449150930,"circlet_count":0,"master_deck":["Defend_G+1","Defend_G+1","Defend_G+1","Defend_G+1","Defend_G+1","Strike_G+1","Strike_G+1","Strike_G+1","Survivor+1","Neutralize+1","Malaise+1","Cloak And Dagger","Footwork+1","Deadly Poison","Crippling Poison+1","Backflip+1","Venomology+1","PiercingWail","Footwork+1","Blade Dance+1","Envenom","Footwork+1","Decay","Envenom","Noxious Fumes+1","Cloak And Dagger+1","PiercingWail+1","Caltrops","Regret","Blur","Well Laid Plans"],"special_seed":0,"relics":["Ring of the Snake","SsserpentHead","Sundial","Old Coin","Bird Faced Urn","Cursed Key","Potion Belt","Pantograph","Vajra","MutagenicStrength","Tiny House","Red Mask","Pen Nib","Bag of Marbles"],"potions_floor_usage":[47,50,50,50],"damage_taken":[{"damage":11.0,"enemies":"Jaw Worm","floor":1.0,"turns":6.0},{"damage":0.0,"enemies":"Cultist","floor":5.0,"turns":7.0},{"damage":0.0,"enemies":"2 Louse","floor":7.0,"turns":5.0},{"damage":15.0,"enemies":"3 Sentries","floor":11.0,"turns":14.0},{"damage":0.0,"enemies":"Red Slaver","floor":12.0,"turns":4.0},{"damage":15.0,"enemies":"3 Sentries","floor":13.0,"turns":10.0},{"damage":0.0,"enemies":"3 Louse","floor":14.0,"turns":2.0},{"damage":3.0,"enemies":"The Guardian","floor":16.0,"turns":16.0},{"damage":0.0,"enemies":"Chosen","floor":18.0,"turns":7.0},{"damage":13.0,"enemies":"2 Thieves","floor":19.0,"turns":5.0},{"damage":0.0,"enemies":"3 Cultists","floor":20.0,"turns":5.0},{"damage":33.0,"enemies":"Chosen and Byrds","floor":22.0,"turns":10.0},{"damage":0.0,"enemies":"Sentry and Sphere","floor":30.0,"turns":7.0},{"damage":7.0,"enemies":"Centurion and Healer","floor":31.0,"turns":7.0},{"damage":16.0,"enemies":"Champ","floor":33.0,"turns":19.0},{"damage":8.0,"enemies":"3 Shapes","floor":35.0,"turns":4.0},{"damage":23.0,"enemies":"3 Darklings","floor":38.0,"turns":6.0},{"damage":2.0,"enemies":"Jaw Worm Horde","floor":39.0,"turns":6.0},{"damage":56.0,"enemies":"Reptomancer","floor":40.0,"turns":10.0},{"damage":43.0,"enemies":"Transient","floor":45.0,"turns":5.0},{"damage":12,"enemies":"Sphere and 2 Shapes","floor":47,"turns":9},{"damage":3,"enemies":"4 Shapes","floor":48,"turns":7},{"damage":62,"enemies":"Time Eater","floor":50,"turns":15}],"seed_played":"-5637231067653857306","potions_obtained":[{"floor":5.0,"key":"Swift Potion"},{"floor":12.0,"key":"Strength Potion"},{"floor":13.0,"key":"Dexterity Potion"},{"floor":20.0,"key":"Ancient Potion"},{"floor":29.0,"key":"Dexterity Potion"},{"floor":29.0,"key":"FairyPotion"},{"floor":29.0,"key":"SteroidPotion"},{"floor":30.0,"key":"SteroidPotion"},{"floor":33.0,"key":"SkillPotion"},{"floor":34.0,"key":"Regen Potion"},{"floor":38.0,"key":"GhostInAJar"},{"floor":40.0,"key":"EssenceOfSteel"},{"floor":45.0,"key":"Strength Potion"}],"is_trial":false,"path_per_floor":["M","?","$","?","M","R","M","R","T","R","E","M","?","M","R","B",null,"M","M","M","$","M","R","$","R","T","?","?","?","M","M","R","B",null,"M","?","?","M","M","E","$","R","T","R","M","$","M","M","R","B",null],"character_chosen":"THE_SILENT","items_purchased":["Footwork","Potion Belt","Pantograph","Envenom","Footwork","Caltrops"],"campfire_rested":3,"item_purchase_floors":[3,21,21,21,24,41],"current_hp_per_floor":[52,52,52,52,52,52,52,52,52,52,37,37,24,24,24,23,53,55,44,48,48,21,39,39,39,39,39,39,39,47,48,48,47,64,67,67,68,47,55,11,11,31,31,31,6,6,8,15,35,14],"gold":137,"neow_bonus":"THREE_RARE_CARDS","is_prod":false,"is_daily":false,"chose_seed":false,"campfire_upgraded":7,"win_rate":0,"timestamp":1551540980,"path_taken":["M","?","?","?","M","R","?","R","T","R","E","M","?","M","R","BOSS","M","M","M","$","M","R","$","R","T","?","?","?","?","M","R","BOSS","M","?","?","M","M","E","$","R","T","R","M","$","M","?","R","BOSS"],"build_version":"2019-01-23","purchased_purges":2,"victory":true,"max_hp_per_floor":[63,63,63,63,63,63,63,63,63,63,63,63,63,63,63,63,63,63,63,63,63,63,63,63,63,63,63,63,63,63,63,63,63,68,68,68,68,68,68,68,68,68,68,68,68,68,68,68,68,68],"card_choices":[{"not_picked":["Envenom","Unload"],"picked":"Malaise","floor":0.0},{"not_picked":["Choke","Outmaneuver"],"picked":"Cloak And Dagger","floor":1.0},{"not_picked":["Bane","Acrobatics","Prepared"],"picked":"SKIP","floor":5.0},{"not_picked":["Riddle With Holes","Setup"],"picked":"Deadly Poison","floor":7.0},{"not_picked":["Skewer","Finisher"],"picked":"Crippling Poison","floor":11.0},{"not_picked":["Acrobatics","Unload"],"picked":"All Out Attack","floor":12.0},{"not_picked":["Bouncing Flask","Poisoned Stab"],"picked":"Backflip","floor":14.0},{"not_picked":["Phantasmal Killer","Glass Knife"],"picked":"Venomology","floor":16.0},{"not_picked":["Well Laid Plans","Crippling Poison"],"picked":"PiercingWail","floor":18.0},{"not_picked":["Heel Hook","Cloak And Dagger"],"picked":"Footwork+1","floor":19.0},{"not_picked":["Sucker Punch","Well Laid Plans"],"picked":"Blade Dance+1","floor":20.0},{"not_picked":["Sucker Punch","Blade Dance","Dagger Throw"],"picked":"SKIP","floor":22.0},{"not_picked":["Dagger Throw","Prepared","Leg Sweep"],"picked":"SKIP","floor":30.0},{"not_picked":["Acrobatics","Slice","Heel Hook"],"picked":"SKIP","floor":31.0},{"not_picked":["Storm of Steel","Night Terror"],"picked":"Envenom","floor":33.0},{"not_picked":["Poisoned Stab","Backflip"],"picked":"Noxious Fumes","floor":34.0},{"not_picked":["Dagger Spray","Deadly Poison"],"picked":"Cloak And Dagger+1","floor":35.0},{"not_picked":["All Out Attack","Acrobatics+1","Sucker Punch+1"],"picked":"SKIP","floor":38.0},{"not_picked":["Deflect+1","Bane+1"],"picked":"PiercingWail+1","floor":39.0},{"not_picked":["Escape Plan","Dagger Spray+1","Burst"],"picked":"SKIP","floor":40.0},{"not_picked":["Outmaneuver+1","Dagger Throw+1","Underhanded Strike+1"],"picked":"SKIP","floor":45.0},{"not_picked":["Backstab","Poisoned Stab"],"picked":"Blur","floor":47},{"not_picked":["Leg Sweep+1","Setup+1"],"picked":"Well Laid Plans","floor":48}],"player_experience":234382,"relics_obtained":[{"floor":9.0,"key":"Sundial"},{"floor":11.0,"key":"Old Coin"},{"floor":26.0,"key":"Vajra"},{"floor":40.0,"key":"Pen Nib"},{"floor":43.0,"key":"Bag of Marbles"}],"event_choices":[{"damage_healed":0.0,"max_hp_gain":0.0,"max_hp_loss":0.0,"gold_gain":0.0,"event_name":"FaceTrader","player_choice":"Trade","floor":2.0,"gold_loss":0.0,"damage_taken":0.0,"relics_obtained":["SsserpentHead"]},{"damage_healed":0.0,"max_hp_gain":0.0,"max_hp_loss":0.0,"gold_gain":0.0,"event_name":"Upgrade Shrine","player_choice":"Upgraded","floor":4.0,"gold_loss":0.0,"damage_taken":0.0,"cards_upgraded":["Malaise"]},{"damage_healed":0.0,"max_hp_gain":0.0,"max_hp_loss":0.0,"gold_gain":0.0,"event_name":"Dead Adventurer","player_choice":"Searched \u00272\u0027 times","floor":13.0,"gold_loss":0.0,"damage_taken":0.0,"relics_obtained":["Bird Faced Urn"]},{"damage_healed":0.0,"max_hp_gain":0.0,"max_hp_loss":0.0,"gold_gain":0.0,"event_name":"Back to Basics","player_choice":"Simplicity","floor":27.0,"gold_loss":0.0,"damage_taken":0.0,"cards_upgraded":["Defend_G","Defend_G","Defend_G","Defend_G","Defend_G","Strike_G","Strike_G","Strike_G"]},{"damage_healed":0.0,"max_hp_gain":0.0,"max_hp_loss":0.0,"gold_gain":0.0,"event_name":"Drug Dealer","player_choice":"Inject Mutagens","floor":28.0,"gold_loss":0.0,"damage_taken":0.0,"relics_obtained":["MutagenicStrength"]},{"damage_healed":0.0,"max_hp_gain":0.0,"max_hp_loss":0.0,"gold_gain":0.0,"event_name":"Lab","player_choice":"Got Potions","floor":29.0,"gold_loss":0.0,"damage_taken":0.0},{"damage_healed":0.0,"max_hp_gain":0.0,"max_hp_loss":0.0,"gold_gain":0.0,"event_name":"Tomb of Lord Red Mask","player_choice":"Paid","floor":36.0,"gold_loss":470.0,"damage_taken":0.0,"relics_obtained":["Red Mask"]},{"cards_removed":["All Out Attack"],"damage_healed":1.0,"max_hp_gain":0.0,"max_hp_loss":0.0,"gold_gain":0.0,"event_name":"Bonfire Elementals","player_choice":"Offered Uncommon","floor":37.0,"gold_loss":0.0,"damage_taken":0.0}],"is_beta":false,"boss_relics":[{"not_picked":["HoveringKite","Snecko Eye"],"picked":"Cursed Key"},{"not_picked":["Orrery","Astrolabe"],"picked":"Tiny House"}],"items_purged_floors":[3,21],"is_endless":false,"potions_floor_spawned":[5,12,13,19,20,30,33,38,40,45],"ascension_level":5}