{"gold_per_floor":[111,124,199,215,273,14,29,29,29,29,29,45,60,91,91,91],"floor_reached":16,"playtime":1064,"items_purged":["Defend_G"],"score":117,"play_id":"90aad6c6-22a9-42ee-9664-5502f7a739de","local_time":"20190224144304","is_ascension_mode":true,"campfire_choices":[{"data":"Backflip","floor":8.0,"key":"SMITH"},{"data":"Bullet Time","floor":10.0,"key":"SMITH"},{"floor":15,"key":"REST"}],"neow_cost":"NONE","seed_source_timestamp":6809347174567,"circlet_count":0,"master_deck":["Defend_G","Defend_G","Defend_G","Defend_G","Strike_G","Strike_G","Strike_G","Strike_G","Strike_G","Survivor","Neutralize","Underhanded Strike","Bullet Time+1","PiercingWail","Backflip+1","Crippling Poison","Footwork","Sucker Punch","Doppelganger"],"special_seed":0,"relics":["Ring of the Snake","Smiling Mask","Bag of Preparation","Ginger","Ancient Tea Set"],"potions_floor_usage":[14],"damage_taken":[{"damage":0.0,"enemies":"Jaw Worm","floor":1.0,"turns":6.0},{"damage":4.0,"enemies":"Small Slimes","floor":2.0,"turns":4.0},{"damage":0.0,"enemies":"2 Louse","floor":4.0,"turns":3.0},{"damage":2.0,"enemies":"2 Fungi Beasts","floor":7.0,"turns":6.0},{"damage":0,"enemies":"Large Slime","floor":12,"turns":7},{"damage":0,"enemies":"Blue Slaver","floor":13,"turns":5},{"damage":27,"enemies":"3 Sentries","floor":14,"turns":11},{"damage":11,"enemies":"Hexaghost","floor":16,"turns":8}],"seed_played":"-5957822440860066842","potions_obtained":[{"floor":1.0,"key":"SteroidPotion"},{"floor":4.0,"key":"LiquidBronze"},{"floor":7.0,"key":"SneckoOil"}],"is_trial":false,"path_per_floor":["M","M","?","M","?","$","M","R","T","R","?","M","M","E","R","B"],"character_chosen":"THE_SILENT","items_purchased":["Bag of Preparation","Backflip"],"campfire_rested":1,"item_purchase_floors":[6,6],"current_hp_per_floor":[70,66,55,55,55,55,53,53,53,53,35,35,35,8,29,18],"gold":91,"neow_bonus":"RANDOM_COMMON_RELIC","is_prod":false,"is_daily":false,"chose_seed":false,"campfire_upgraded":2,"win_rate":0,"timestamp":1550990584,"path_taken":["M","M","?","M","?","$","M","R","T","R","?","M","M","E","R","BOSS"],"build_version":"2019-01-23","purchased_purges":1,"victory":false,"max_hp_per_floor":[70,70,70,70,70,70,70,70,70,70,70,70,70,70,70,70],"card_choices":[{"not_picked":["Prepared","Expertise"],"picked":"Underhanded Strike","floor":1.0},{"not_picked":["Dagger Spray","Bouncing Flask"],"picked":"Bullet Time","floor":2.0},{"not_picked":["Eviscerate","Riddle With Holes"],"picked":"PiercingWail","floor":4.0},{"not_picked":["Dodge and Roll","Slice"],"picked":"Crippling Poison","floor":7.0},{"not_picked":["Catalyst","Prepared"],"picked":"Footwork","floor":12},{"not_picked":["Setup","Cloak And Dagger"],"picked":"Sucker Punch","floor":13},{"not_picked":["Poisoned Stab","Flying Knee"],"picked":"Doppelganger","floor":14}],"player_experience":178170,"relics_obtained":[{"floor":14,"key":"Ancient Tea Set"}],"event_choices":[{"damage_healed":0.0,"max_hp_gain":0.0,"max_hp_loss":0.0,"gold_gain":75.0,"event_name":"World of Goop","player_choice":"Gather Gold","floor":3.0,"gold_loss":0.0,"damage_taken":11.0},{"damage_healed":0.0,"max_hp_gain":0.0,"max_hp_loss":0.0,"gold_gain":58.0,"event_name":"Golden Wing","player_choice":"Gained Gold","floor":5.0,"gold_loss":0.0,"damage_taken":0.0},{"damage_healed":0.0,"max_hp_gain":0.0,"max_hp_loss":0.0,"gold_gain":0.0,"event_name":"Scrap Ooze","player_choice":"Success","floor":11.0,"gold_loss":0.0,"damage_taken":18.0,"relics_obtained":["Ginger"]}],"is_beta":false,"boss_relics":[],"items_purged_floors":[6],"is_endless":false,"potions_floor_spawned":[1,4,7],"killed_by":"Hexaghost","ascension_level":3}