{"gold_per_floor":[116,116,41,66,166,191,234,234,257,134,134,158,33,63,63,63],"floor_reached":16,"playtime":348,"items_purged":["Injury","Strike_R","Strike_R"],"score":98,"play_id":"07454e6d-96cb-4cf7-997b-7afde1e49347","local_time":"20190317140448","is_ascension_mode":false,"campfire_choices":[{"data":"Whirlwind","floor":8.0,"key":"SMITH"},{"data":"Thunderclap","floor":11.0,"key":"SMITH"},{"data":"Searing Blow","floor":15.0,"key":"SMITH"}],"neow_cost":"PERCENT_DAMAGE","seed_source_timestamp":3552575081298,"circlet_count":0,"master_deck":["Strike_R","Strike_R","Strike_R","Defend_R","Defend_R","Defend_R","Defend_R","Bash","Immolate","Whirlwind+1","Sword Boomerang","Thunderclap","Thunderclap+1","Searing Blow+1"],"special_seed":0,"relics":["Burning Blood","Golden Idol","Boot","Potion Belt","Tiny Chest"],"potions_floor_usage":[16],"damage_taken":[{"damage":1.0,"enemies":"Cultist","floor":1.0,"turns":3.0},{"damage":1.0,"enemies":"2 Louse","floor":4.0,"turns":2.0},{"damage":5.0,"enemies":"Small Slimes","floor":6.0,"turns":2.0},{"damage":22.0,"enemies":"3 Sentries","floor":7.0,"turns":4.0},{"damage":5.0,"enemies":"Looter","floor":12.0,"turns":2.0},{"damage":47,"enemies":"Hexaghost","floor":16,"turns":9}],"seed_played":"4774674726855995137","potions_obtained":[{"floor":4.0,"key":"Poison Potion"},{"floor":6.0,"key":"SpeedPotion"},{"floor":7.0,"key":"Ancient Potion"}],"is_trial":false,"path_per_floor":["M","?","$","M","?","M","E","R","T","$","R","M","$","?","R","B"],"character_chosen":"IRONCLAD","items_purchased":["Thunderclap"],"campfire_rested":0,"item_purchase_floors":[10],"current_hp_per_floor":[61,61,61,66,66,67,51,51,51,51,51,52,52,52,52,5],"gold":63,"neow_bonus":"THREE_RARE_CARDS","is_prod":false,"is_daily":false,"chose_seed":false,"campfire_upgraded":3,"win_rate":0,"timestamp":1552802688,"path_taken":["M","?","$","M","?","M","E","R","T","$","R","?","$","?","R","BOSS"],"build_version":"2019-01-23","purchased_purges":3,"victory":false,"max_hp_per_floor":[80,80,80,80,80,80,80,80,80,80,80,80,80,80,80,80],"card_choices":[{"not_picked":["Berserk","Brutality"],"picked":"Immolate","floor":0.0},{"not_picked":["Iron Wave","Warcry"],"picked":"Whirlwind","floor":1.0},{"not_picked":["Wild Strike","Warcry","Shrug It Off"],"picked":"SKIP","floor":4.0},{"not_picked":["Flex","Carnage"],"picked":"Sword Boomerang","floor":6.0},{"not_picked":["Warcry","Pommel Strike"],"picked":"Thunderclap","floor":7.0},{"not_picked":["Anger","Warcry"],"picked":"Searing Blow","floor":12.0}],"player_experience":346094,"relics_obtained":[{"floor":7.0,"key":"Boot"},{"floor":9.0,"key":"Potion Belt"}],"event_choices":[{"damage_healed":0.0,"max_hp_gain":0.0,"max_hp_loss":0.0,"gold_gain":0.0,"event_name":"Golden Idol","player_choice":"Take Wound","floor":2.0,"gold_loss":0.0,"damage_taken":0.0,"relics_obtained":["Golden Idol"],"cards_obtained":["Injury"]},{"damage_healed":0.0,"max_hp_gain":0.0,"max_hp_loss":0.0,"gold_gain":100.0,"event_name":"Golden Shrine","player_choice":"Pray","floor":5.0,"gold_loss":0.0,"damage_taken":0.0},{"damage_healed":0.0,"max_hp_gain":0.0,"max_hp_loss":0.0,"gold_gain":0.0,"event_name":"Dead Adventurer","player_choice":"Searched \u00271\u0027 times","floor":14.0,"gold_loss":0.0,"damage_taken":0.0,"relics_obtained":["Tiny Chest"]}],"is_beta":false,"boss_relics":[],"items_purged_floors":[3,10,13],"is_endless":false,"potions_floor_spawned":[4,6,7],"killed_by":"Hexaghost","ascension_level":0}