{"gold_per_floor":[109,109,34,49,61,61,61,95,120,135,135,170,170,186,186,186],"floor_reached":16,"playtime":1103,"items_purged":["Strike_R"],"score":116,"play_id":"708eb088-3efd-4f1a-9486-e8ead7cdf0a4","local_time":"20181201104827","is_ascension_mode":true,"campfire_choices":[{"data":"Rage","floor":6,"key":"SMITH"},{"data":"True Grit","floor":11,"key":"SMITH"},{"data":"Bash","floor":13,"key":"SMITH"},{"floor":15,"key":"REST"}],"neow_cost":"TEN_PERCENT_HP_LOSS","seed_source_timestamp":3307704262592,"circlet_count":0,"master_deck":["Strike_R","Strike_R","Strike_R","Strike_R","Defend_R","Defend_R","Defend_R","Defend_R","Bash+1","Limit Break","Bash","Battle Trance","Rage+1","True Grit+1"],"relics":["Burning Blood","Happy Flower","Ancient Tea Set","Bag of Preparation"],"potions_floor_usage":[16,16],"damage_taken":[{"damage":7,"enemies":"Cultist","floor":1,"turns":5},{"damage":6,"enemies":"Jaw Worm","floor":4,"turns":4},{"damage":3,"enemies":"2 Louse","floor":5,"turns":5},{"damage":52,"enemies":"Lagavulin","floor":8,"turns":8},{"damage":5,"enemies":"Looter","floor":10,"turns":3},{"damage":23,"enemies":"Gremlin Nob","floor":12,"turns":5},{"damage":0,"enemies":"Blue Slaver","floor":14,"turns":2},{"damage":38,"enemies":"Hexaghost","floor":16,"turns":10}],"seed_played":"4061144063031982373","potions_obtained":[{"floor":5,"key":"SpeedPotion"},{"floor":8,"key":"SpeedPotion"},{"floor":12,"key":"Poison Potion"},{"floor":14,"key":"Poison Potion"}],"is_trial":false,"path_per_floor":["M","?","$","M","M","R","?","E","T","M","R","E","R","M","R","B"],"character_chosen":"IRONCLAD","items_purchased":[],"campfire_rested":1,"item_purchase_floors":[],"current_hp_per_floor":[71,71,71,71,72,72,72,26,26,27,27,10,10,16,37,0],"gold":186,"neow_bonus":"THREE_RARE_CARDS","is_prod":false,"is_daily":false,"chose_seed":false,"campfire_upgraded":3,"win_rate":0,"timestamp":1543628907,"path_taken":["M","?","$","M","?","R","?","E","T","?","R","E","R","M","R","BOSS"],"build_version":"2018-11-15","purchased_purges":1,"victory":false,"max_hp_per_floor":[72,72,72,72,72,72,72,72,72,72,72,72,72,72,72,72],"card_choices":[{"not_picked":["Bludgeon","Impervious"],"picked":"Limit Break","floor":0},{"not_picked":["Clothesline","Rampage","Burning Pact"],"picked":"SKIP","floor":1},{"not_picked":["Havoc","Armaments"],"picked":"Battle Trance","floor":4},{"not_picked":["Thunderclap","Combust"],"picked":"Rage","floor":5},{"not_picked":["Disarm","Second Wind","Shrug It Off"],"picked":"SKIP","floor":8},{"not_picked":["Metallicize","Corruption"],"picked":"True Grit","floor":10},{"not_picked":["Fire Breathing","Entrench","Clash"],"picked":"SKIP","floor":12},{"not_picked":["Twin Strike","Clash","Clothesline"],"picked":"SKIP","floor":14}],"player_experience":126061,"relics_obtained":[{"floor":8,"key":"Happy Flower"},{"floor":9,"key":"Ancient Tea Set"},{"floor":12,"key":"Bag of Preparation"}],"event_choices":[{"damage_healed":0,"gold_gain":0,"player_choice":"2 cards matched","damage_taken":0,"max_hp_gain":0,"max_hp_loss":0,"event_name":"Match and Keep!","floor":2,"gold_loss":0,"cards_obtained":["Jack Of All Trades","Bash"]},{"damage_healed":0,"gold_gain":0,"player_choice":"2 cards matched","damage_taken":0,"max_hp_gain":0,"max_hp_loss":0,"event_name":"Match and Keep!","floor":2,"gold_loss":0,"cards_obtained":["Jack Of All Trades","Bash"]},{"cards_removed":["Jack Of All Trades"],"damage_healed":0,"gold_gain":0,"player_choice":"Offered Uncommon","damage_taken":0,"max_hp_gain":0,"max_hp_loss":0,"event_name":"Bonfire Elementals","floor":7,"gold_loss":0}],"is_beta":false,"boss_relics":[],"items_purged_floors":[3],"is_endless":false,"potions_floor_spawned":[5,8,12,14],"killed_by":"Hexaghost","ascension_level":1}