{"gold_per_floor":[119,129,143,143,161,161,181,181,207,207,268,268,299,318,318,418,418,436,446,130,130,430,430,458,458,458,458,458,469,469],"floor_reached":30,"playtime":1379,"items_purged":["Strike_G"],"score":363,"play_id":"876a96dc-f283-4411-b6dd-d142d370dee8","local_time":"20190308144834","is_ascension_mode":true,"campfire_choices":[{"floor":6.0,"key":"REST"},{"data":"Envenom","floor":8.0,"key":"SMITH"},{"data":"Cloak And Dagger","floor":10.0,"key":"SMITH"},{"data":"Storm of Steel","floor":12.0,"key":"SMITH"},{"data":"Cloak And Dagger","floor":15.0,"key":"SMITH"},{"data":"Blade Dance","floor":23,"key":"SMITH"},{"floor":25,"key":"REST"}],"neow_cost":"PERCENT_DAMAGE","seed_source_timestamp":4474077527509,"circlet_count":0,"master_deck":["Defend_G","Defend_G","Defend_G","Defend_G","Defend_G","Survivor","Neutralize","Quick Slash","Cloak And Dagger+1","Envenom+1","Blade Dance+1","Finisher","Storm of Steel+1","Blade Dance","Cloak And Dagger+1","Night Terror","Bane","Bane+1","Finesse","Injury","Glass Knife","Regret","Bite","Bite","Bite","Bite","Bite","Storm of Steel+1","Dash+1"],"special_seed":0,"relics":["Ring of the Snake","Ginger","Tiny Chest","Strawberry","Cursed Key","Pen Nib","Old Coin","Regal Pillow","Incense Burner"],"potions_floor_usage":[21,24,30],"damage_taken":[{"damage":0.0,"enemies":"Small Slimes","floor":1.0,"turns":6.0},{"damage":6.0,"enemies":"Cultist","floor":2.0,"turns":5.0},{"damage":0.0,"enemies":"2 Louse","floor":3.0,"turns":4.0},{"damage":2.0,"enemies":"2 Fungi Beasts","floor":5.0,"turns":5.0},{"damage":6.0,"enemies":"Red Slaver","floor":7.0,"turns":4.0},{"damage":2.0,"enemies":"3 Sentries","floor":11.0,"turns":9.0},{"damage":18.0,"enemies":"Gremlin Nob","floor":13.0,"turns":3.0},{"damage":1.0,"enemies":"Exordium Wildlife","floor":14.0,"turns":3.0},{"damage":38,"enemies":"The Guardian","floor":16,"turns":13},{"damage":6,"enemies":"3 Byrds","floor":18,"turns":5},{"damage":0,"enemies":"Spheric Guardian","floor":19,"turns":2},{"damage":0,"enemies":"Snake Plant","floor":21,"turns":1},{"damage":47,"enemies":"Gremlin Leader","floor":24,"turns":6},{"damage":27,"enemies":"3 Cultists","floor":29,"turns":6},{"damage":53,"enemies":"Book of Stabbing","floor":30,"turns":4}],"seed_played":"-2850665924177999537","potions_obtained":[{"floor":1.0,"key":"Swift Potion"},{"floor":5.0,"key":"SteroidPotion"},{"floor":7.0,"key":"SmokeBomb"},{"floor":13.0,"key":"Explosive Potion"},{"floor":16,"key":"SpeedPotion"},{"floor":29,"key":"LiquidBronze"}],"is_trial":false,"path_per_floor":["M","M","M","?","M","R","M","R","T","R","E","R","E","M","R","B",null,"M","M","$","M","T","R","E","R","T","?","?","M","E"],"character_chosen":"THE_SILENT","items_purchased":["Pen Nib","Finesse"],"campfire_rested":2,"item_purchase_floors":[20,20],"current_hp_per_floor":[45,39,39,39,37,58,52,52,52,52,52,52,43,44,44,8,60,56,58,58,60,60,60,15,53,53,53,53,38,0],"gold":469,"neow_bonus":"ONE_RARE_RELIC","is_prod":false,"is_daily":false,"chose_seed":false,"campfire_upgraded":5,"win_rate":0,"timestamp":1552027714,"path_taken":["M","M","M","?","?","R","M","R","T","R","E","R","E","M","R","BOSS","M","M","$","M","?","R","E","R","T","?","?","M","E"],"build_version":"2019-01-23","purchased_purges":1,"victory":false,"max_hp_per_floor":[70,70,70,70,70,70,70,70,70,70,70,70,77,77,77,77,77,77,77,77,77,77,77,77,77,77,77,77,77,77],"card_choices":[{"not_picked":["Skewer","Slice"],"picked":"Quick Slash","floor":1.0},{"not_picked":["Endless Agony","Sucker Punch"],"picked":"Cloak And Dagger","floor":2.0},{"not_picked":["Deadly Poison","Quick Slash"],"picked":"Envenom","floor":3.0},{"not_picked":["Slice","Calculated Gamble"],"picked":"Blade Dance","floor":5.0},{"not_picked":["Outmaneuver","Predator"],"picked":"Finisher","floor":7.0},{"not_picked":["Cloak And Dagger","Sucker Punch"],"picked":"Storm of Steel","floor":11.0},{"not_picked":["Eviscerate","Tactician"],"picked":"Blade Dance","floor":13.0},{"not_picked":["Tactician","Prepared"],"picked":"Cloak And Dagger","floor":14.0},{"not_picked":["Corpse Explosion","Wraith Form v2"],"picked":"Night Terror","floor":16},{"not_picked":["Setup","Sucker Punch+1"],"picked":"Bane","floor":18},{"not_picked":["Cloak And Dagger","Slice"],"picked":"Bane+1","floor":19},{"not_picked":["Night Terror","Prepared"],"picked":"Glass Knife","floor":24},{"not_picked":["Outmaneuver","Bane"],"picked":"Dash+1","floor":29}],"player_experience":256384,"relics_obtained":[{"floor":9.0,"key":"Blood Vial"},{"floor":11.0,"key":"Tiny Chest"},{"floor":13.0,"key":"Strawberry"},{"floor":22,"key":"Old Coin"},{"floor":24,"key":"Regal Pillow"},{"floor":26,"key":"Incense Burner"}],"event_choices":[{"cards_removed":["Strike_G"],"damage_healed":0.0,"max_hp_gain":0.0,"max_hp_loss":0.0,"gold_gain":0.0,"event_name":"Purifier","player_choice":"Purged","floor":4.0,"gold_loss":0.0,"damage_taken":0.0},{"damage_healed":0,"gold_gain":0,"player_choice":"Became a vampire (Vial)","damage_taken":0,"max_hp_gain":0,"max_hp_loss":0,"event_name":"Vampires","floor":27,"relics_lost":["Blood Vial"],"gold_loss":0,"cards_obtained":["Bite","Bite","Bite","Bite","Bite"]},{"damage_healed":0,"gold_gain":0,"player_choice":"Copied","damage_taken":0,"max_hp_gain":0,"max_hp_loss":0,"event_name":"Duplicator","floor":28,"gold_loss":0,"cards_obtained":["Storm of Steel"]}],"is_beta":false,"boss_relics":[{"not_picked":["Black Star","Runic Dome"],"picked":"Cursed Key"}],"items_purged_floors":[20],"is_endless":false,"potions_floor_spawned":[1,5,7,13,16,21,29],"killed_by":"Book of Stabbing","ascension_level":6}