{"gold_per_floor":[109,126,146,146,42,42,52,52,124,189,208,208,258,284,284,388,388,402,380,398,155,223,249,299,318,318,336,83,133,383,412,412,517,517,532,549,39,57,207,207,0,19,46,96,112,210,260,285,297,309],"floor_reached":51,"playtime":3188,"items_purged":["Strike_R","Writhe","Strike_R"],"score":1300,"play_id":"36a14736-080a-433c-86ab-2dea377a8f2d","local_time":"20190328140527","is_ascension_mode":true,"campfire_choices":[{"data":"Barricade","floor":6.0,"key":"SMITH"},{"data":"Armaments","floor":8.0,"key":"SMITH"},{"floor":12.0,"key":"REST"},{"data":"Body Slam","floor":15.0,"key":"SMITH"},{"floor":32,"key":"REST"},{"data":"Body Slam","floor":40,"key":"SMITH"},{"data":"Impervious","floor":49,"key":"SMITH"}],"neow_cost":"NONE","seed_source_timestamp":37617932551714,"circlet_count":0,"master_deck":["Strike_R","Strike_R","Defend_R","Defend_R","Defend_R","Bash","Barricade+1","Body Slam+1","Twin Strike","Armaments+1","Metallicize","Warcry","Shrug It Off","Uppercut","Flame Barrier","Impervious+1","Iron Wave","True Grit","Body Slam+1","Metallicize","Shrug It Off+1","Dual Wield+1","Corruption+1","Offering+1","Ghostly Armor+1","Shrug It Off+1","Ghostly Armor+1","Armaments+1","Dual Wield+1","Shrug It Off+1"],"special_seed":0,"relics":["Burning Blood","SsserpentHead","Dodecahedron","Blood Vial","Runic Pyramid","Paper Frog","Bottled Tornado","Champion Belt","Orichalcum","Toxic Egg 2","Oddly Smooth Stone","MutagenicStrength","Potion Belt","Busted Crown","Strange Spoon","Girya","Red Mask","Bag of Marbles","Unceasing Top","MawBank"],"potions_floor_usage":[31,31,31,38,50],"damage_taken":[{"damage":3.0,"enemies":"Jaw Worm","floor":1.0,"turns":5.0},{"damage":18.0,"enemies":"Cultist","floor":2.0,"turns":6.0},{"damage":6.0,"enemies":"2 Louse","floor":3.0,"turns":2.0},{"damage":1.0,"enemies":"Red Slaver","floor":7.0,"turns":6.0},{"damage":15.0,"enemies":"Exordium Thugs","floor":10.0,"turns":10.0},{"damage":5.0,"enemies":"Large Slime","floor":11.0,"turns":7.0},{"damage":2.0,"enemies":"3 Sentries","floor":14.0,"turns":12.0},{"damage":0.0,"enemies":"The Guardian","floor":16.0,"turns":7.0},{"damage":0.0,"enemies":"Chosen","floor":18.0,"turns":3.0},{"damage":0.0,"enemies":"3 Byrds","floor":20.0,"turns":6.0},{"damage":5,"enemies":"Centurion and Healer","floor":22,"turns":10},{"damage":0,"enemies":"Book of Stabbing","floor":23,"turns":5},{"damage":0,"enemies":"Sentry and Sphere","floor":25,"turns":8},{"damage":0,"enemies":"Snecko","floor":27,"turns":3},{"damage":44,"enemies":"Slavers","floor":31,"turns":12},{"damage":0,"enemies":"Automaton","floor":33,"turns":7},{"damage":0,"enemies":"Orb Walker","floor":35,"turns":3},{"damage":6,"enemies":"3 Darklings","floor":36,"turns":4},{"damage":6,"enemies":"Jaw Worm Horde","floor":38,"turns":4},{"damage":0,"enemies":"Mind Bloom Boss Battle","floor":39,"turns":6},{"damage":6,"enemies":"Transient","floor":42,"turns":5},{"damage":0,"enemies":"Writhing Mass","floor":45,"turns":6},{"damage":6,"enemies":"2 Orb Walkers","floor":46,"turns":4},{"damage":0,"enemies":"Reptomancer","floor":48,"turns":3},{"damage":6,"enemies":"Time Eater","floor":50,"turns":4}],"seed_played":"-6752499080336185677","potions_obtained":[{"floor":2.0,"key":"SkillPotion"},{"floor":7.0,"key":"SneckoOil"},{"floor":11.0,"key":"Energy Potion"},{"floor":14.0,"key":"AttackPotion"},{"floor":23,"key":"FearPotion"},{"floor":31,"key":"Fruit Juice"},{"floor":35,"key":"AttackPotion"},{"floor":42,"key":"SteroidPotion"}],"is_trial":false,"path_per_floor":["M","M","M","?","$","R","M","R","T","M","M","R","?","E","R","B",null,"M","?","M","$","M","E","?","M","T","M","$","?","?","E","R","B",null,"M","M","$","M","?","R","?","M","T","?","M","?","?","E","R","B",null],"character_chosen":"IRONCLAD","items_purchased":["Metallicize","Bottled Tornado","Oddly Smooth Stone","Strange Spoon","Shrug It Off+1","Weak Potion","Ghostly Armor+1"],"campfire_rested":2,"item_purchase_floors":[5,21,28,37,37,37,37],"current_hp_per_floor":[75,63,63,63,63,63,68,68,68,59,60,80,85,85,85,85,85,85,85,85,85,85,85,85,85,85,85,85,85,85,52,79,87,89,90,90,90,90,90,90,90,90,90,90,90,90,85,85,85,85],"gold":321,"neow_bonus":"TRANSFORM_CARD","is_prod":false,"is_daily":false,"chose_seed":false,"campfire_upgraded":5,"win_rate":0,"timestamp":1553778327,"path_taken":["M","M","M","?","?","R","M","R","T","?","M","R","?","E","R","BOSS","M","?","M","$","?","E","?","M","T","M","$","?","?","E","R","BOSS","M","M","$","M","?","R","?","M","T","?","M","?","?","E","R","BOSS"],"build_version":"2019-01-23","purchased_purges":3,"victory":true,"max_hp_per_floor":[80,80,80,80,80,80,80,80,80,80,80,80,85,85,85,85,85,85,85,85,85,85,85,85,85,85,85,85,85,85,90,90,90,90,90,90,90,90,90,90,90,90,90,90,90,90,85,85,85,85],"card_choices":[{"not_picked":["Thunderclap","Burning Pact"],"picked":"Body Slam","floor":1.0},{"not_picked":["Clash","Flex"],"picked":"Twin Strike","floor":2.0},{"not_picked":["Clash","Wild Strike"],"picked":"Armaments","floor":3.0},{"not_picked":["Perfected Strike","Clash"],"picked":"Warcry","floor":7.0},{"not_picked":["Headbutt","Feel No Pain"],"picked":"Shrug It Off","floor":10.0},{"not_picked":["Wild Strike","Whirlwind"],"picked":"Uppercut","floor":11.0},{"not_picked":["Combust","Feed"],"picked":"Flame Barrier","floor":14.0},{"not_picked":["Exhume","Immolate"],"picked":"Impervious","floor":16.0},{"not_picked":["Flex","Warcry"],"picked":"Iron Wave","floor":18.0},{"not_picked":["Twin Strike+1","Inflame+1"],"picked":"True Grit","floor":20.0},{"not_picked":["Shrug It Off","Heavy Blade+1"],"picked":"Body Slam","floor":22},{"not_picked":["Havoc","Warcry+1"],"picked":"Metallicize","floor":23},{"not_picked":["Perfected Strike","Clash"],"picked":"Shrug It Off+1","floor":25},{"not_picked":["Rupture+1","Sentinel+1"],"picked":"Dual Wield+1","floor":27},{"not_picked":["Pommel Strike+1","Berserk"],"picked":"Corruption+1","floor":31},{"not_picked":["Fiend Fire","Double Tap+1"],"picked":"Offering+1","floor":33},{"not_picked":["Clash"],"picked":"SKIP","floor":35},{"not_picked":[],"picked":"Ghostly Armor+1","floor":36},{"not_picked":["Heavy Blade+1"],"picked":"SKIP","floor":38},{"not_picked":[],"picked":"Armaments+1","floor":39},{"not_picked":["Armaments+1"],"picked":"SKIP","floor":42},{"not_picked":[],"picked":"Dual Wield+1","floor":45},{"not_picked":[],"picked":"Shrug It Off+1","floor":48}],"player_experience":429206,"relics_obtained":[{"floor":9.0,"key":"Dodecahedron"},{"floor":14.0,"key":"Blood Vial"},{"floor":23,"key":"Champion Belt"},{"floor":26,"key":"Toxic Egg 2"},{"floor":31,"key":"Potion Belt"},{"floor":39,"key":"Girya"},{"floor":43,"key":"Bag of Marbles"},{"floor":46,"key":"Unceasing Top"},{"floor":48,"key":"MawBank"}],"event_choices":[{"damage_healed":0.0,"max_hp_gain":0.0,"max_hp_loss":0.0,"gold_gain":0.0,"event_name":"FaceTrader","player_choice":"Trade","floor":4.0,"gold_loss":0.0,"damage_taken":0.0,"relics_obtained":["SsserpentHead"]},{"damage_healed":0.0,"max_hp_gain":5.0,"max_hp_loss":0.0,"gold_gain":0.0,"event_name":"Big Fish","player_choice":"Donut","floor":13.0,"gold_loss":0.0,"damage_taken":0.0},{"damage_healed":0.0,"max_hp_gain":0.0,"max_hp_loss":0.0,"gold_gain":0.0,"event_name":"WeMeetAgain","player_choice":"Paid Gold","floor":19.0,"gold_loss":72.0,"damage_taken":0.0,"relics_obtained":["Paper Frog"]},{"damage_healed":0,"gold_gain":0,"player_choice":"Opened","damage_taken":0,"relics_obtained":["Orichalcum"],"max_hp_gain":0,"max_hp_loss":0,"event_name":"The Mausoleum","floor":24,"gold_loss":0,"cards_obtained":["Writhe"]},{"damage_healed":0,"gold_gain":0,"player_choice":"Inject Mutagens","damage_taken":0,"relics_obtained":["MutagenicStrength"],"max_hp_gain":0,"max_hp_loss":0,"event_name":"Drug Dealer","floor":29,"gold_loss":0},{"damage_healed":0,"gold_gain":200,"player_choice":"Gold","damage_taken":0,"max_hp_gain":0,"max_hp_loss":0,"event_name":"Wheel of Change","floor":30,"gold_loss":0},{"damage_healed":0,"gold_gain":0,"player_choice":"Fight","damage_taken":0,"max_hp_gain":0,"max_hp_loss":0,"event_name":"MindBloom","floor":39,"gold_loss":0},{"damage_healed":0,"gold_gain":0,"player_choice":"Paid","damage_taken":0,"relics_obtained":["Red Mask"],"max_hp_gain":0,"max_hp_loss":0,"event_name":"Tomb of Lord Red Mask","floor":41,"gold_loss":257},{"cards_removed":["Defend_R"],"damage_healed":0,"gold_gain":0,"player_choice":"Removed Skill","damage_taken":0,"max_hp_gain":0,"max_hp_loss":0,"event_name":"Falling","floor":44,"gold_loss":0},{"damage_healed":0,"gold_gain":0,"player_choice":"Fight","damage_taken":0,"max_hp_gain":0,"max_hp_loss":0,"event_name":"Mysterious Sphere","floor":46,"gold_loss":0},{"damage_healed":0,"gold_gain":0,"player_choice":"Max HP","damage_taken":0,"max_hp_gain":0,"max_hp_loss":5,"event_name":"Winding Halls","floor":47,"gold_loss":0}],"is_beta":false,"boss_relics":[{"not_picked":["Orrery","Calling Bell"],"picked":"Runic Pyramid"},{"not_picked":["Empty Cage","Runic Cube"],"picked":"Busted Crown"}],"items_purged_floors":[5,28,37],"is_endless":false,"potions_floor_spawned":[2,7,11,14,23,25,31,35,42],"ascension_level":6}