{"gold_per_floor":[117,131,148,128,128,128,162,162,162,188,200,216,216,228,228,330,330,350,63,76,95,113,127,127,127,127,127,156,156,173,204,204,204],"floor_reached":33,"playtime":1608,"items_purged":[],"score":505,"play_id":"7771e284-7b56-460b-9518-5e725edcf34e","local_time":"20190321193457","is_ascension_mode":true,"campfire_choices":[{"data":"Glacier","floor":6.0,"key":"SMITH"},{"data":"Defend_B","floor":8.0,"key":"SMITH"},{"floor":13.0,"key":"REST"},{"data":"Zap","floor":15.0,"key":"SMITH"},{"data":"Capacitor","floor":25.0,"key":"SMITH"},{"floor":27.0,"key":"REST"},{"floor":29.0,"key":"REST"},{"floor":32.0,"key":"REST"}],"neow_cost":"CURSE","seed_source_timestamp":22000006365287,"circlet_count":0,"master_deck":["AscendersBane","Strike_B","Strike_B","Strike_B","Defend_B","Defend_B","Defend_B","Defend_B+1","Zap+1","Dualcast","Injury","Cold Snap","Capacitor+1","Cold Snap","Glacier+1","Core Surge","Undo","Stack","Stack","Go for the Eyes","Leap","Electrodynamics","Stack+1","Double Energy+1","Loop","Leap","Auto Shields+1","Redo+1","BootSequence"],"special_seed":0,"relics":["Cracked Core","StoneCalendar","Dream Catcher","Question Card","Emotion Chip","Busted Crown","FossilizedHelix","Anchor","Centennial Puzzle","Happy Flower"],"potions_floor_usage":[33,33],"damage_taken":[{"damage":11.0,"enemies":"Jaw Worm","floor":1.0,"turns":4.0},{"damage":0.0,"enemies":"Cultist","floor":2.0,"turns":4.0},{"damage":0.0,"enemies":"Small Slimes","floor":3.0,"turns":3.0},{"damage":14.0,"enemies":"Exordium Thugs","floor":4.0,"turns":6.0},{"damage":0.0,"enemies":"Lagavulin","floor":7.0,"turns":8.0},{"damage":28.0,"enemies":"Gremlin Nob","floor":10.0,"turns":6.0},{"damage":15.0,"enemies":"Gremlin Gang","floor":11.0,"turns":7.0},{"damage":0.0,"enemies":"3 Louse","floor":12.0,"turns":7.0},{"damage":7.0,"enemies":"Exordium Wildlife","floor":14.0,"turns":7.0},{"damage":7.0,"enemies":"Hexaghost","floor":16.0,"turns":17.0},{"damage":12.0,"enemies":"2 Thieves","floor":18.0,"turns":4.0},{"damage":0.0,"enemies":"Shell Parasite","floor":20.0,"turns":8.0},{"damage":3.0,"enemies":"Snake Plant","floor":21.0,"turns":7.0},{"damage":0.0,"enemies":"Chosen and Byrds","floor":22.0,"turns":7.0},{"damage":0.0,"enemies":"Centurion and Healer","floor":23.0,"turns":8.0},{"damage":42.0,"enemies":"Book of Stabbing","floor":28.0,"turns":9.0},{"damage":6.0,"enemies":"3 Cultists","floor":30.0,"turns":4.0},{"damage":10.0,"enemies":"Slavers","floor":31.0,"turns":3.0},{"damage":48,"enemies":"Automaton","floor":33,"turns":14}],"seed_played":"6866161582780357524","potions_obtained":[{"floor":1.0,"key":"EssenceOfSteel"},{"floor":4.0,"key":"Regen Potion"},{"floor":10.0,"key":"SteroidPotion"},{"floor":11.0,"key":"SpeedPotion"},{"floor":12.0,"key":"Poison Potion"},{"floor":20.0,"key":"FocusPotion"},{"floor":23.0,"key":"Dexterity Potion"}],"is_trial":false,"path_per_floor":["M","M","M","M","?","R","E","R","T","E","M","M","R","M","R","B",null,"M","$","M","M","M","M","?","R","T","R","E","R","M","E","R","B"],"character_chosen":"DEFECT","items_purchased":["FossilizedHelix"],"campfire_rested":4,"item_purchase_floors":[19],"current_hp_per_floor":[57,57,57,43,43,43,58,58,58,30,15,15,37,30,30,23,62,50,50,50,47,47,47,40,40,40,62,20,42,36,26,48,0],"gold":204,"neow_bonus":"ONE_RARE_RELIC","is_prod":false,"is_daily":false,"chose_seed":false,"campfire_upgraded":4,"win_rate":0,"timestamp":1553164497,"path_taken":["M","M","M","M","?","R","E","R","T","E","M","?","R","M","R","BOSS","M","$","M","M","M","M","?","R","T","R","E","R","M","E","R","BOSS"],"build_version":"2019-01-23","purchased_purges":0,"victory":false,"max_hp_per_floor":[75,75,75,75,75,75,75,75,75,75,75,75,75,75,75,75,75,75,75,75,75,75,75,75,75,75,75,75,75,75,75,75,75],"card_choices":[{"not_picked":["Gash","Darkness"],"picked":"Cold Snap","floor":1.0},{"not_picked":["Tempest","Skim"],"picked":"Capacitor","floor":2.0},{"not_picked":["Barrage","Redo"],"picked":"Cold Snap","floor":3.0},{"not_picked":["Capacitor","Gash"],"picked":"Glacier","floor":4.0},{"not_picked":["Steam","Cold Snap"],"picked":"Core Surge","floor":7.0},{"not_picked":["Reprogram","Meteor Strike","Go for the Eyes"],"picked":"Undo","floor":10.0},{"not_picked":["Beam Cell","Go for the Eyes","Reprogram"],"picked":"Stack","floor":11.0},{"not_picked":["Rebound","Go for the Eyes","Fusion"],"picked":"Stack","floor":12.0},{"not_picked":["Ball Lightning","Rebound","Lockon"],"picked":"Go for the Eyes","floor":13.0},{"not_picked":["Coolheaded","Hologram","Rebound"],"picked":"Leap","floor":14.0},{"not_picked":["Core Surge","Amplify","Meteor Strike"],"picked":"Electrodynamics","floor":16.0},{"not_picked":["Go for the Eyes","Compile Driver"],"picked":"SKIP","floor":18.0},{"not_picked":["Barrage+1","Conserve Battery"],"picked":"SKIP","floor":20.0},{"not_picked":["Steam"],"picked":"Stack+1","floor":21.0},{"not_picked":["Beam Cell","Gash"],"picked":"SKIP","floor":22.0},{"not_picked":["Rebound"],"picked":"Double Energy+1","floor":23.0},{"not_picked":["Force Field"],"picked":"Loop","floor":27.0},{"not_picked":["Blizzard"],"picked":"Leap","floor":28.0},{"not_picked":["FTL"],"picked":"Auto Shields+1","floor":29.0},{"not_picked":["Chaos"],"picked":"Redo+1","floor":30.0},{"not_picked":["Fission","Biased Cognition"],"picked":"SKIP","floor":31.0},{"not_picked":["Steam"],"picked":"BootSequence","floor":32.0}],"player_experience":367046,"relics_obtained":[{"floor":7.0,"key":"Dream Catcher"},{"floor":9.0,"key":"Question Card"},{"floor":10.0,"key":"Emotion Chip"},{"floor":26.0,"key":"Anchor"},{"floor":28.0,"key":"Centennial Puzzle"},{"floor":31.0,"key":"Happy Flower"}],"event_choices":[{"cards_removed":["Strike_B"],"damage_healed":0.0,"max_hp_gain":0.0,"max_hp_loss":0.0,"gold_gain":0.0,"event_name":"Bonfire Elementals","player_choice":"Offered Basic","floor":5.0,"gold_loss":0.0,"damage_taken":0.0},{"damage_healed":0.0,"max_hp_gain":0.0,"max_hp_loss":0.0,"gold_gain":0.0,"event_name":"Wheel of Change","player_choice":"Damaged","floor":24.0,"gold_loss":0.0,"damage_taken":7.0}],"is_beta":false,"boss_relics":[{"not_picked":["Orrery","Philosopher\u0027s Stone"],"picked":"Busted Crown"}],"items_purged_floors":[],"is_endless":false,"potions_floor_spawned":[1,4,10,11,12,20,23],"killed_by":"Automaton","ascension_level":11}