{"gold_per_floor":[115,115,190,15,32,51,51,81,151,151,177,177,203,214,214,315,365,365],"floor_reached":18,"playtime":470,"items_purged":[],"score":158,"play_id":"49a38eea-b70a-4e25-835c-bed3407c1c23","local_time":"20190319172002","is_ascension_mode":false,"campfire_choices":[{"floor":7,"key":"REST"},{"floor":12,"key":"REST"},{"floor":15,"key":"REST"}],"neow_cost":"PERCENT_DAMAGE","seed_source_timestamp":360769899488143,"circlet_count":0,"master_deck":["Strike_R","Strike_R","Strike_R","Strike_R+1","Strike_R","Defend_R","Defend_R","Defend_R","Defend_R","Bash","Pommel Strike","Apotheosis","Thunderclap","Headbutt","Twin Strike","Searing Blow","Double Tap","Wild Strike"],"relics":["Burning Blood","WingedGreaves","Meat on the Bone","Dodecahedron","Art of War","Smiling Mask","Tiny House"],"potions_floor_usage":[14,16],"damage_taken":[{"damage":8,"enemies":"2 Louse","floor":1,"turns":2},{"damage":5,"enemies":"Small Slimes","floor":5,"turns":3},{"damage":1,"enemies":"Cultist","floor":6,"turns":3},{"damage":41,"enemies":"3 Sentries","floor":13,"turns":7},{"damage":18,"enemies":"Exordium Wildlife","floor":14,"turns":5},{"damage":77,"enemies":"The Guardian","floor":16,"turns":12},{"damage":23,"enemies":"Shell Parasite","floor":18,"turns":3}],"seed_played":"2975605908069775571","potions_obtained":[{"floor":6,"key":"Poison Potion"},{"floor":13,"key":"Regen Potion"},{"floor":14,"key":"Swift Potion"},{"floor":17,"key":"SmokeBomb"}],"is_trial":false,"path_per_floor":["M","?","?","$","M","M","R","?","T","?","T","R","E","M","R","B",null,"M"],"character_chosen":"IRONCLAD","items_purchased":["Apotheosis"],"campfire_rested":3,"item_purchase_floors":[4],"current_hp_per_floor":[54,54,43,43,44,49,73,73,73,66,66,80,57,57,80,21,85,62],"gold":365,"neow_bonus":"ONE_RARE_RELIC","is_prod":false,"is_daily":false,"chose_seed":false,"campfire_upgraded":0,"win_rate":0,"timestamp":1553012402,"path_taken":["M","?","?","$","M","M","R","?","T","?","?","R","E","M","R","BOSS","M"],"build_version":"2019-01-23","purchased_purges":0,"victory":false,"max_hp_per_floor":[80,80,80,80,80,80,80,80,80,80,80,80,80,80,80,80,85,85],"card_choices":[{"not_picked":["Shrug It Off","Twin Strike"],"picked":"Pommel Strike","floor":1},{"not_picked":["Battle Trance","Havoc"],"picked":"Thunderclap","floor":5},{"not_picked":["Clash","Power Through"],"picked":"Headbutt","floor":6},{"not_picked":["Flame Barrier","Rupture"],"picked":"Twin Strike","floor":13},{"not_picked":["Sentinel","Impervious"],"picked":"Searing Blow","floor":14},{"not_picked":["Fiend Fire","Impervious"],"picked":"Double Tap","floor":16},{"not_picked":["Warcry","Disarm"],"picked":"Wild Strike","floor":17}],"player_experience":323416,"relics_obtained":[{"floor":9,"key":"Meat on the Bone"},{"floor":11,"key":"Art of War"},{"floor":13,"key":"Smiling Mask"}],"event_choices":[{"damage_healed":0,"gold_gain":0,"player_choice":"Ignored","damage_taken":0,"max_hp_gain":0,"max_hp_loss":0,"event_name":"Golden Wing","floor":2,"gold_loss":0},{"damage_healed":0,"gold_gain":75,"player_choice":"Gather Gold","damage_taken":11,"max_hp_gain":0,"max_hp_loss":0,"event_name":"World of Goop","floor":3,"gold_loss":0},{"damage_healed":0,"gold_gain":30,"player_choice":"Searched \u00271\u0027 times","damage_taken":0,"max_hp_gain":0,"max_hp_loss":0,"event_name":"Dead Adventurer","floor":8,"gold_loss":0},{"damage_healed":0,"gold_gain":0,"player_choice":"Success","damage_taken":7,"relics_obtained":["Dodecahedron"],"max_hp_gain":0,"max_hp_loss":0,"event_name":"Scrap Ooze","floor":10,"gold_loss":0}],"is_beta":false,"boss_relics":[{"not_picked":["Black Star","Busted Crown"],"picked":"Tiny House"}],"items_purged_floors":[],"is_endless":false,"potions_floor_spawned":[6,13,14],"killed_by":"Shell Parasite","ascension_level":0}