{"gold_per_floor":[113,288,307,307,317,317,332,349,373,373,383,383,143,154,154,259,259,275,12,12,12,25,25,25,25,25,43,43,63,73,89,89,185,185,204,204,204,224,324,354,354,365,365,384,399,399,426,500,500,500],"floor_reached":51,"playtime":2372,"items_purged":["Doubt","Strike_G"],"score":801,"play_id":"1f23aad5-dae6-4e8b-8729-7a58aebc2564","local_time":"20190316105636","is_ascension_mode":false,"campfire_choices":[{"data":"Noxious Fumes","floor":6.0,"key":"SMITH"},{"data":"Neutralize","floor":10.0,"key":"SMITH"},{"data":"Survivor","floor":12.0,"key":"SMITH"},{"data":"Deadly Poison","floor":15.0,"key":"SMITH"},{"data":"Corpse Explosion","floor":23.0,"key":"SMITH"},{"data":"Leg Sweep","floor":25.0,"key":"SMITH"},{"data":"A Thousand Cuts","floor":32.0,"key":"SMITH"},{"floor":41.0,"key":"RECALL"},{"data":"PiercingWail","floor":46.0,"key":"SMITH"},{"floor":49.0,"key":"REST"}],"neow_cost":"NONE","seed_source_timestamp":3296305203021,"circlet_count":0,"master_deck":["Defend_G+1","Defend_G+1","Defend_G+1","Defend_G+1","Defend_G+1","Strike_G+1","Strike_G+1","Strike_G+1","Strike_G+1","Survivor+1","Neutralize+1","Deadly Poison+1","Noxious Fumes+1","Deflect+1","PiercingWail+1","Leg Sweep+1","Dark Shackles+1","Deadly Poison+1","Corpse Explosion+1","A Thousand Cuts+1","Footwork+1","Deflect+1","Deflect+1","After Image+1","Deadly Poison+1","Noxious Fumes+1","PiercingWail","PiercingWail+1","Noxious Fumes+1"],"special_seed":0,"relics":["Runic Pyramid","Mark of the Bloom","Art of War","Bronze Scales","Oddly Smooth Stone","Sundial"],"potions_floor_usage":[50],"damage_taken":[{"damage":0.0,"enemies":"Small Slimes","floor":1.0,"turns":4.0},{"damage":0.0,"enemies":"2 Louse","floor":3.0,"turns":3.0},{"damage":0.0,"enemies":"Cultist","floor":5.0,"turns":4.0},{"damage":0.0,"enemies":"Looter","floor":7.0,"turns":3.0},{"damage":0.0,"enemies":"Large Slime","floor":8.0,"turns":6.0},{"damage":1.0,"enemies":"Exordium Wildlife","floor":11.0,"turns":5.0},{"damage":0.0,"enemies":"Exordium Thugs","floor":14.0,"turns":5.0},{"damage":0.0,"enemies":"Slime Boss","floor":16.0,"turns":11.0},{"damage":6.0,"enemies":"2 Thieves","floor":18.0,"turns":4.0},{"damage":3.0,"enemies":"3 Byrds","floor":22.0,"turns":4.0},{"damage":0.0,"enemies":"Snecko","floor":27.0,"turns":6.0},{"damage":7.0,"enemies":"Shelled Parasite and Fungi","floor":29.0,"turns":5.0},{"damage":2.0,"enemies":"Sentry and Sphere","floor":30.0,"turns":7.0},{"damage":5.0,"enemies":"Cultist and Chosen","floor":31.0,"turns":8.0},{"damage":0.0,"enemies":"Automaton","floor":33.0,"turns":12.0},{"damage":0.0,"enemies":"Orb Walker","floor":35.0,"turns":6.0},{"damage":0.0,"enemies":"3 Darklings","floor":38.0,"turns":5.0},{"damage":1.0,"enemies":"Giant Head","floor":40.0,"turns":10.0},{"damage":0.0,"enemies":"Maw","floor":42.0,"turns":8.0},{"damage":1.0,"enemies":"Writhing Mass","floor":44.0,"turns":6.0},{"damage":0.0,"enemies":"Jaw Worm Horde","floor":45.0,"turns":4.0},{"damage":42.0,"enemies":"Reptomancer","floor":47.0,"turns":6.0},{"damage":20,"enemies":"Time Eater","floor":50,"turns":13}],"seed_played":"-8319281114814781576","potions_obtained":[{"floor":3.0,"key":"SkillPotion"},{"floor":7.0,"key":"Swift Potion"},{"floor":8.0,"key":"SteroidPotion"},{"floor":14.0,"key":"AttackPotion"},{"floor":18.0,"key":"Swift Potion"},{"floor":22.0,"key":"LiquidBronze"},{"floor":27.0,"key":"SpeedPotion"},{"floor":47.0,"key":"LiquidBronze"}],"is_trial":false,"path_per_floor":["M","?","M","?","M","R","M","M","T","R","M","R","$","M","R","B",null,"M","$","?","$","M","R","?","R","T","M","$","M","M","M","R","B",null,"M","?","?","M","?","E","R","M","T","M","M","R","E","T","R","B",null],"character_chosen":"THE_SILENT","items_purchased":["Leg Sweep","Dark Shackles","A Thousand Cuts"],"campfire_rested":1,"item_purchase_floors":[13,13,19],"current_hp_per_floor":[70,70,70,56,56,56,56,56,56,56,55,55,55,55,55,55,70,64,64,64,64,61,61,61,61,61,61,61,54,52,47,47,47,70,70,70,70,70,70,69,69,69,69,68,68,68,26,26,26,6],"gold":500,"neow_bonus":"BOSS_RELIC","is_prod":false,"is_daily":false,"chose_seed":false,"campfire_upgraded":8,"win_rate":0,"timestamp":1552704996,"path_taken":["M","?","M","?","M","R","M","M","T","R","M","R","$","M","R","BOSS","M","$","?","?","M","R","?","R","T","M","$","M","M","M","R","BOSS","M","?","?","?","?","E","R","M","T","M","?","R","E","?","R","BOSS"],"build_version":"2019-01-23","purchased_purges":2,"victory":true,"max_hp_per_floor":[70,70,70,70,70,70,70,70,70,70,70,70,70,70,70,70,70,70,70,70,70,70,70,70,70,70,70,70,70,70,70,70,70,70,70,70,70,70,70,70,70,70,70,70,70,70,70,70,70,70],"card_choices":[{"not_picked":["Bane","Acrobatics"],"picked":"Deadly Poison","floor":1.0},{"not_picked":["Dagger Throw","Cloak And Dagger","Quick Slash"],"picked":"SKIP","floor":3.0},{"not_picked":["Dagger Spray","Cloak And Dagger"],"picked":"Noxious Fumes","floor":5.0},{"not_picked":["Grand Finale","Dash"],"picked":"Deflect","floor":7.0},{"not_picked":["Accuracy","Dagger Spray","Slice"],"picked":"SKIP","floor":8.0},{"not_picked":["Poisoned Stab","Bane"],"picked":"PiercingWail","floor":11.0},{"not_picked":["Skewer","Sucker Punch"],"picked":"Deadly Poison","floor":14.0},{"not_picked":["Venomology","Malaise"],"picked":"Corpse Explosion","floor":16.0},{"not_picked":["Well Laid Plans","Quick Slash","Slice"],"picked":"SKIP","floor":18.0},{"not_picked":["Tactician","Heel Hook+1"],"picked":"Footwork+1","floor":22.0},{"not_picked":["Prepared","Slice","Outmaneuver"],"picked":"SKIP","floor":27.0},{"not_picked":["Choke","Flying Knee","Dagger Spray"],"picked":"SKIP","floor":29.0},{"not_picked":["Dodge and Roll","Prepared"],"picked":"Deflect","floor":30.0},{"not_picked":["Leg Sweep","Expertise+1"],"picked":"Deflect+1","floor":31.0},{"not_picked":["Grand Finale","Die Die Die"],"picked":"After Image","floor":33.0},{"not_picked":["Acrobatics+1","Poisoned Stab+1"],"picked":"Deadly Poison+1","floor":35.0},{"not_picked":["Sucker Punch+1","Terror+1","Flechettes+1"],"picked":"SKIP","floor":38.0},{"not_picked":["Reflex","Prepared","Underhanded Strike+1"],"picked":"SKIP","floor":40.0},{"not_picked":["Outmaneuver","Choke","Finisher+1"],"picked":"SKIP","floor":42.0},{"not_picked":["Outmaneuver+1","Poisoned Stab"],"picked":"PiercingWail","floor":44.0},{"not_picked":["Blur","Quick Slash"],"picked":"PiercingWail","floor":45.0},{"not_picked":["Dagger Throw","Expertise"],"picked":"Noxious Fumes+1","floor":47.0}],"player_experience":322772,"relics_obtained":[{"floor":40.0,"key":"Art of War"},{"floor":43.0,"key":"Bronze Scales"},{"floor":47.0,"key":"Oddly Smooth Stone"},{"floor":48.0,"key":"Sundial"}],"event_choices":[{"damage_healed":0.0,"max_hp_gain":0.0,"max_hp_loss":0.0,"gold_gain":175.0,"event_name":"Liars Game","player_choice":"AGREE","floor":2.0,"gold_loss":0.0,"damage_taken":0.0,"cards_obtained":["Doubt"]},{"damage_healed":0.0,"max_hp_gain":0.0,"max_hp_loss":0.0,"gold_gain":0.0,"event_name":"Shining Light","player_choice":"Entered Light","floor":4.0,"gold_loss":0.0,"damage_taken":14.0,"cards_upgraded":["Defend_G","Deadly Poison"]},{"damage_healed":0.0,"max_hp_gain":0.0,"max_hp_loss":0.0,"gold_gain":0.0,"event_name":"WeMeetAgain","player_choice":"Ignored","floor":20.0,"gold_loss":0.0,"damage_taken":0.0},{"damage_healed":0.0,"max_hp_gain":0.0,"max_hp_loss":0.0,"gold_gain":0.0,"event_name":"Ghosts","player_choice":"Ignored","floor":24.0,"gold_loss":0.0,"damage_taken":0.0},{"damage_healed":0.0,"max_hp_gain":0.0,"max_hp_loss":0.0,"gold_gain":0.0,"event_name":"MindBloom","player_choice":"Upgrade","floor":36.0,"gold_loss":0.0,"damage_taken":0.0,"cards_upgraded":["Defend_G","Defend_G","Defend_G","Defend_G","Strike_G","Strike_G","Strike_G","Strike_G","Deflect","PiercingWail","Dark Shackles","Deflect","After Image"],"relics_obtained":["Mark of the Bloom"]},{"damage_healed":0.0,"max_hp_gain":0.0,"max_hp_loss":0.0,"gold_gain":0.0,"event_name":"Duplicator","player_choice":"Copied","floor":37.0,"gold_loss":0.0,"damage_taken":0.0,"cards_obtained":["Noxious Fumes"]},{"damage_healed":0.0,"max_hp_gain":0.0,"max_hp_loss":0.0,"gold_gain":100.0,"event_name":"Golden Shrine","player_choice":"Pray","floor":39.0,"gold_loss":0.0,"damage_taken":0.0}],"is_beta":false,"boss_relics":[{"not_picked":["Lizard Tail","HoveringKite","Empty Cage"]},{"not_picked":["White Beast Statue","Cursed Key","Eternal Feather"]}],"items_purged_floors":[13,19],"is_endless":false,"potions_floor_spawned":[3,7,8,14,18,22,27,30,35,40,42,47],"ascension_level":0}