{"gold_per_floor":[109,124,140,156,170,170,189,204,204,174,32,207,226,226,226,328,328,342,356,93,108,128,128,128],"floor_reached":24,"playtime":2838,"items_purged":["Strike_B"],"score":194,"play_id":"99065831-7ab1-4540-83cf-de86dca5fb06","local_time":"20181122112339","is_ascension_mode":false,"campfire_choices":[{"data":"Defend_B","floor":6,"key":"SMITH"},{"data":"Defend_B","floor":15,"key":"SMITH"},{"data":"Defend_B","floor":23,"key":"SMITH"}],"neow_cost":"NONE","seed_source_timestamp":3244840849800,"circlet_count":0,"master_deck":["Strike_B","Strike_B","Defend_B","Defend_B+1","Defend_B+1","Defend_B+1","Zap","Dualcast","Steam","Loop","Reinforced Body","Stack","Conserve Battery","Hologram","Coolheaded","Double Energy","Doubt","Buffer","Fission","Electrodynamics","Loop","Coolheaded","Reinforced Body","Impatience","Leap","Hello World","Stack+1","Tempest+1"],"relics":["Cracked Core","Bag of Marbles","StoneCalendar","Inserter"],"potions_floor_usage":[19,19,24],"damage_taken":[{"damage":0,"enemies":"2 Louse","floor":1,"turns":3},{"damage":1,"enemies":"Cultist","floor":2,"turns":4},{"damage":9,"enemies":"Jaw Worm","floor":3,"turns":5},{"damage":0,"enemies":"Looter","floor":4,"turns":4},{"damage":3,"enemies":"Red Slaver","floor":5,"turns":5},{"damage":0,"enemies":"2 Fungi Beasts","floor":7,"turns":5},{"damage":9,"enemies":"Exordium Thugs","floor":8,"turns":9},{"damage":0,"enemies":"Looter","floor":10,"turns":4},{"damage":0,"enemies":"3 Louse","floor":13,"turns":6},{"damage":37,"enemies":"Slime Boss","floor":16,"turns":17},{"damage":0,"enemies":"Chosen","floor":18,"turns":7},{"damage":4,"enemies":"Shell Parasite","floor":19,"turns":13},{"damage":10,"enemies":"Shelled Parasite and Fungi","floor":21,"turns":18},{"damage":19,"enemies":"Snake Plant","floor":22,"turns":7},{"damage":52,"enemies":"Gremlin Leader","floor":24,"turns":6}],"seed_played":"-4034455610062579168","potions_obtained":[{"floor":3,"key":"SkillPotion"},{"floor":4,"key":"LiquidBronze"},{"floor":7,"key":"Swift Potion"},{"floor":13,"key":"Energy Potion"},{"floor":22,"key":"FearPotion"}],"is_trial":false,"path_per_floor":["M","M","M","M","M","R","M","M","T","M","$","?","M","?","R","B",null,"M","M","$","M","M","R","E"],"character_chosen":"DEFECT","items_purchased":["Double Energy","Reinforced Body","Impatience","Leap","Hello World"],"campfire_rested":0,"item_purchase_floors":[11,20,20,20,20],"current_hp_per_floor":[75,74,65,65,62,62,62,53,53,53,53,53,53,53,53,16,75,75,71,71,61,42,42,0],"gold":128,"neow_bonus":"RANDOM_COMMON_RELIC","is_prod":false,"is_daily":false,"chose_seed":false,"campfire_upgraded":3,"win_rate":0.0,"timestamp":1542853419,"path_taken":["M","M","M","M","M","R","M","M","T","M","$","?","M","?","R","BOSS","M","M","$","M","M","R","E"],"build_version":"2018-11-15","purchased_purges":1,"victory":false,"max_hp_per_floor":[75,75,75,75,75,75,75,75,75,75,75,75,75,75,75,75,75,75,75,75,75,75,75,75],"card_choices":[{"not_picked":["Blizzard","Barrage"],"picked":"Steam","floor":1},{"not_picked":["Storm","Barrage"],"picked":"Loop","floor":2},{"not_picked":["Compile Driver","Coolheaded"],"picked":"Reinforced Body","floor":3},{"not_picked":["Steam","Redo"],"picked":"Stack","floor":4},{"not_picked":["Steam","Chill"],"picked":"Conserve Battery","floor":5},{"not_picked":["Steam","Coolheaded"],"picked":"Hologram","floor":7},{"not_picked":["Rebound","Streamline"],"picked":"Coolheaded","floor":8},{"not_picked":["Rebound","Lockon","Scrape"],"picked":"SKIP","floor":10},{"not_picked":["Rebound","Hologram"],"picked":"Buffer","floor":13},{"not_picked":["Fission","Rainbow"],"picked":"Electrodynamics","floor":16},{"not_picked":["Rebound+1","Go for the Eyes+1"],"picked":"Loop","floor":18},{"not_picked":["Rebound+1","Skim"],"picked":"Coolheaded","floor":19},{"not_picked":["Heatsinks","BootSequence"],"picked":"Stack+1","floor":21},{"not_picked":["Amplify","Skim"],"picked":"Tempest+1","floor":22}],"player_experience":18225,"relics_obtained":[{"floor":9,"key":"StoneCalendar"}],"event_choices":[{"damage_healed":0,"gold_gain":175,"player_choice":"AGREE","damage_taken":0,"max_hp_gain":0,"max_hp_loss":0,"event_name":"Liars Game","floor":12,"gold_loss":0,"cards_obtained":["Doubt"]},{"damage_healed":0,"gold_gain":0,"cards_transformed":["Strike_B"],"player_choice":"Transformed","damage_taken":0,"max_hp_gain":0,"max_hp_loss":0,"event_name":"Transmorgrifier","floor":14,"gold_loss":0,"cards_obtained":["Fission"]}],"is_beta":false,"boss_relics":[{"not_picked":["FrozenCore","Runic Dome"],"picked":"Inserter"}],"items_purged_floors":[11],"is_endless":false,"potions_floor_spawned":[3,4,7,13,18,22],"killed_by":"Gremlin Leader","ascension_level":0}