{"gold_per_floor":[110,110,185,200,200,229,240,266,266,295,313,324,334,352,352,450,450,466,466,476,487,172,207,219,231,243,255],"floor_reached":27,"playtime":868,"items_purged":[],"score":396,"play_id":"73c09e82-39e6-491c-bcc8-c960d13c0887","local_time":"20190325131559","is_ascension_mode":true,"campfire_choices":[{"floor":15,"key":"REST"},{"floor":24,"key":"REST"}],"neow_cost":"NONE","seed_source_timestamp":8877162466300,"circlet_count":0,"master_deck":["Strike_B","Strike_B","Strike_B","Defend_B","Defend_B","Defend_B","Defend_B","Zap","Dualcast","Sunder+1","Electrodynamics","Ball Lightning+1","Ball Lightning+1","Echo Form+1","Lockon+1","Force Field+1"],"relics":["Cracked Core","NeowsBlessing","Strawberry","Frozen Egg 2","Molten Egg 2","Darkstone Periapt","Sozu","MutagenicStrength","Toxic Egg 2","MawBank","FossilizedHelix"],"potions_floor_usage":[16,16,23],"damage_taken":[{"damage":0,"enemies":"Small Slimes","floor":1,"turns":1},{"damage":0,"enemies":"2 Louse","floor":4,"turns":1},{"damage":0,"enemies":"Gremlin Nob","floor":6,"turns":1},{"damage":0,"enemies":"Cultist","floor":7,"turns":2},{"damage":30,"enemies":"3 Sentries","floor":8,"turns":5},{"damage":24,"enemies":"Gremlin Nob","floor":10,"turns":4},{"damage":7,"enemies":"Exordium Thugs","floor":11,"turns":3},{"damage":0,"enemies":"3 Louse","floor":12,"turns":2},{"damage":0,"enemies":"Lots of Slimes","floor":13,"turns":1},{"damage":4,"enemies":"Red Slaver","floor":14,"turns":2},{"damage":0,"enemies":"Slime Boss","floor":16,"turns":5},{"damage":7,"enemies":"Chosen","floor":18,"turns":3},{"damage":1,"enemies":"Spheric Guardian","floor":20,"turns":3},{"damage":27,"enemies":"Shelled Parasite and Fungi","floor":21,"turns":4},{"damage":34,"enemies":"Slavers","floor":23,"turns":3},{"damage":21,"enemies":"Colosseum Slavers","floor":25,"turns":4},{"damage":23,"enemies":"Centurion and Healer","floor":27,"turns":2}],"seed_played":"3931778346187706285","potions_obtained":[{"floor":1,"key":"FearPotion"},{"floor":4,"key":"LiquidBronze"},{"floor":11,"key":"Explosive Potion"},{"floor":13,"key":"Poison Potion"}],"is_trial":false,"path_per_floor":["?","?","?","M","?","?"],"character_chosen":"DEFECT","items_purchased":["Toxic Egg 2","Force Field+1"],"campfire_rested":2,"item_purchase_floors":[22,22],"current_hp_per_floor":[75,75,64,64,64,71,71,41,41,17,10,10,10,6,30,30,82,75,75,74,47,47,13,37,16,16,0],"gold":255,"neow_bonus":"THREE_ENEMY_KILL","is_prod":false,"is_daily":false,"chose_seed":false,"campfire_upgraded":0,"win_rate":0,"timestamp":1553534159,"path_taken":["M","?","?","M","?","E","M","E","T","E","M","M","?","M","R","BOSS","M","?","M","M","$","E","R","?","T","M"],"build_version":"2019-01-23","purchased_purges":0,"victory":false,"max_hp_per_floor":[75,75,75,75,75,82,82,82,82,82,82,82,82,82,82,82,82,82,82,82,82,82,82,82,82,82,82],"card_choices":[{"not_picked":["Gash","Go for the Eyes"],"picked":"Sunder","floor":1},{"not_picked":["Redo","Sweeping Beam","Steam"],"picked":"SKIP","floor":4},{"not_picked":["Static Discharge","Streamline"],"picked":"Electrodynamics","floor":6},{"not_picked":["Turbo","Sweeping Beam","Recycle"],"picked":"SKIP","floor":7},{"not_picked":["Turbo","Sweeping Beam","Recycle"],"picked":"SKIP","floor":7},{"not_picked":["Rebound","Chill","Hello World"],"picked":"SKIP","floor":8},{"not_picked":["Aggregate","Heatsinks+1"],"picked":"Ball Lightning+1","floor":10},{"not_picked":["Force Field","Streamline+1","Turbo"],"picked":"SKIP","floor":11},{"not_picked":["Sweeping Beam+1","Steam","Recycle"],"picked":"SKIP","floor":12},{"not_picked":["Auto Shields","Turbo"],"picked":"Ball Lightning+1","floor":13},{"not_picked":["Rebound+1","Compile Driver+1","Hello World+1"],"picked":"SKIP","floor":14},{"not_picked":["Amplify","All For One+1"],"picked":"Echo Form+1","floor":16},{"not_picked":["Double Energy+1","Sweeping Beam+1","Tempest"],"picked":"SKIP","floor":18},{"not_picked":["Gash+1","Conserve Battery"],"picked":"Lockon+1","floor":20},{"not_picked":["Stack","Gash+1","Hello World+1"],"picked":"SKIP","floor":21},{"not_picked":["Rip and Tear+1","Turbo+1","Hyperbeam+1"],"picked":"SKIP","floor":23}],"player_experience":277801,"relics_obtained":[{"floor":6,"key":"Strawberry"},{"floor":8,"key":"Frozen Egg 2"},{"floor":9,"key":"Molten Egg 2"},{"floor":10,"key":"Darkstone Periapt"},{"floor":23,"key":"MawBank"},{"floor":26,"key":"FossilizedHelix"}],"event_choices":[{"cards_removed":["Strike_B"],"damage_healed":0,"gold_gain":0,"player_choice":"Forget","damage_taken":0,"max_hp_gain":0,"max_hp_loss":0,"event_name":"Living Wall","floor":2,"gold_loss":0},{"damage_healed":0,"gold_gain":75,"player_choice":"Gather Gold","damage_taken":11,"max_hp_gain":0,"max_hp_loss":0,"event_name":"World of Goop","floor":3,"gold_loss":0},{"damage_healed":0,"gold_gain":0,"player_choice":"Upgraded","damage_taken":0,"max_hp_gain":0,"max_hp_loss":0,"event_name":"Upgrade Shrine","floor":5,"gold_loss":0,"cards_upgraded":["Sunder"]},{"damage_healed":0,"gold_gain":0,"player_choice":"Inject Mutagens","damage_taken":0,"relics_obtained":["MutagenicStrength"],"max_hp_gain":0,"max_hp_loss":0,"event_name":"Drug Dealer","floor":19,"gold_loss":0},{"damage_healed":0,"gold_gain":0,"player_choice":"Fight","damage_taken":0,"max_hp_gain":0,"max_hp_loss":0,"event_name":"Colosseum","floor":25,"gold_loss":0},{"damage_healed":0,"gold_gain":0,"player_choice":"Fled From Nobs","damage_taken":0,"max_hp_gain":0,"max_hp_loss":0,"event_name":"Colosseum","floor":25,"gold_loss":0}],"is_beta":false,"boss_relics":[{"not_picked":["Lizard Tail","Tiny House"],"picked":"Sozu"}],"items_purged_floors":[],"is_endless":false,"potions_floor_spawned":[1,4,11,13,21],"killed_by":"Centurion and Healer","ascension_level":4}