{"gold_per_floor":[111,61,72,85,101,101,276,292,292,344,344,364,364,364,364,467,467,482,63,75,91,0,0,0],"floor_reached":24,"playtime":830,"items_purged":["Regret"],"score":235,"play_id":"7ee11f20-cfc8-4ac2-b0f6-7e7bc6205460","local_time":"20190225162128","is_ascension_mode":true,"campfire_choices":[{"data":"Defend_B","floor":6.0,"key":"SMITH"},{"data":"Defend_B","floor":11.0,"key":"SMITH"},{"data":"Defend_B","floor":15.0,"key":"SMITH"}],"neow_cost":"NONE","seed_source_timestamp":0,"circlet_count":0,"master_deck":["Strike_B","Strike_B","Strike_B","Defend_B+1","Defend_B+1","Defend_B","Defend_B+1","Zap+1","Dualcast","Leap","Self Repair+1","Storm","Self Repair","Doubt","Leap","Rainbow","Redo","Consume","Reinforced Body"],"special_seed":0,"relics":["FrozenCore","NeowsBlessing","Symbiotic Virus","DataDisk","Mango","Matryoshka"],"potions_floor_usage":[],"damage_taken":[{"damage":0.0,"enemies":"Jaw Worm","floor":1.0,"turns":1.0},{"damage":0.0,"enemies":"2 Louse","floor":3.0,"turns":1.0},{"damage":0.0,"enemies":"Small Slimes","floor":4.0,"turns":1.0},{"damage":9.0,"enemies":"Blue Slaver","floor":5.0,"turns":6.0},{"damage":7.0,"enemies":"3 Louse","floor":8.0,"turns":4.0},{"damage":0.0,"enemies":"2 Fungi Beasts","floor":12.0,"turns":4.0},{"damage":53.0,"enemies":"The Guardian","floor":16.0,"turns":15.0},{"damage":38.0,"enemies":"3 Byrds","floor":18.0,"turns":7.0},{"damage":8.0,"enemies":"Spheric Guardian","floor":20.0,"turns":6.0},{"damage":23.0,"enemies":"Snake Plant","floor":21.0,"turns":6.0},{"damage":0,"enemies":"Cultist and Chosen","floor":24,"turns":1}],"seed_played":"-4425729610569120550","potions_obtained":[{"floor":3.0,"key":"SpeedPotion"},{"floor":8.0,"key":"FearPotion"},{"floor":16.0,"key":"Strength Potion"}],"is_trial":false,"path_per_floor":["M","?","M","M","M","R","?","M","T","T","R","M","?","?","R","B",null,"M","$","M","M","?","?","M"],"character_chosen":"DEFECT","items_purchased":["Dexterity Potion","Matryoshka","Redo"],"campfire_rested":0,"item_purchase_floors":[19,19,19],"current_hp_per_floor":[75,75,75,75,73,73,73,75,75,75,75,75,89,71,71,35,76,55,55,64,58,58,58,58],"gold":0,"neow_bonus":"THREE_ENEMY_KILL","is_prod":false,"is_daily":false,"chose_seed":false,"campfire_upgraded":3,"win_rate":0,"timestamp":1551082888,"path_taken":["M","?","M","M","M","R","?","M","T","?","R","M","?","?","R","BOSS","M","$","M","M","?","?","M"],"build_version":"2019-01-23","purchased_purges":1,"victory":false,"max_hp_per_floor":[75,75,75,75,75,75,75,75,75,75,75,75,89,89,89,89,89,89,89,89,89,89,89,89],"card_choices":[{"not_picked":["Hologram","Blizzard"],"picked":"Leap","floor":1.0},{"not_picked":["Streamline","Rebound"],"picked":"Self Repair","floor":3.0},{"not_picked":["Doom and Gloom","Skim"],"picked":"Storm","floor":4.0},{"not_picked":["Sweeping Beam","Steam"],"picked":"Self Repair","floor":5.0},{"not_picked":["Cold Snap","Gash","Ball Lightning"],"picked":"SKIP","floor":8.0},{"not_picked":["Double Energy","Conserve Battery"],"picked":"Leap","floor":12.0},{"not_picked":["Hyperbeam","All For One"],"picked":"Rainbow","floor":16.0},{"not_picked":["Aggregate","Streamline","Cold Snap"],"picked":"SKIP","floor":18.0},{"not_picked":["Blizzard","Conserve Battery+1"],"picked":"Consume","floor":20.0},{"not_picked":["BootSequence+1","Genetic Algorithm+1"],"picked":"Reinforced Body","floor":21.0}],"player_experience":182882,"relics_obtained":[{"floor":9.0,"key":"Symbiotic Virus"},{"floor":10.0,"key":"DataDisk"}],"event_choices":[{"cards_removed":["Strike_B"],"damage_healed":0.0,"max_hp_gain":0.0,"max_hp_loss":0.0,"gold_gain":0.0,"event_name":"The Cleric","player_choice":"Card Removal","floor":2.0,"gold_loss":50.0,"damage_taken":0.0},{"damage_healed":0.0,"max_hp_gain":0.0,"max_hp_loss":0.0,"gold_gain":175.0,"event_name":"Liars Game","player_choice":"AGREE","floor":7.0,"gold_loss":0.0,"damage_taken":0.0,"cards_obtained":["Doubt"]},{"damage_healed":0.0,"max_hp_gain":0.0,"max_hp_loss":0.0,"gold_gain":0.0,"event_name":"Big Fish","player_choice":"Box","floor":13.0,"gold_loss":0.0,"damage_taken":0.0,"relics_obtained":["Mango"],"cards_obtained":["Regret"]},{"damage_healed":0.0,"max_hp_gain":0.0,"max_hp_loss":0.0,"gold_gain":0.0,"event_name":"Shining Light","player_choice":"Entered Light","floor":14.0,"gold_loss":0.0,"damage_taken":18.0,"cards_upgraded":["Self Repair","Zap"]},{"damage_healed":0.0,"max_hp_gain":0.0,"max_hp_loss":0.0,"gold_gain":0.0,"event_name":"Masked Bandits","player_choice":"Paid Fearfully","floor":22.0,"gold_loss":91.0,"damage_taken":0.0},{"damage_healed":0.0,"max_hp_gain":0.0,"max_hp_loss":0.0,"gold_gain":0.0,"event_name":"Ghosts","player_choice":"Ignored","floor":23.0,"gold_loss":0.0,"damage_taken":0.0}],"is_beta":false,"boss_relics":[{"not_picked":["Orrery","Coffee Dripper"],"picked":"FrozenCore"}],"items_purged_floors":[19],"is_endless":false,"potions_floor_spawned":[3,8,16,20],"killed_by":"Cultist and Chosen","ascension_level":5}