{"gold_per_floor":[111,22,34,46,46,79,79,92,166,166,166,186,64,64],"floor_reached":14,"playtime":640,"items_purged":[],"score":104,"play_id":"57a6e00d-2650-4bd3-ad96-6a4e59dc4f42","local_time":"20190227165519","is_ascension_mode":true,"campfire_choices":[{"floor":7.0,"key":"DIG"},{"floor":11,"key":"DIG"}],"neow_cost":"NONE","seed_source_timestamp":16296804975320,"circlet_count":0,"master_deck":["Defend_G","Defend_G","Defend_G","Defend_G","Defend_G","Strike_G","Strike_G","Strike_G","Strike_G","Strike_G","Survivor","Neutralize","Parasite","Parasite","Doubt","Blade Dance+1","Caltrops+1","PiercingWail+1","Concentrate+1","Outmaneuver+1","Bouncing Flask+1","Catalyst+1","Catalyst+1","PiercingWail+1"],"special_seed":0,"relics":["Calling Bell","Ancient Tea Set","Toxic Egg 2","WingedGreaves","Shovel","Art of War","Pantograph","Molten Egg 2"],"potions_floor_usage":[8,14,14],"damage_taken":[{"damage":7.0,"enemies":"Jaw Worm","floor":1.0,"turns":8.0},{"damage":1.0,"enemies":"Cultist","floor":3.0,"turns":4.0},{"damage":1.0,"enemies":"2 Louse","floor":4.0,"turns":3.0},{"damage":54.0,"enemies":"Gremlin Nob","floor":6.0,"turns":7.0},{"damage":15,"enemies":"Exordium Thugs","floor":8,"turns":6},{"damage":18,"enemies":"Large Slime","floor":12,"turns":7},{"damage":16,"enemies":"3 Sentries","floor":14,"turns":8}],"seed_played":"-2806691290191361750","potions_obtained":[{"floor":3.0,"key":"GhostInAJar"},{"floor":5.0,"key":"Regen Potion"},{"floor":5.0,"key":"Regen Potion"},{"floor":6.0,"key":"PowerPotion"},{"floor":12,"key":"GhostInAJar"}],"is_trial":false,"path_per_floor":["M","$","M","M","?","E","R","M","T","?","R","M","$","E"],"character_chosen":"THE_SILENT","items_purchased":["Caltrops","PiercingWail+1","PiercingWail+1","Regen Potion"],"campfire_rested":0,"item_purchase_floors":[2,2,13,13],"current_hp_per_floor":[63,63,62,61,61,40,40,25,25,25,25,7,7,6],"gold":64,"neow_bonus":"BOSS_RELIC","is_prod":false,"is_daily":false,"chose_seed":false,"campfire_upgraded":0,"win_rate":0,"timestamp":1551257719,"path_taken":["M","$","M","M","?","E","R","?","T","?","R","M","$","E"],"build_version":"2019-01-23","purchased_purges":0,"victory":false,"max_hp_per_floor":[70,70,70,70,70,70,70,70,70,70,70,70,70,70],"card_choices":[{"not_picked":["Flying Knee","Bane"],"picked":"Blade Dance+1","floor":1.0},{"not_picked":["Poisoned Stab","Slice"],"picked":"Concentrate+1","floor":3.0},{"not_picked":["Finisher","Slice"],"picked":"Outmaneuver+1","floor":4.0},{"not_picked":["Flying Knee","Setup+1"],"picked":"Bouncing Flask+1","floor":6.0},{"not_picked":["Quick Slash","Leg Sweep+1"],"picked":"Catalyst+1","floor":8},{"not_picked":["Envenom","Blade Dance+1"],"picked":"Catalyst+1","floor":12}],"player_experience":206720,"relics_obtained":[{"floor":0.0,"key":"Ancient Tea Set"},{"floor":0.0,"key":"Toxic Egg 2"},{"floor":0.0,"key":"WingedGreaves"},{"floor":6.0,"key":"Shovel"},{"floor":7.0,"key":"Art of War"},{"floor":9,"key":"Pantograph"},{"floor":11,"key":"Molten Egg 2"}],"event_choices":[{"damage_healed":0.0,"max_hp_gain":0.0,"max_hp_loss":0.0,"gold_gain":0.0,"event_name":"Lab","player_choice":"Got Potions","floor":5.0,"gold_loss":0.0,"damage_taken":0.0},{"damage_healed":0,"gold_gain":0,"player_choice":"Forge","damage_taken":0,"max_hp_gain":0,"max_hp_loss":0,"event_name":"Accursed Blacksmith","floor":10,"gold_loss":0,"cards_upgraded":["Caltrops"]}],"is_beta":false,"boss_relics":[],"items_purged_floors":[],"is_endless":false,"potions_floor_spawned":[3,6,12],"killed_by":"3 Sentries","ascension_level":3}