{"gold_per_floor":[117,131,206,206,218,247,247,40,115,115,115,145,145,145],"floor_reached":14,"playtime":673,"items_purged":[],"score":110,"play_id":"58c03887-ac15-4895-835f-d5c0f8b405c4","local_time":"20181205164601","is_ascension_mode":true,"campfire_choices":[{"data":"Consume","floor":7,"key":"SMITH"},{"floor":13,"key":"REST"}],"neow_cost":"NONE","seed_source_timestamp":1075119267058,"circlet_count":0,"master_deck":["Strike_B","Strike_B","Strike_B","Defend_B","Defend_B","Defend_B","Defend_B","Zap","Dualcast","Reinforced Body+1","Hologram","Consume+1","Amplify","Mayhem","Stack","Self Repair"],"relics":["Cracked Core","NeowsBlessing","Regal Pillow","Gremlin Horn","Kunai","DataDisk"],"potions_floor_usage":[14],"damage_taken":[{"damage":0,"enemies":"Cultist","floor":1,"turns":1},{"damage":0,"enemies":"2 Louse","floor":2,"turns":1},{"damage":0,"enemies":"Jaw Worm","floor":5,"turns":1},{"damage":24,"enemies":"Lagavulin","floor":6,"turns":9},{"damage":28,"enemies":"3 Sentries","floor":12,"turns":7},{"damage":62,"enemies":"Gremlin Nob","floor":14,"turns":5}],"seed_played":"6570535854719442366","potions_obtained":[{"floor":1,"key":"SteroidPotion"},{"floor":6,"key":"Fire Potion"}],"is_trial":false,"path_per_floor":["M","M","?","?","M","E","R","$","T","?","T","E","R","E"],"character_chosen":"DEFECT","items_purchased":["Mayhem","Stack"],"campfire_rested":1,"item_purchase_floors":[8,8],"current_hp_per_floor":[75,75,64,64,64,40,40,40,40,33,33,5,42,0],"gold":145,"neow_bonus":"THREE_ENEMY_KILL","is_prod":false,"is_daily":false,"chose_seed":false,"campfire_upgraded":1,"win_rate":0,"timestamp":1543995961,"path_taken":["M","M","?","?","?","E","R","$","T","?","?","E","R","E"],"build_version":"2018-11-15","purchased_purges":0,"victory":false,"max_hp_per_floor":[75,75,75,75,75,75,75,75,75,75,75,75,75,75],"card_choices":[{"not_picked":["Turbo","Go for the Eyes"],"picked":"Reinforced Body","floor":1},{"not_picked":["Compile Driver","Turbo"],"picked":"Hologram","floor":2},{"not_picked":["Stack","Leap"],"picked":"Consume","floor":5},{"not_picked":["Turbo","Steam"],"picked":"Amplify","floor":6},{"not_picked":["Lockon","Redo"],"picked":"Self Repair","floor":12}],"player_experience":148793,"relics_obtained":[{"floor":6,"key":"Regal Pillow"},{"floor":9,"key":"Gremlin Horn"},{"floor":11,"key":"Kunai"},{"floor":12,"key":"DataDisk"}],"event_choices":[{"damage_healed":0,"gold_gain":75,"player_choice":"Gather Gold","damage_taken":11,"max_hp_gain":0,"max_hp_loss":0,"event_name":"World of Goop","floor":3,"gold_loss":0},{"damage_healed":0,"gold_gain":0,"player_choice":"Upgraded","damage_taken":0,"max_hp_gain":0,"max_hp_loss":0,"event_name":"Upgrade Shrine","floor":4,"gold_loss":0,"cards_upgraded":["Reinforced Body"]},{"cards_removed":["Strike_B"],"damage_healed":0,"gold_gain":0,"player_choice":"Card Removal","damage_taken":7,"max_hp_gain":0,"max_hp_loss":0,"event_name":"Golden Wing","floor":10,"gold_loss":0}],"is_beta":false,"boss_relics":[],"items_purged_floors":[],"is_endless":false,"potions_floor_spawned":[1,6],"killed_by":"Gremlin Nob","ascension_level":3}