{"gold_per_floor":[118,118,118,41,56,56,95,95,95,111,126,164,164,187,187,187],"floor_reached":16,"playtime":536,"items_purged":[],"score":135,"play_id":"0ac16917-50e1-4c4f-ab8e-d481885b88ad","local_time":"20190325132435","is_ascension_mode":false,"campfire_choices":[{"data":"Genetic Algorithm","floor":6,"key":"SMITH"},{"floor":8,"key":"REST"},{"floor":15,"key":"REST"}],"neow_cost":"NONE","seed_source_timestamp":478085750181453,"circlet_count":0,"master_deck":["Strike_B","Strike_B","Strike_B","Strike_B","Defend_B","Defend_B","Defend_B","Defend_B","Zap","Dualcast+1","Rebound","Genetic Algorithm+1","Go for the Eyes","Coolheaded","Storm","Double Energy","Stack","Turbo+1"],"relics":["Cracked Core","NeowsBlessing","Golden Idol","Blue Candle","Happy Flower","Strawberry","Toxic Egg 2"],"potions_floor_usage":[],"damage_taken":[{"damage":0,"enemies":"Cultist","floor":1,"turns":1},{"damage":0,"enemies":"Small Slimes","floor":5,"turns":1},{"damage":0,"enemies":"Lagavulin","floor":7,"turns":2},{"damage":3,"enemies":"Jaw Worm","floor":10,"turns":3},{"damage":12,"enemies":"Large Slime","floor":11,"turns":4},{"damage":24,"enemies":"3 Sentries","floor":12,"turns":9},{"damage":0,"enemies":"Blue Slaver","floor":14,"turns":3},{"damage":0,"enemies":"Slime Boss","floor":16,"turns":1}],"seed_played":"-648307139193097551","potions_obtained":[{"floor":1,"key":"SteroidPotion"},{"floor":5,"key":"AttackPotion"},{"floor":10,"key":"Poison Potion"}],"is_trial":false,"path_per_floor":["M","?","?","$","M","R","E","R","T","M","M","E","?","M","R","B"],"character_chosen":"DEFECT","items_purchased":["Genetic Algorithm"],"campfire_rested":2,"item_purchase_floors":[4],"current_hp_per_floor":[75,75,57,57,57,57,57,75,75,72,60,43,18,18,42,42],"gold":187,"neow_bonus":"THREE_ENEMY_KILL","is_prod":false,"is_daily":false,"chose_seed":false,"campfire_upgraded":1,"win_rate":0,"timestamp":1553516675,"path_taken":["M","?","?","?","M","R","E","R","T","M","M","E","?","?","R","BOSS"],"build_version":"2019-01-23","purchased_purges":0,"victory":false,"max_hp_per_floor":[75,75,75,75,75,75,75,75,75,75,75,82,82,82,82,82],"card_choices":[{"not_picked":["Leap","Steam Power"],"picked":"Rebound","floor":1},{"not_picked":["Reprogram","Recycle"],"picked":"Go for the Eyes","floor":5},{"not_picked":["Compile Driver","Amplify"],"picked":"Coolheaded","floor":7},{"not_picked":["Scrape","Tempest"],"picked":"Storm","floor":10},{"not_picked":["Ball Lightning","Reprogram"],"picked":"Double Energy","floor":11},{"not_picked":["Gash","Barrage"],"picked":"Stack","floor":12},{"not_picked":["Go for the Eyes","Compile Driver"],"picked":"Turbo+1","floor":14}],"player_experience":416005,"relics_obtained":[{"floor":7,"key":"Blue Candle"},{"floor":9,"key":"Happy Flower"},{"floor":12,"key":"Strawberry"}],"event_choices":[{"damage_healed":0,"gold_gain":0,"player_choice":"Grow","damage_taken":0,"max_hp_gain":0,"max_hp_loss":0,"event_name":"Living Wall","floor":2,"gold_loss":0,"cards_upgraded":["Dualcast"]},{"damage_healed":0,"gold_gain":0,"player_choice":"Take Damage","damage_taken":18,"relics_obtained":["Golden Idol"],"max_hp_gain":0,"max_hp_loss":0,"event_name":"Golden Idol","floor":3,"gold_loss":0},{"damage_healed":0,"gold_gain":0,"player_choice":"Success","damage_taken":25,"relics_obtained":["Toxic Egg 2"],"max_hp_gain":0,"max_hp_loss":0,"event_name":"Scrap Ooze","floor":13,"gold_loss":0}],"is_beta":false,"boss_relics":[],"items_purged_floors":[],"is_endless":false,"potions_floor_spawned":[1,5,10],"killed_by":"Slime Boss","ascension_level":0}