{"gold_per_floor":[117,117,131,131,146,146,172,172,195,195,205,223,323,384,384,479,479,499,379,399,419,116,116,131,156,156,173,173,193,118,218,218,218],"floor_reached":33,"playtime":978,"items_purged":["Strike_R","Strike_R"],"score":437,"play_id":"fae0543a-0203-4919-a94f-6b3305a5408c","local_time":"20190324010553","is_ascension_mode":true,"campfire_choices":[{"data":"Searing Blow","floor":6.0,"key":"SMITH"},{"data":"Searing Blow+1","floor":8.0,"key":"SMITH"},{"data":"Searing Blow+2","floor":10.0,"key":"SMITH"},{"data":"Searing Blow+3","floor":15.0,"key":"SMITH"},{"data":"Pommel Strike","floor":23.0,"key":"SMITH"},{"floor":28.0,"key":"REST"},{"data":"Searing Blow+4","floor":32.0,"key":"SMITH"}],"neow_cost":"NONE","seed_source_timestamp":30979654608216,"circlet_count":0,"master_deck":["AscendersBane","Strike_R","Strike_R+1","Strike_R+1","Defend_R","Defend_R","Defend_R","Bash","Searing Blow+5","Dropkick","Shrug It Off","Thunderclap","Battle Trance","Pommel Strike+1","Pommel Strike","Berserk","Warcry","Battle Trance","Double Tap","Flash of Steel"],"special_seed":0,"relics":["Burning Blood","Smiling Mask","Art of War","Lantern","Tiny Chest","Sozu","Dream Catcher","Pantograph"],"potions_floor_usage":[],"damage_taken":[{"damage":12.0,"enemies":"2 Louse","floor":1.0,"turns":4.0},{"damage":5.0,"enemies":"Small Slimes","floor":3.0,"turns":4.0},{"damage":1.0,"enemies":"Cultist","floor":5.0,"turns":4.0},{"damage":41.0,"enemies":"3 Sentries","floor":7.0,"turns":11.0},{"damage":0.0,"enemies":"Large Slime","floor":11.0,"turns":4.0},{"damage":1.0,"enemies":"2 Fungi Beasts","floor":12.0,"turns":3.0},{"damage":0.0,"enemies":"Gremlin Nob","floor":14.0,"turns":2.0},{"damage":62.0,"enemies":"Hexaghost","floor":16.0,"turns":8.0},{"damage":11.0,"enemies":"Shell Parasite","floor":18.0,"turns":4.0},{"damage":0.0,"enemies":"Chosen","floor":20.0,"turns":3.0},{"damage":46.0,"enemies":"Sentry and Sphere","floor":21.0,"turns":6.0},{"damage":14.0,"enemies":"Snake Plant","floor":24.0,"turns":2.0},{"damage":0.0,"enemies":"Snecko","floor":27.0,"turns":2.0},{"damage":21.0,"enemies":"Cultist and Chosen","floor":29.0,"turns":5.0},{"damage":22,"enemies":"Champ","floor":33,"turns":7}],"seed_played":"8873688136162930415","potions_obtained":[{"floor":1.0,"key":"Regen Potion"},{"floor":7.0,"key":"AttackPotion"},{"floor":11.0,"key":"Poison Potion"}],"is_trial":false,"path_per_floor":["M","?","M","?","M","R","E","R","T","R","M","M","?","E","R","B",null,"M","$","M","M","$","R","M","T","T","M","R","M","?","?","R","B"],"character_chosen":"IRONCLAD","items_purchased":["Battle Trance","Double Tap","Flash of Steel"],"campfire_rested":1,"item_purchase_floors":[19,22,22],"current_hp_per_floor":[66,80,80,64,69,69,49,49,49,49,55,60,60,66,66,10,63,58,58,64,24,24,24,16,16,16,22,46,31,31,31,31,34],"gold":218,"neow_bonus":"RANDOM_COMMON_RELIC","is_prod":false,"is_daily":false,"chose_seed":false,"campfire_upgraded":6,"win_rate":0,"timestamp":1553357153,"path_taken":["M","?","M","?","M","R","E","R","T","R","M","M","?","E","R","BOSS","M","$","M","M","$","R","M","?","T","M","R","M","?","?","R","BOSS"],"build_version":"2019-01-23","purchased_purges":2,"victory":false,"max_hp_per_floor":[80,80,80,80,80,80,80,80,80,80,80,80,80,80,80,80,80,80,80,80,80,80,80,80,80,80,80,80,80,80,80,80,80],"card_choices":[{"not_picked":["Twin Strike","Heavy Blade"],"picked":"Searing Blow","floor":1.0},{"not_picked":["Clothesline","Twin Strike"],"picked":"Dropkick","floor":3.0},{"not_picked":["Clash","Sword Boomerang"],"picked":"Shrug It Off","floor":5.0},{"not_picked":["Blood for Blood","Second Wind"],"picked":"Thunderclap","floor":7.0},{"not_picked":["Burning Pact","Anger"],"picked":"Battle Trance","floor":11.0},{"not_picked":["Wild Strike","Feel No Pain"],"picked":"Pommel Strike","floor":12.0},{"not_picked":["Cleave","Berserk"],"picked":"Pommel Strike","floor":14.0},{"not_picked":["Juggernaut","Fiend Fire"],"picked":"Berserk","floor":16.0},{"not_picked":["Dual Wield","Anger"],"picked":"Warcry","floor":18.0},{"not_picked":["Havoc","Perfected Strike","Shrug It Off"],"picked":"SKIP","floor":20.0},{"not_picked":["Inflame","Clash","Flex"],"picked":"SKIP","floor":21.0},{"not_picked":["Heavy Blade","Evolve","Sever Soul"],"picked":"SKIP","floor":24.0},{"not_picked":["Blood for Blood+1","Perfected Strike","Feel No Pain"],"picked":"SKIP","floor":27.0},{"not_picked":["Warcry","Uppercut","Anger"],"picked":"SKIP","floor":29.0}],"player_experience":385158,"relics_obtained":[{"floor":7.0,"key":"Art of War"},{"floor":9.0,"key":"Lantern"},{"floor":14.0,"key":"Tiny Chest"},{"floor":25.0,"key":"Dream Catcher"},{"floor":26.0,"key":"Pantograph"}],"event_choices":[{"damage_healed":26.0,"max_hp_gain":0.0,"max_hp_loss":0.0,"gold_gain":0.0,"event_name":"Big Fish","player_choice":"Banana","floor":2.0,"gold_loss":0.0,"damage_taken":0.0},{"damage_healed":0.0,"max_hp_gain":0.0,"max_hp_loss":0.0,"gold_gain":0.0,"event_name":"Shining Light","player_choice":"Entered Light","floor":4.0,"gold_loss":0.0,"damage_taken":16.0,"cards_upgraded":["Strike_R","Strike_R"]},{"damage_healed":0.0,"max_hp_gain":0.0,"max_hp_loss":0.0,"gold_gain":100.0,"event_name":"Golden Shrine","player_choice":"Pray","floor":13.0,"gold_loss":0.0,"damage_taken":0.0},{"cards_removed":["Defend_R"],"damage_healed":0.0,"max_hp_gain":0.0,"max_hp_loss":0.0,"gold_gain":0.0,"event_name":"Beggar","player_choice":"Gave Gold","floor":30.0,"gold_loss":75.0,"damage_taken":0.0},{"damage_healed":0.0,"max_hp_gain":0.0,"max_hp_loss":0.0,"gold_gain":100.0,"event_name":"Golden Shrine","player_choice":"Pray","floor":31.0,"gold_loss":0.0,"damage_taken":0.0}],"is_beta":false,"boss_relics":[{"not_picked":["Fusion Hammer","Astrolabe"],"picked":"Sozu"}],"items_purged_floors":[19,22],"is_endless":false,"potions_floor_spawned":[1,7,11,27],"killed_by":"Champ","ascension_level":11}