{"gold_per_floor":[118,131,147,159,173,173,183,108,108,119,132,132,144,156,156,252,252,269,269,222,233,251,251,264,264,264,283,283,283,283,317,317,317],"floor_reached":33,"playtime":2334,"items_purged":[],"score":315,"play_id":"f3f06d23-6a5a-463d-8da0-2afec97df1d9","local_time":"20181001005622","is_ascension_mode":false,"campfire_choices":[{"data":"Feed","floor":6.0,"key":"SMITH"},{"data":"Perfected Strike","floor":12.0,"key":"SMITH"},{"data":"Perfected Strike","floor":15.0,"key":"SMITH"},{"data":"Armaments","floor":23.0,"key":"SMITH"},{"data":"Perfected Strike","floor":30.0,"key":"SMITH"},{"floor":32.0,"key":"REST"}],"neow_cost":"NONE","seed_source_timestamp":0,"circlet_count":0,"master_deck":["Strike_R","Strike_R","Strike_R","Strike_R","Defend_R","Defend_R","Defend_R","Defend_R","Bash","Feed+1","Shrug It Off","Wild Strike","Perfected Strike+1","Iron Wave","Infernal Blade+1","Twin Strike","Disarm","Offering","Perfected Strike+1","Perfected Strike+1","Immolate","Shrug It Off","Battle Trance","Armaments+1","Pommel Strike","Cleave+1","Infernal Blade"],"special_seed":0,"relics":["Black Blood"],"potions_floor_usage":[],"damage_taken":[{"damage":4.0,"enemies":"Cultist","floor":1.0,"turns":4.0},{"damage":5.0,"enemies":"2 Louse","floor":2.0,"turns":3.0},{"damage":9.0,"enemies":"Small Slimes","floor":3.0,"turns":3.0},{"damage":10.0,"enemies":"Gremlin Gang","floor":4.0,"turns":4.0},{"damage":2.0,"enemies":"Looter","floor":5.0,"turns":2.0},{"damage":12.0,"enemies":"Blue Slaver","floor":7.0,"turns":2.0},{"damage":0.0,"enemies":"2 Fungi Beasts","floor":10.0,"turns":1.0},{"damage":11.0,"enemies":"Exordium Wildlife","floor":11.0,"turns":4.0},{"damage":9.0,"enemies":"Red Slaver","floor":13.0,"turns":6.0},{"damage":9.0,"enemies":"Blue Slaver","floor":14.0,"turns":5.0},{"damage":10.0,"enemies":"Slime Boss","floor":16.0,"turns":5.0},{"damage":8.0,"enemies":"Spheric Guardian","floor":18.0,"turns":3.0},{"damage":17.0,"enemies":"2 Thieves","floor":21.0,"turns":4.0},{"damage":6.0,"enemies":"3 Cultists","floor":22.0,"turns":3.0},{"damage":28.0,"enemies":"Chosen and Byrds","floor":24.0,"turns":6.0},{"damage":28.0,"enemies":"Centurion and Healer","floor":27.0,"turns":4.0},{"damage":27.0,"enemies":"Slavers","floor":31.0,"turns":4.0},{"damage":150,"enemies":"Automaton","floor":33,"turns":10}],"seed_played":"-3637181990029468584","potions_obtained":[{"floor":3.0,"key":"Regen Potion"},{"floor":5.0,"key":"LiquidBronze"},{"floor":11.0,"key":"SpeedPotion"},{"floor":18.0,"key":"Ancient Potion"},{"floor":21.0,"key":"PowerPotion"},{"floor":24.0,"key":"BloodPotion"}],"is_trial":false,"path_per_floor":["M","M","M","M","M","R","M","$","T","M","M","R","M","M","R","B",null,"M","?","$","M","M","R","M","?","T","M","?","T","R","E","R"],"character_chosen":"IRONCLAD","items_purchased":["Disarm","Shrug It Off"],"campfire_rested":1,"item_purchase_floors":[8,20],"current_hp_per_floor":[83,86,86,85,92,92,90,90,90,100,99,99,100,110,110,110,119,119,119,119,116,124,124,110,110,110,109,109,109,109,96,137,0],"gold":317,"neow_bonus":"TRANSFORM_CARD","is_prod":false,"is_daily":false,"chose_seed":false,"campfire_upgraded":5,"win_rate":0,"timestamp":1538348182,"path_taken":["M","M","M","?","M","R","M","?","T","M","M","R","M","M","R","BOSS","M","?","$","M","M","R","M","?","T","?","?","?","R","E","R","BOSS"],"build_version":"2018-09-27","purchased_purges":0,"victory":false,"max_hp_per_floor":[83,86,89,92,95,95,99,99,99,103,107,107,111,115,115,119,119,119,119,119,123,127,127,131,131,131,135,135,135,135,139,139,139],"card_choices":[{"not_picked":["Armaments","Thunderclap"],"picked":"Shrug It Off","floor":1.0},{"not_picked":["Seeing Red","Havoc"],"picked":"Wild Strike","floor":2.0},{"not_picked":["Body Slam","Intimidate"],"picked":"Perfected Strike","floor":3.0},{"not_picked":["Sever Soul","Power Through"],"picked":"Iron Wave","floor":4.0},{"not_picked":["Pummel","Havoc"],"picked":"Infernal Blade","floor":5.0},{"not_picked":["Dropkick","Clothesline"],"picked":"Twin Strike","floor":7.0},{"not_picked":["Carnage","Cleave"],"picked":"Offering","floor":10.0},{"not_picked":["Entrench","Iron Wave","Warcry"],"picked":"SKIP","floor":11.0},{"not_picked":["Feel No Pain","Bloodletting"],"picked":"Perfected Strike","floor":13.0},{"not_picked":["Warcry","True Grit"],"picked":"Perfected Strike","floor":14.0},{"not_picked":["Brutality","Juggernaut"],"picked":"Immolate","floor":16.0},{"not_picked":["Intimidate","Iron Wave+1","Anger"],"picked":"SKIP","floor":18.0},{"not_picked":["Dropkick","Headbutt"],"picked":"Battle Trance","floor":21.0},{"not_picked":["Bloodletting","Rage"],"picked":"Armaments","floor":22.0},{"not_picked":["Heavy Blade","Fire Breathing"],"picked":"Pommel Strike","floor":24.0},{"not_picked":["Clash+1","Sword Boomerang"],"picked":"Cleave+1","floor":27.0},{"not_picked":["Flex","Thunderclap"],"picked":"Infernal Blade","floor":31.0}],"player_experience":194855,"relics_obtained":[],"event_choices":[{"event_name":"Upgrade Shrine","player_choice":"Upgraded","floor":19.0,"damage_taken":0.0},{"event_name":"The Mausoleum","player_choice":"No","floor":28.0,"damage_taken":0.0}],"is_beta":false,"boss_relics":[{"not_picked":["Velvet Choker","Lizard Tail"],"picked":"Black Blood"}],"items_purged_floors":[],"is_endless":false,"potions_floor_spawned":[3,5,11,13,18,21,24],"killed_by":"Automaton","ascension_level":0}