{"gold_per_floor":[119,294,32,43,56,83,107,139,166,201,216,216,228,261,261,360,360,380,393,373,373,373,401,30,30,30,30,48,66,92,107,107,107],"floor_reached":33,"playtime":3278,"items_purged":["Doubt"],"score":450,"play_id":"5af20d2c-e2f0-4685-bf0a-c45f73d5039d","local_time":"20180930170737","is_ascension_mode":true,"campfire_choices":[{"floor":12,"key":"REST"},{"floor":15,"key":"REST"},{"floor":25,"key":"REST"},{"floor":27,"key":"REST"},{"floor":32,"key":"REST"}],"neow_cost":"CURSE","seed_source_timestamp":149343795279234,"circlet_count":0,"master_deck":["Strike_R+1","Strike_R+1","Strike_R+1","Strike_R+1","Defend_R+1","Defend_R+1","Defend_R+1","Bash","Regret","Clash","Hemokinesis","Shrug It Off","Wild Strike","Evolve","Clothesline","Perfected Strike","Sever Soul","Reckless Charge","Cleave","Pommel Strike","Rupture","Combust","Limit Break","Rage","Reckless Charge","Battle Trance","Perfected Strike","Pommel Strike","Inflame","Dark Shackles","Wild Strike","Impervious","Spot Weakness","Fiend Fire","Inflame+1"],"relics":["Burning Blood","Red Skull","Bronze Scales","Bottled Flame","Happy Flower","Champion Belt","Omamori","Orrery","Centennial Puzzle","Ice Cream","Boot","Gremlin Horn"],"potions_floor_usage":[6,6,6,11,14,14,14,18,19,28,29,31,33,33],"damage_taken":[{"damage":12,"enemies":"Small Slimes","floor":1,"turns":3},{"damage":5,"enemies":"Jaw Worm","floor":4,"turns":2},{"damage":3,"enemies":"Cultist","floor":5,"turns":3},{"damage":6,"enemies":"Gremlin Nob","floor":6,"turns":3},{"damage":20,"enemies":"3 Sentries","floor":8,"turns":5},{"damage":13,"enemies":"Gremlin Nob","floor":10,"turns":3},{"damage":0,"enemies":"Exordium Thugs","floor":11,"turns":3},{"damage":1,"enemies":"2 Fungi Beasts","floor":13,"turns":2},{"damage":26,"enemies":"3 Sentries","floor":14,"turns":5},{"damage":56,"enemies":"Hexaghost","floor":16,"turns":5},{"damage":22,"enemies":"Chosen","floor":18,"turns":4},{"damage":6,"enemies":"3 Byrds","floor":19,"turns":3},{"damage":36,"enemies":"Book of Stabbing","floor":23,"turns":4},{"damage":15,"enemies":"Cultist and Chosen","floor":28,"turns":4},{"damage":26,"enemies":"Centurion and Healer","floor":29,"turns":6},{"damage":42,"enemies":"Slavers","floor":30,"turns":4},{"damage":2,"enemies":"Snake Plant","floor":31,"turns":4},{"damage":41,"enemies":"Collector","floor":33,"turns":3}],"seed_played":"759161835250462374","potions_obtained":[{"floor":1,"key":"SkillPotion"},{"floor":5,"key":"Energy Potion"},{"floor":6,"key":"Strength Potion"},{"floor":10,"key":"EntropicBrew"},{"floor":13,"key":"BloodPotion"},{"floor":18,"key":"AttackPotion"},{"floor":19,"key":"Explosive Potion"},{"floor":20,"key":"Dexterity Potion"},{"floor":30,"key":"Fire Potion"},{"floor":31,"key":"Strength Potion"}],"is_trial":false,"path_per_floor":["M","?","$","M","M","E","T","E","T","E","M","R","M","E","R","B",null,"M","M","?","?","?","E","$","R","T","R","M","M","E","M","R"],"character_chosen":"IRONCLAD","items_purchased":["Wild Strike","Evolve","Block Potion","Ice Cream","Impervious"],"campfire_rested":5,"item_purchase_floors":[3,3,3,24,24],"current_hp_per_floor":[74,74,74,75,78,78,78,64,64,57,63,80,80,68,80,30,68,60,60,60,60,60,30,30,54,54,78,69,49,13,17,41,0],"gold":107,"neow_bonus":"TRANSFORM_TWO_CARDS","is_prod":false,"is_daily":false,"chose_seed":false,"campfire_upgraded":0,"win_rate":0,"timestamp":1538320057,"path_taken":["M","?","$","M","M","E","?","E","T","E","M","R","M","E","R","BOSS","M","M","?","?","?","E","$","R","T","R","?","M","E","M","R","BOSS"],"build_version":"2018-09-27","purchased_purges":1,"victory":false,"max_hp_per_floor":[80,80,80,80,80,80,80,80,80,80,80,80,80,80,80,80,80,80,80,80,80,80,80,80,80,80,80,80,80,80,80,80,80],"card_choices":[{"not_picked":["Clash","Evolve"],"picked":"Shrug It Off","floor":1},{"not_picked":["Iron Wave","Heavy Blade"],"picked":"Clothesline","floor":4},{"not_picked":["Bludgeon","Sentinel"],"picked":"Perfected Strike","floor":5},{"not_picked":["Fire Breathing","Second Wind"],"picked":"Sever Soul","floor":6},{"not_picked":["Corruption","Carnage","Reckless Charge"],"picked":"SKIP","floor":8},{"not_picked":["Corruption","Carnage"],"picked":"Reckless Charge","floor":8},{"not_picked":["Burning Pact","Impervious"],"picked":"Cleave","floor":10},{"not_picked":["Perfected Strike","Burning Pact"],"picked":"Pommel Strike","floor":11},{"not_picked":["Havoc","Uppercut"],"picked":"Rupture","floor":13},{"not_picked":["Havoc","True Grit"],"picked":"Combust","floor":14},{"not_picked":["Reaper","Bludgeon"],"picked":"Limit Break","floor":16},{"not_picked":["Clash","Feel No Pain"],"picked":"Rage","floor":17},{"not_picked":["Clash","Pommel Strike"],"picked":"Reckless Charge","floor":17},{"not_picked":["Carnage","Shrug It Off"],"picked":"Battle Trance","floor":17},{"not_picked":["Pommel Strike","Iron Wave"],"picked":"Perfected Strike","floor":17},{"not_picked":["Iron Wave","Clash"],"picked":"Pommel Strike","floor":18},{"not_picked":["Havoc","Perfected Strike+1"],"picked":"Inflame","floor":19},{"not_picked":["Body Slam","True Grit"],"picked":"Wild Strike","floor":23},{"not_picked":["Bludgeon","Cleave"],"picked":"Spot Weakness","floor":28},{"not_picked":["Corruption+1","Sword Boomerang","Iron Wave"],"picked":"SKIP","floor":29},{"not_picked":["Metallicize","Heavy Blade"],"picked":"Fiend Fire","floor":30},{"not_picked":["Wild Strike","Spot Weakness"],"picked":"Inflame+1","floor":31}],"player_experience":183407,"relics_obtained":[{"floor":6,"key":"Red Skull"},{"floor":7,"key":"Bronze Scales"},{"floor":8,"key":"Bottled Flame"},{"floor":9,"key":"Happy Flower"},{"floor":10,"key":"Champion Belt"},{"floor":14,"key":"Omamori"},{"floor":23,"key":"Centennial Puzzle"},{"floor":26,"key":"Boot"},{"floor":30,"key":"Gremlin Horn"}],"event_choices":[{"event_name":"Liars Game","player_choice":"agreed","floor":2,"damage_taken":0},{"event_name":"The Woman in Blue","player_choice":"Bought 1 Potion","floor":20,"damage_taken":0},{"event_name":"Match and Keep!","player_choice":"1 cards matched","floor":21,"damage_taken":0},{"event_name":"Back to Basics","player_choice":"Simplicity","floor":22,"damage_taken":0}],"is_beta":false,"boss_relics":[{"not_picked":["Runic Dome","Fusion Hammer"],"picked":"Orrery"}],"items_purged_floors":[3],"is_endless":false,"potions_floor_spawned":[1,5,6,10,13,18,19,30,31],"killed_by":"Collector","ascension_level":5}