{"gold_per_floor":[119,134,60,60,60,60,85,85,85,104,104,123,133,133,133,228,228,246,246,246,42,42,42,55,55,55,71,71,71,86,106,106,204,204,220,171,171,185,197,197,52,52,52,86,86,96,96,96,96,96],"floor_reached":51,"playtime":3255,"items_purged":[],"score":698,"play_id":"9c9130b0-ba79-4f6e-8e6d-756575b929c9","local_time":"20190323230111","is_ascension_mode":false,"campfire_choices":[{"floor":6.0,"key":"REST"},{"floor":8.0,"key":"REST"},{"data":"Defragment","floor":15.0,"key":"SMITH"},{"data":"Coolheaded","floor":23.0,"key":"SMITH"},{"floor":25.0,"key":"REST"},{"data":"Steam","floor":29.0,"key":"SMITH"},{"floor":32.0,"key":"REST"},{"data":"Reboot","floor":40.0,"key":"SMITH"},{"data":"White Noise","floor":42.0,"key":"SMITH"},{"data":"Defragment","floor":45.0,"key":"SMITH"},{"data":"Hello World","floor":47.0,"key":"SMITH"},{"data":"Tempest","floor":49.0,"key":"SMITH"}],"neow_cost":"NONE","seed_source_timestamp":336608213531897,"circlet_count":0,"master_deck":["Strike_B","Strike_B+1","Strike_B+1","Defend_B","Defend_B","Defend_B","Defend_B","Zap","Dualcast","Machine Learning+1","Redo","Beam Cell","Defragment+1","Defragment+1","Lockon","Steam+1","Steam","Parasite","Amplify","Double Energy","Coolheaded+1","Compile Driver","White Noise+1","Barrage+1","Cold Snap+1","Reboot+1","Self Repair+1","Beam Cell+1","Zap","Barrage+1","Hello World+1","Biased Cognition","Rebound+1","Cold Snap+1","Stack+1","Tempest+1"],"special_seed":0,"relics":["Cracked Core","Whetstone","Orichalcum","Sozu","Dodecahedron","Regal Pillow","Molten Egg 2","MutagenicStrength","Eternal Feather","Vajra","Unceasing Top","Dream Catcher"],"potions_floor_usage":[50],"damage_taken":[{"damage":0.0,"enemies":"Cultist","floor":1.0,"turns":4.0},{"damage":1.0,"enemies":"Jaw Worm","floor":2.0,"turns":3.0},{"damage":43.0,"enemies":"3 Sentries","floor":7.0,"turns":7.0},{"damage":3.0,"enemies":"Small Slimes","floor":10.0,"turns":3.0},{"damage":1.0,"enemies":"3 Louse","floor":12.0,"turns":3.0},{"damage":1.0,"enemies":"Blue Slaver","floor":13.0,"turns":2.0},{"damage":40.0,"enemies":"Hexaghost","floor":16.0,"turns":8.0},{"damage":17.0,"enemies":"Spheric Guardian","floor":18.0,"turns":4.0},{"damage":0.0,"enemies":"Shell Parasite","floor":24.0,"turns":5.0},{"damage":7.0,"enemies":"Shelled Parasite and Fungi","floor":27.0,"turns":5.0},{"damage":14.0,"enemies":"Centurion and Healer","floor":30.0,"turns":7.0},{"damage":6.0,"enemies":"Sentry and Sphere","floor":31.0,"turns":5.0},{"damage":60.0,"enemies":"Collector","floor":33.0,"turns":13.0},{"damage":8.0,"enemies":"3 Darklings","floor":35.0,"turns":7.0},{"damage":4.0,"enemies":"3 Shapes","floor":38.0,"turns":6.0},{"damage":32.0,"enemies":"Spire Growth","floor":39.0,"turns":5.0},{"damage":42.0,"enemies":"Giant Head","floor":44.0,"turns":8.0},{"damage":6.0,"enemies":"Jaw Worm Horde","floor":46.0,"turns":5.0},{"damage":54,"enemies":"Time Eater","floor":50,"turns":11}],"seed_played":"9120767300808862572","potions_obtained":[{"floor":2.0,"key":"FearPotion"},{"floor":10.0,"key":"Fire Potion"}],"is_trial":false,"path_per_floor":["M","M","$","?","?","R","E","R","T","M","?","M","M","?","R","B",null,"M","?","?","$","?","R","M","R","T","M","?","R","M","M","R","B",null,"M","$","?","M","M","R","$","R","T","E","R","M","R","?","R","B",null],"character_chosen":"DEFECT","items_purchased":["Defragment","Regal Pillow","Coolheaded","Beam Cell+1","Vajra"],"campfire_rested":4,"item_purchase_floors":[3,21,21,36,41],"current_hp_per_floor":[75,74,74,74,59,75,32,54,54,51,51,50,49,67,67,27,75,58,58,58,58,58,58,58,75,75,68,68,68,54,48,75,15,75,67,67,67,73,51,72,72,75,75,43,64,58,75,75,75,31],"gold":96,"neow_bonus":"ONE_RANDOM_RARE_CARD","is_prod":false,"is_daily":false,"chose_seed":false,"campfire_upgraded":8,"win_rate":0,"timestamp":1553378471,"path_taken":["M","M","?","?","?","R","E","R","T","M","?","M","?","?","R","BOSS","M","?","?","$","?","R","M","R","T","M","?","R","M","M","R","BOSS","M","$","?","M","?","R","?","R","T","E","R","?","R","?","R","BOSS"],"build_version":"2019-01-23","purchased_purges":0,"victory":true,"max_hp_per_floor":[75,75,75,75,75,75,75,75,75,75,75,75,75,75,75,75,75,75,75,75,75,75,75,75,75,75,75,75,75,75,75,75,75,75,75,75,75,75,75,75,75,75,75,75,75,75,75,75,75,75],"card_choices":[{"not_picked":["Coolheaded","Turbo"],"picked":"Redo","floor":1.0},{"not_picked":["Turbo","Reprogram"],"picked":"Beam Cell","floor":2.0},{"not_picked":["Heatsinks","Steam"],"picked":"Defragment","floor":7.0},{"not_picked":["Hello World","Capacitor"],"picked":"Lockon","floor":10.0},{"not_picked":["Hologram","Go for the Eyes"],"picked":"Steam","floor":12.0},{"not_picked":["Consume","Go for the Eyes"],"picked":"Steam","floor":13.0},{"not_picked":["All For One","Hyperbeam"],"picked":"Amplify","floor":16.0},{"not_picked":["Steam Power","Compile Driver+1"],"picked":"Double Energy","floor":18.0},{"not_picked":["Heatsinks+1","Turbo"],"picked":"Compile Driver","floor":24.0},{"not_picked":["Force Field","Sweeping Beam+1"],"picked":"White Noise","floor":27.0},{"not_picked":["Sweeping Beam+1","Self Repair"],"picked":"Barrage+1","floor":30.0},{"not_picked":["Recycle+1","Beam Cell+1"],"picked":"Cold Snap+1","floor":31.0},{"not_picked":["Echo Form","Machine Learning"],"picked":"Reboot","floor":33.0},{"not_picked":["Ball Lightning+1","Skim"],"picked":"Self Repair+1","floor":35.0},{"not_picked":["Scrape+1","Recycle"],"picked":"Rebound+1","floor":38.0},{"not_picked":["Streamline+1","Go for the Eyes+1"],"picked":"Cold Snap+1","floor":39.0},{"not_picked":["BootSequence","Compile Driver+1"],"picked":"Stack+1","floor":44.0},{"not_picked":["Auto Shields","Sweeping Beam+1"],"picked":"Tempest","floor":46.0}],"player_experience":382756,"relics_obtained":[{"floor":7.0,"key":"Whetstone"},{"floor":9.0,"key":"Orichalcum"},{"floor":26.0,"key":"Molten Egg 2"},{"floor":43.0,"key":"Unceasing Top"},{"floor":44.0,"key":"Dream Catcher"}],"event_choices":[{"damage_healed":0.0,"max_hp_gain":0.0,"max_hp_loss":0.0,"gold_gain":0.0,"event_name":"The Cleric","player_choice":"Leave","floor":4.0,"gold_loss":0.0,"damage_taken":0.0},{"damage_healed":0.0,"max_hp_gain":0.0,"max_hp_loss":0.0,"gold_gain":0.0,"event_name":"Shining Light","player_choice":"Entered Light","floor":5.0,"gold_loss":0.0,"damage_taken":15.0,"cards_upgraded":["Strike_B","Machine Learning"]},{"damage_healed":0.0,"max_hp_gain":0.0,"max_hp_loss":0.0,"gold_gain":0.0,"event_name":"Golden Wing","player_choice":"Ignored","floor":11.0,"gold_loss":0.0,"damage_taken":0.0},{"damage_healed":18.0,"max_hp_gain":0.0,"max_hp_loss":0.0,"gold_gain":0.0,"event_name":"Mushrooms","player_choice":"Healed and dodged fight","floor":14.0,"gold_loss":0.0,"damage_taken":0.0,"cards_obtained":["Parasite"]},{"damage_healed":0.0,"max_hp_gain":0.0,"max_hp_loss":0.0,"gold_gain":0.0,"event_name":"Ghosts","player_choice":"Ignored","floor":19.0,"gold_loss":0.0,"damage_taken":0.0},{"damage_healed":0.0,"max_hp_gain":0.0,"max_hp_loss":0.0,"gold_gain":0.0,"event_name":"The Mausoleum","player_choice":"Opened","floor":20.0,"gold_loss":0.0,"damage_taken":0.0,"relics_obtained":["Dodecahedron"]},{"damage_healed":0.0,"max_hp_gain":0.0,"max_hp_loss":0.0,"gold_gain":0.0,"event_name":"Beggar","player_choice":"Ignored","floor":22.0,"gold_loss":0.0,"damage_taken":0.0},{"damage_healed":0.0,"max_hp_gain":0.0,"max_hp_loss":0.0,"gold_gain":0.0,"event_name":"Drug Dealer","player_choice":"Inject Mutagens","floor":28.0,"gold_loss":0.0,"damage_taken":0.0,"relics_obtained":["MutagenicStrength"]},{"damage_healed":0.0,"max_hp_gain":0.0,"max_hp_loss":0.0,"gold_gain":0.0,"event_name":"Match and Keep!","player_choice":"4 cards matched","floor":37.0,"gold_loss":0.0,"damage_taken":0.0,"cards_obtained":["Zap","Barrage","Hello World","Biased Cognition"]},{"cards_removed":["Strike_B"],"damage_healed":0.0,"max_hp_gain":0.0,"max_hp_loss":0.0,"gold_gain":0.0,"event_name":"Falling","player_choice":"Removed Attack","floor":48.0,"gold_loss":0.0,"damage_taken":0.0}],"is_beta":false,"boss_relics":[{"not_picked":["Busted Crown","Orrery"],"picked":"Sozu"},{"not_picked":["Cursed Key","Black Star"],"picked":"Eternal Feather"}],"items_purged_floors":[],"is_endless":false,"potions_floor_spawned":[2,10,24,31,33,35,38,44],"ascension_level":0}