{"gold_per_floor":[109,109,68,80,96,96,96,96,96,96,113,148,148,158,158,258,258,269,269,288,304,314,119,119,139,166,201,300,300,73,84,84,180,180,198,108,108,160,172,172,184,201,201,201,201,201,217,236,236,236],"floor_reached":50,"playtime":2084,"items_purged":["Bullet Time"],"score":489,"play_id":"5ad598da-5e4a-4c9d-94a8-a3520a900af7","local_time":"20190321173610","is_ascension_mode":false,"campfire_choices":[{"floor":6.0,"key":"REST"},{"data":"Caltrops","floor":8.0,"key":"SMITH"},{"floor":13.0,"key":"REST"},{"floor":15.0,"key":"REST"},{"floor":24.0,"key":"REST"},{"floor":29.0,"key":"REST"},{"floor":32.0,"key":"REST"},{"data":"Deadly Poison","floor":40.0,"key":"SMITH"},{"floor":44.0,"key":"REST"},{"floor":46.0,"key":"REST"},{"floor":49.0,"key":"REST"}],"neow_cost":"NONE","seed_source_timestamp":145840091416223,"circlet_count":0,"master_deck":["Survivor","Neutralize","Flying Knee","Poisoned Stab+1","Caltrops+1","Deadly Poison+1","Quick Slash","Corpse Explosion","Deadly Poison","Dodge and Roll","Quick Slash+1","All Out Attack+1","Dodge and Roll","Bane","Prepared+1","Burst","A Thousand Cuts","Deflect","Phantasmal Killer","Unload","Poisoned Stab","Terror+1","Prepared","Crippling Poison","Escape Plan","Dash+1","Bouncing Flask+1","Poisoned Stab+1","Poisoned Stab","Dagger Throw+1"],"special_seed":0,"relics":["Ring of the Snake","Bronze Scales","The Specimen","Bottled Lightning","Velvet Choker","Snake Skull","Pen Nib","Anchor","Whetstone","Pandora\u0027s Box","Potion Belt","Mercury Hourglass"],"potions_floor_usage":[50,50,50],"damage_taken":[{"damage":3.0,"enemies":"Jaw Worm","floor":1.0,"turns":4.0},{"damage":0.0,"enemies":"2 Louse","floor":4.0,"turns":3.0},{"damage":0.0,"enemies":"Small Slimes","floor":5.0,"turns":3.0},{"damage":0.0,"enemies":"Exordium Wildlife","floor":11.0,"turns":3.0},{"damage":18.0,"enemies":"3 Sentries","floor":12.0,"turns":7.0},{"damage":0.0,"enemies":"2 Fungi Beasts","floor":14.0,"turns":2.0},{"damage":20.0,"enemies":"The Guardian","floor":16.0,"turns":8.0},{"damage":6.0,"enemies":"Shell Parasite","floor":18.0,"turns":4.0},{"damage":15.0,"enemies":"Spheric Guardian","floor":20.0,"turns":4.0},{"damage":2.0,"enemies":"Chosen and Byrds","floor":21.0,"turns":4.0},{"damage":15.0,"enemies":"Cultist and Chosen","floor":22.0,"turns":5.0},{"damage":0.0,"enemies":"Snecko","floor":25.0,"turns":4.0},{"damage":32.0,"enemies":"Slavers","floor":27.0,"turns":2.0},{"damage":0.0,"enemies":"Chosen and Byrds","floor":31.0,"turns":3.0},{"damage":61.0,"enemies":"Champ","floor":33.0,"turns":10.0},{"damage":2.0,"enemies":"Orb Walker","floor":35.0,"turns":2.0},{"damage":8.0,"enemies":"3 Shapes","floor":39.0,"turns":2.0},{"damage":20.0,"enemies":"Spire Growth","floor":41.0,"turns":4.0},{"damage":16.0,"enemies":"Sphere and 2 Shapes","floor":42.0,"turns":4.0},{"damage":0.0,"enemies":"Transient","floor":47.0,"turns":5.0},{"damage":18.0,"enemies":"3 Darklings","floor":48.0,"turns":3.0},{"damage":72,"enemies":"Time Eater","floor":50,"turns":7}],"seed_played":"-2557322827982706546","potions_obtained":[{"floor":1.0,"key":"AttackPotion"},{"floor":11.0,"key":"SteroidPotion"},{"floor":16.0,"key":"Dexterity Potion"},{"floor":21.0,"key":"SpeedPotion"},{"floor":25.0,"key":"Explosive Potion"},{"floor":27.0,"key":"Poison Potion"},{"floor":31.0,"key":"LiquidBronze"},{"floor":35.0,"key":"Explosive Potion"},{"floor":41.0,"key":"Poison Potion"},{"floor":42.0,"key":"EssenceOfSteel"},{"floor":47.0,"key":"Dexterity Potion"}],"is_trial":false,"path_per_floor":["M","?","$","M","M","R","?","R","T","?","M","E","R","M","R","B",null,"M","?","M","M","M","$","R","M","T","E","?","R","$","M","R","B",null,"M","?","$","T","M","R","M","M","T","R","?","R","M","M","R","B"],"character_chosen":"THE_SILENT","items_purchased":["Caltrops","Snake Skull","Dodge and Roll","Whetstone"],"campfire_rested":9,"item_purchase_floors":[3,23,23,30],"current_hp_per_floor":[67,55,55,55,55,70,70,70,70,56,56,38,59,59,70,50,70,64,64,49,47,32,32,53,53,53,21,21,42,42,42,63,2,70,68,68,68,68,60,60,40,24,24,45,45,66,66,48,69,0],"gold":236,"neow_bonus":"THREE_CARDS","is_prod":false,"is_daily":false,"chose_seed":false,"campfire_upgraded":2,"win_rate":0.0,"timestamp":1553186170,"path_taken":["M","?","$","M","M","R","?","R","T","?","?","E","R","M","R","BOSS","M","?","M","M","?","$","R","M","T","E","?","R","$","M","R","BOSS","M","?","$","?","M","R","M","M","T","R","?","R","M","M","R","BOSS"],"build_version":"2019-01-23","purchased_purges":1,"victory":false,"max_hp_per_floor":[70,70,70,70,70,70,70,70,70,70,70,70,70,70,70,70,70,70,70,70,70,70,70,70,70,70,70,70,70,70,70,70,70,70,70,70,70,70,70,70,70,70,70,70,70,70,70,70,70,70],"card_choices":[{"not_picked":["Riddle With Holes","Dagger Spray"],"picked":"Flying Knee","floor":0.0},{"not_picked":["Escape Plan","Flying Knee"],"picked":"Poisoned Stab","floor":1.0},{"not_picked":["Blade Dance","Deflect"],"picked":"Deadly Poison","floor":4.0},{"not_picked":["Choke","Finisher"],"picked":"Quick Slash","floor":5.0},{"not_picked":["Calculated Gamble","Masterful Stab","Underhanded Strike"],"picked":"SKIP","floor":11.0},{"not_picked":["Bane","Predator"],"picked":"Corpse Explosion","floor":12.0},{"not_picked":["Leg Sweep","Outmaneuver"],"picked":"Deadly Poison","floor":14.0},{"not_picked":["A Thousand Cuts","Wraith Form v2"],"picked":"Bullet Time","floor":16.0},{"not_picked":["Cloak And Dagger","Prepared","Predator"],"picked":"SKIP","floor":18.0},{"not_picked":["Heel Hook","Masterful Stab"],"picked":"Dodge and Roll","floor":20.0},{"not_picked":["Outmaneuver","PiercingWail"],"picked":"Quick Slash","floor":21.0},{"not_picked":["Flying Knee","Tactician+1"],"picked":"All Out Attack+1","floor":22.0},{"not_picked":["Deflect+1","Sucker Punch"],"picked":"Bane","floor":25.0},{"not_picked":["Dagger Spray","Cloak And Dagger"],"picked":"Prepared+1","floor":27.0},{"not_picked":["Underhanded Strike+1","Slice"],"picked":"Burst","floor":31.0},{"not_picked":["Bane","Calculated Gamble"],"picked":"Dash+1","floor":35.0},{"not_picked":["Heel Hook+1","Blade Dance"],"picked":"Bouncing Flask+1","floor":39.0},{"not_picked":["Caltrops+1","Deflect+1"],"picked":"Poisoned Stab+1","floor":41.0},{"not_picked":["PiercingWail+1","Acrobatics+1"],"picked":"Poisoned Stab","floor":42.0},{"not_picked":["Endless Agony+1","Slice+1","Masterful Stab"],"picked":"SKIP","floor":47.0},{"not_picked":["Poisoned Stab","Prepared"],"picked":"Dagger Throw+1","floor":48.0}],"player_experience":341837,"relics_obtained":[{"floor":9.0,"key":"The Specimen"},{"floor":12.0,"key":"Bottled Lightning"},{"floor":26.0,"key":"Pen Nib"},{"floor":27.0,"key":"Anchor"},{"floor":38.0,"key":"Potion Belt"},{"floor":43.0,"key":"Mercury Hourglass"}],"event_choices":[{"damage_healed":0.0,"max_hp_gain":0.0,"max_hp_loss":0.0,"gold_gain":0.0,"event_name":"Scrap Ooze","player_choice":"Success","floor":2.0,"gold_loss":0.0,"damage_taken":12.0,"relics_obtained":["Bronze Scales"]},{"damage_healed":0.0,"max_hp_gain":0.0,"max_hp_loss":0.0,"gold_gain":0.0,"event_name":"The Cleric","player_choice":"Leave","floor":7.0,"gold_loss":0.0,"damage_taken":0.0},{"damage_healed":0.0,"max_hp_gain":0.0,"max_hp_loss":0.0,"gold_gain":0.0,"event_name":"Shining Light","player_choice":"Entered Light","floor":10.0,"gold_loss":0.0,"damage_taken":14.0,"cards_upgraded":["Poisoned Stab","Defend_G"]},{"damage_healed":0.0,"max_hp_gain":0.0,"max_hp_loss":0.0,"gold_gain":0.0,"event_name":"Purifier","player_choice":"Ignored","floor":19.0,"gold_loss":0.0,"damage_taken":0.0},{"damage_healed":0.0,"max_hp_gain":0.0,"max_hp_loss":0.0,"gold_gain":99.0,"event_name":"Nest","player_choice":"Stole From Cult","floor":28.0,"gold_loss":0.0,"damage_taken":0.0},{"cards_removed":["Choke"],"damage_healed":0.0,"max_hp_gain":0.0,"max_hp_loss":0.0,"gold_gain":0.0,"event_name":"Designer","player_choice":"Upgrade and Remove","floor":36.0,"gold_loss":90.0,"damage_taken":0.0,"cards_upgraded":["Terror"]},{"damage_healed":0.0,"max_hp_gain":0.0,"max_hp_loss":0.0,"gold_gain":0.0,"event_name":"NoteForYourself","player_choice":"Ignored","floor":45.0,"gold_loss":0.0,"damage_taken":0.0}],"is_beta":false,"boss_relics":[{"not_picked":["Cursed Key","Orrery"],"picked":"Velvet Choker"},{"not_picked":["WristBlade","Runic Dome"],"picked":"Pandora\u0027s Box"}],"items_purged_floors":[30],"is_endless":false,"potions_floor_spawned":[1,11,16,21,25,27,31,35,41,42,47],"killed_by":"Time Eater","ascension_level":0}