{"gold_per_floor":[119,85,98,111,111,111,75,75,101,118,118,130,53,71,71,173,173,188,188,188,199,211,246,246,246,294,294,307,327,327,347,347,347],"floor_reached":33,"playtime":1376,"items_purged":[],"score":284,"play_id":"cf03be9c-1d74-4ae8-a14e-ad0ed9ff4533","local_time":"20181004231619","is_ascension_mode":false,"campfire_choices":[{"data":"Searing Blow","floor":6.0,"key":"SMITH"},{"data":"Searing Blow+1","floor":8.0,"key":"SMITH"},{"data":"Searing Blow+2","floor":11.0,"key":"SMITH"},{"data":"Searing Blow+3","floor":15.0,"key":"SMITH"},{"data":"Searing Blow+4","floor":24.0,"key":"SMITH"},{"data":"Searing Blow+5","floor":27.0,"key":"SMITH"},{"data":"Searing Blow+6","floor":30.0,"key":"SMITH"},{"data":"Searing Blow+7","floor":32,"key":"SMITH"}],"neow_cost":"NONE","seed_source_timestamp":0,"circlet_count":0,"master_deck":["Strike_R","Strike_R","Strike_R","Strike_R","Strike_R","Defend_R","Defend_R","Defend_R","Defend_R","Bash","Thunderclap","Heavy Blade","Searing Blow+8","Seeing Red","Dropkick","Anger","Impervious","Shrug It Off","Decay","Anger","Rampage","Headbutt+1","Twin Strike+1","Rampage","Iron Wave"],"special_seed":0,"relics":["Coffee Dripper"],"potions_floor_usage":[],"damage_taken":[{"damage":1.0,"enemies":"Jaw Worm","floor":1.0,"turns":3.0},{"damage":0.0,"enemies":"2 Louse","floor":3.0,"turns":2.0},{"damage":0.0,"enemies":"Small Slimes","floor":4.0,"turns":2.0},{"damage":0.0,"enemies":"Exordium Wildlife","floor":10.0,"turns":2.0},{"damage":5.0,"enemies":"Looter","floor":12.0,"turns":2.0},{"damage":1.0,"enemies":"3 Louse","floor":14.0,"turns":3.0},{"damage":47.0,"enemies":"The Guardian","floor":16.0,"turns":7.0},{"damage":15.0,"enemies":"2 Thieves","floor":18.0,"turns":3.0},{"damage":0.0,"enemies":"Chosen","floor":21.0,"turns":4.0},{"damage":24.0,"enemies":"Centurion and Healer","floor":22.0,"turns":6.0},{"damage":0.0,"enemies":"Gremlin Leader","floor":23.0,"turns":5.0},{"damage":12.0,"enemies":"Sentry and Sphere","floor":28.0,"turns":5.0},{"damage":10.0,"enemies":"Cultist and Chosen","floor":29.0,"turns":5.0},{"damage":20.0,"enemies":"Centurion and Healer","floor":31.0,"turns":4.0},{"damage":31,"enemies":"Collector","floor":33,"turns":3}],"seed_played":"-1638266181231372800","potions_obtained":[{"floor":1.0,"key":"GamblersBrew"},{"floor":3.0,"key":"Fire Potion"},{"floor":4.0,"key":"Explosive Potion"},{"floor":14.0,"key":"AttackPotion"},{"floor":18.0,"key":"PowerPotion"},{"floor":22.0,"key":"Regen Potion"},{"floor":28.0,"key":"Poison Potion"}],"is_trial":false,"path_per_floor":["M","?","M","M","?","R","$","R","T","M","R","M","$","M","R","B",null,"M","?","?","M","M","E","R","?","T","R","M","M","R","M","R"],"character_chosen":"IRONCLAD","items_purchased":["Seeing Red","Regen Potion"],"campfire_rested":0,"item_purchase_floors":[7,13],"current_hp_per_floor":[79,79,79,79,79,79,79,79,79,79,79,74,74,73,73,26,80,65,65,65,77,53,65,65,65,65,65,53,43,43,23,23,0],"gold":347,"neow_bonus":"BOSS_RELIC","is_prod":false,"is_daily":false,"chose_seed":false,"campfire_upgraded":8,"win_rate":0,"timestamp":1538687779,"path_taken":["M","?","M","M","?","R","$","R","T","M","R","M","?","M","R","BOSS","M","?","?","M","M","E","R","?","T","R","M","M","R","M","R","BOSS"],"build_version":"2018-09-27","purchased_purges":0,"victory":false,"max_hp_per_floor":[80,80,80,80,80,80,80,80,80,80,80,80,80,80,80,80,80,80,80,80,80,80,80,80,80,80,80,80,80,80,80,80,80],"card_choices":[{"not_picked":["Fire Breathing","Disarm"],"picked":"Thunderclap","floor":1.0},{"not_picked":["Spot Weakness","True Grit"],"picked":"Heavy Blade","floor":3.0},{"not_picked":["Havoc","Rampage"],"picked":"Searing Blow","floor":4.0},{"not_picked":["Second Wind","Searing Blow","Warcry"],"picked":"SKIP","floor":10.0},{"not_picked":["Body Slam","Corruption"],"picked":"Dropkick","floor":12.0},{"not_picked":["Perfected Strike","Disarm"],"picked":"Anger","floor":14.0},{"not_picked":["Immolate","Dark Embrace"],"picked":"Impervious","floor":16.0},{"not_picked":["Fire Breathing","Clash"],"picked":"Shrug It Off","floor":18.0},{"not_picked":["Rage","Body Slam"],"picked":"Anger","floor":21.0},{"not_picked":["Cleave","Pommel Strike"],"picked":"Rampage","floor":22.0},{"not_picked":["Clash","Berserk"],"picked":"Headbutt+1","floor":23.0},{"not_picked":["Headbutt","Shockwave"],"picked":"Twin Strike+1","floor":28.0},{"not_picked":["Bloodletting","Headbutt+1"],"picked":"Rampage","floor":29.0},{"not_picked":["Corruption","Perfected Strike"],"picked":"Iron Wave","floor":31}],"player_experience":219833,"relics_obtained":[],"event_choices":[{"event_name":"World of Goop","player_choice":"Left","floor":2.0,"damage_taken":0.0},{"event_name":"Shining Light","player_choice":"Ignored","floor":5.0,"damage_taken":0.0},{"event_name":"Cursed Tome","player_choice":"Ignored","floor":19.0,"damage_taken":0.0},{"event_name":"Forgotten Altar","player_choice":"Smashed Altar","floor":20.0,"damage_taken":0.0},{"event_name":"Wheel of Change","player_choice":"Relic","floor":25.0,"damage_taken":0.0}],"is_beta":false,"boss_relics":[{"not_picked":["Busted Crown","Ectoplasm","Calling Bell"]}],"items_purged_floors":[],"is_endless":false,"potions_floor_spawned":[1,3,4,14,18,22,28],"killed_by":"Collector","ascension_level":0}