{"gold_per_floor":[114,133,133,143,143,143,166,190,190,115,115,129,129,58,58,189],"floor_reached":16,"playtime":460,"items_purged":["Strike_R"],"score":220,"play_id":"3183e9aa-f593-4160-be49-4ff4597f2619","local_time":"20190324001412","is_ascension_mode":true,"campfire_choices":[{"data":"Bash","floor":6,"key":"SMITH"},{"data":"Infernal Blade","floor":11,"key":"SMITH"},{"data":"Armaments","floor":13,"key":"SMITH"},{"data":"Metallicize","floor":15,"key":"SMITH"}],"neow_cost":"NONE","seed_source_timestamp":28465544719253,"circlet_count":0,"master_deck":["AscendersBane","Strike_R","Strike_R","Strike_R","Strike_R","Defend_R","Defend_R","Defend_R","Defend_R","Bash+1","Clothesline","Thunderclap","Twin Strike","Infernal Blade+1","Seeing Red","Armaments+1","Metallicize+1"],"relics":["Burning Blood","NeowsBlessing","Centennial Puzzle","Golden Idol","Bronze Scales"],"potions_floor_usage":[],"damage_taken":[{"damage":0,"enemies":"2 Louse","floor":1,"turns":1},{"damage":0,"enemies":"Jaw Worm","floor":2,"turns":1},{"damage":0,"enemies":"Cultist","floor":4,"turns":1},{"damage":0,"enemies":"Large Slime","floor":7,"turns":5},{"damage":14,"enemies":"Exordium Wildlife","floor":8,"turns":3},{"damage":3,"enemies":"Blue Slaver","floor":12,"turns":2},{"damage":45,"enemies":"Slime Boss","floor":16,"turns":17}],"seed_played":"-8000528015738849644","potions_obtained":[{"floor":2,"key":"EntropicBrew"},{"floor":4,"key":"SteroidPotion"}],"is_trial":false,"path_per_floor":["M","M","?","M","?","R","M","M","T","$","R","M","R","$","R","B"],"character_chosen":"IRONCLAD","items_purchased":["Metallicize"],"campfire_rested":0,"item_purchase_floors":[14],"current_hp_per_floor":[78,80,73,79,59,59,65,57,57,57,57,60,60,60,60,21],"gold":189,"neow_bonus":"THREE_ENEMY_KILL","is_prod":false,"is_daily":false,"chose_seed":false,"campfire_upgraded":4,"win_rate":0,"timestamp":1553354052,"path_taken":["M","M","?","M","?","R","M","M","T","?","R","M","R","$","R","BOSS"],"build_version":"2019-01-23","purchased_purges":1,"victory":false,"max_hp_per_floor":[80,80,80,80,80,80,80,80,80,80,80,80,80,80,80,80],"card_choices":[{"not_picked":["True Grit","Warcry"],"picked":"Clothesline","floor":1},{"not_picked":["Iron Wave","Corruption"],"picked":"Thunderclap","floor":2},{"not_picked":["True Grit","Clothesline"],"picked":"Twin Strike","floor":4},{"not_picked":["Heavy Blade","Barricade"],"picked":"Infernal Blade","floor":7},{"not_picked":["True Grit","Infernal Blade"],"picked":"Seeing Red","floor":8},{"not_picked":["Armaments","Wild Strike","Entrench"],"picked":"SKIP","floor":12},{"not_picked":["Wild Strike","Entrench"],"picked":"Armaments","floor":12}],"player_experience":383397,"relics_obtained":[{"floor":9,"key":"Bronze Scales"}],"event_choices":[{"damage_healed":0,"gold_gain":0,"player_choice":"Success","damage_taken":7,"relics_obtained":["Centennial Puzzle"],"max_hp_gain":0,"max_hp_loss":0,"event_name":"Scrap Ooze","floor":3,"gold_loss":0},{"damage_healed":0,"gold_gain":0,"player_choice":"Take Damage","damage_taken":20,"relics_obtained":["Golden Idol"],"max_hp_gain":0,"max_hp_loss":0,"event_name":"Golden Idol","floor":5,"gold_loss":0}],"is_beta":false,"boss_relics":[],"items_purged_floors":[10],"is_endless":false,"potions_floor_spawned":[2,4,16],"killed_by":"Slime Boss","ascension_level":11}