{"gold_per_floor":[109,109,128,128,147,147,167,183,206,216,216,216,228,246,246,341,341,357,357,371,210,210,210,224,243,297,297,153,153],"floor_reached":29,"playtime":1664,"items_purged":["Perfected Strike"],"score":219,"play_id":"4b3323c9-34ba-4102-bc27-e6510685dba9","local_time":"20181001012436","is_ascension_mode":false,"campfire_choices":[{"data":"Flame Barrier","floor":6,"key":"SMITH"},{"data":"Fiend Fire","floor":12,"key":"SMITH"},{"data":"Exhume","floor":15,"key":"SMITH"},{"data":"Seeing Red","floor":23,"key":"SMITH"},{"floor":27,"key":"REST"}],"neow_cost":"NONE","seed_source_timestamp":180774810682987,"circlet_count":0,"master_deck":["Strike_R","Strike_R","Strike_R","Strike_R","Strike_R","Defend_R","Defend_R","Defend_R","Defend_R","Bash","Fiend Fire+1","Flame Barrier+1","Disarm","Havoc","Havoc","Seeing Red+1","Exhume+1","Burning Pact","Juggernaut","Thunderclap+1","Armaments+1","Impervious","Thunderclap+1","True Grit","Uppercut"],"relics":["Burning Blood"],"potions_floor_usage":[16,18,24,25,29],"damage_taken":[{"damage":5,"enemies":"2 Louse","floor":1,"turns":2},{"damage":7,"enemies":"Jaw Worm","floor":3,"turns":3},{"damage":3,"enemies":"Small Slimes","floor":5,"turns":3},{"damage":9,"enemies":"2 Fungi Beasts","floor":7,"turns":4},{"damage":18,"enemies":"Large Slime","floor":8,"turns":10},{"damage":1,"enemies":"Red Slaver","floor":10,"turns":4},{"damage":5,"enemies":"Looter","floor":13,"turns":3},{"damage":2,"enemies":"Exordium Thugs","floor":14,"turns":5},{"damage":14,"enemies":"Slime Boss","floor":16,"turns":7},{"damage":30,"enemies":"2 Thieves","floor":18,"turns":4},{"damage":27,"enemies":"Spheric Guardian","floor":20,"turns":5},{"damage":19,"enemies":"Centurion and Healer","floor":24,"turns":8},{"damage":35,"enemies":"Shelled Parasite and Fungi","floor":25,"turns":9},{"damage":51,"enemies":"3 Cultists","floor":29,"turns":5}],"seed_played":"2883300697914615821","potions_obtained":[{"floor":7,"key":"Weak Potion"},{"floor":8,"key":"SkillPotion"},{"floor":13,"key":"Strength Potion"},{"floor":16,"key":"SpeedPotion"},{"floor":18,"key":"Strength Potion"},{"floor":24,"key":"Weak Potion"}],"is_trial":false,"path_per_floor":["M","?","M","?","M","R","M","M","T","M","?","R","M","M","R","B",null,"M","?","M","$","?","R","M","M","T","R","$"],"character_chosen":"IRONCLAD","items_purchased":["Impervious","Uppercut"],"campfire_rested":1,"item_purchase_floors":[21,28],"current_hp_per_floor":[80,80,79,79,80,80,77,65,65,70,70,70,71,75,75,67,80,56,56,35,35,61,61,48,19,19,43,43,0],"gold":153,"neow_bonus":"ONE_RANDOM_RARE_CARD","is_prod":false,"is_daily":false,"chose_seed":false,"campfire_upgraded":4,"win_rate":0,"timestamp":1538349876,"path_taken":["M","?","M","?","M","R","M","M","T","M","?","R","M","M","R","BOSS","M","?","?","$","?","R","?","M","T","R","$","M"],"build_version":"2018-09-27","purchased_purges":1,"victory":false,"max_hp_per_floor":[80,80,80,80,80,80,80,80,80,80,80,80,80,80,80,80,80,80,80,80,80,80,80,80,80,80,80,80,80],"card_choices":[{"not_picked":["Thunderclap","Hemokinesis"],"picked":"Flame Barrier","floor":1},{"not_picked":["Sword Boomerang","Intimidate"],"picked":"Disarm","floor":3},{"not_picked":["Iron Wave","Pommel Strike"],"picked":"Havoc","floor":5},{"not_picked":["Sword Boomerang","Perfected Strike"],"picked":"Havoc","floor":7},{"not_picked":["Warcry","Sword Boomerang"],"picked":"Seeing Red","floor":8},{"not_picked":["Twin Strike","Clothesline"],"picked":"Exhume","floor":10},{"not_picked":["Heavy Blade","Warcry"],"picked":"Burning Pact","floor":13},{"not_picked":["Flex","Heavy Blade"],"picked":"Perfected Strike","floor":14},{"not_picked":["Demon Form","Offering"],"picked":"Juggernaut","floor":16},{"not_picked":["Burning Pact","Cleave"],"picked":"Thunderclap+1","floor":18},{"not_picked":["Shrug It Off","Twin Strike"],"picked":"Armaments+1","floor":20},{"not_picked":["Cleave","Brutality"],"picked":"Thunderclap+1","floor":24},{"not_picked":["Warcry","Havoc+1"],"picked":"True Grit","floor":25}],"player_experience":197189,"relics_obtained":[],"event_choices":[{"event_name":"Golden Idol","player_choice":"Ignored","floor":2,"damage_taken":0},{"event_name":"The Cleric","player_choice":"Leave","floor":4,"damage_taken":0},{"event_name":"Match and Keep!","player_choice":"0 cards matched","floor":11,"damage_taken":0},{"event_name":"The Mausoleum","player_choice":"No","floor":19,"damage_taken":0},{"event_name":"The Library","player_choice":"Heal","floor":22,"damage_taken":0}],"is_beta":false,"boss_relics":[{"not_picked":["Velvet Choker","Sozu","Astrolabe"]}],"items_purged_floors":[28],"is_endless":false,"potions_floor_spawned":[7,8,13,14,16,18,20,24],"killed_by":"3 Cultists","ascension_level":0}