{"gold_per_floor":[146,156,156,169,139,139,179,179,260,330,374,9,9,33,33,154,154,174,174,174,30,43,82,82,121,144,144,44,44,80,95,95,219,219,235,235,301,301,314,355,355,386,386,405,405,440,10,30,30,30],"floor_reached":51,"playtime":2731,"items_purged":["Strike_R","Writhe","Swift Strike"],"score":900,"play_id":"3ee3571e-5251-47d8-925f-7d8ac5d31a41","local_time":"20190224012800","is_ascension_mode":true,"campfire_choices":[{"data":"Armaments","floor":6,"key":"SMITH"},{"data":"Double Tap","floor":13,"key":"SMITH"},{"floor":15,"key":"REST"},{"floor":24,"key":"RECALL"},{"data":"Inflame","floor":32,"key":"SMITH"},{"floor":41,"key":"REST"},{"data":"1","floor":45,"key":"LIFT"},{"floor":49,"key":"REST"}],"neow_cost":"NONE","seed_source_timestamp":12515900483224,"circlet_count":0,"master_deck":["Bash","Infernal Blade+1","Armaments+1","Cleave","Armaments+1","Double Tap+1","Inflame+1","Shrug It Off+1","Armaments+1","Exhume+1","Havoc+1","Pummel","Clash","Burning Pact+1","Sword Boomerang","Whirlwind","Carnage","Twin Strike+1","Madness+1","True Grit+1","Havoc+1","Impervious+1","Havoc+1","Havoc+1","Exhume+1","Rage+1","Bludgeon","Mayhem","Transmutation+1","True Grit+1","Flex+1","Spot Weakness+1","Sentinel+1","Havoc+1","Feel No Pain+1","Impervious+1","Rage+1","Metallicize+1","Infernal Blade+1"],"relics":["Burning Blood","Tiny Chest","Golden Idol","Potion Belt","Mercury Hourglass","Toxic Egg 2","Charon\u0027s Ashes","War Paint","Pandora\u0027s Box","MutagenicStrength","WingedGreaves","Happy Flower","Red Mask","Centennial Puzzle","Dream Catcher","Fusion Hammer","Pen Nib","Girya","Frozen Egg 2","Ginger","Orichalcum","Blood Vial","Oddly Smooth Stone"],"potions_floor_usage":[11,33,33,37],"damage_taken":[{"damage":2,"enemies":"Jaw Worm","floor":1,"turns":4},{"damage":12,"enemies":"Small Slimes","floor":2,"turns":5},{"damage":8,"enemies":"2 Louse","floor":4,"turns":2},{"damage":2,"enemies":"Looter","floor":5,"turns":4},{"damage":24,"enemies":"Lagavulin","floor":7,"turns":8},{"damage":2,"enemies":"3 Sentries","floor":11,"turns":3},{"damage":17,"enemies":"Exordium Thugs","floor":14,"turns":4},{"damage":31,"enemies":"The Guardian","floor":16,"turns":12},{"damage":6,"enemies":"3 Byrds","floor":18,"turns":3},{"damage":0,"enemies":"Spheric Guardian","floor":22,"turns":1},{"damage":39,"enemies":"Gremlin Leader","floor":23,"turns":6},{"damage":0,"enemies":"Masked Bandits","floor":25,"turns":2},{"damage":3,"enemies":"Book of Stabbing","floor":30,"turns":3},{"damage":6,"enemies":"3 Cultists","floor":31,"turns":3},{"damage":33,"enemies":"Champ","floor":33,"turns":8},{"damage":0,"enemies":"Orb Walker","floor":35,"turns":3},{"damage":33,"enemies":"2 Orb Walkers","floor":37,"turns":4},{"damage":5,"enemies":"3 Darklings","floor":39,"turns":3},{"damage":29,"enemies":"Reptomancer","floor":40,"turns":3},{"damage":9,"enemies":"Giant Head","floor":42,"turns":5},{"damage":0,"enemies":"Sphere and 2 Shapes","floor":44,"turns":1},{"damage":16,"enemies":"Reptomancer","floor":46,"turns":4},{"damage":22,"enemies":"4 Shapes","floor":48,"turns":2},{"damage":4,"enemies":"Donu and Deca","floor":50,"turns":7}],"seed_played":"-7943737040621416215","potions_obtained":[{"floor":1,"key":"Dexterity Potion"},{"floor":14,"key":"Weak Potion"},{"floor":23,"key":"Poison Potion"},{"floor":30,"key":"SkillPotion"},{"floor":35,"key":"GamblersBrew"},{"floor":40,"key":"Explosive Potion"},{"floor":44,"key":"FearPotion"},{"floor":46,"key":"Regen Potion"},{"floor":48,"key":"Regen Potion"}],"is_trial":false,"path_per_floor":["M","M","?","M","M","R","E","?","T","T","E","$","R","M","R","B",null,"M","?","?","$","M","E","R","?","T","?","$","?","E","M","R","B",null,"M","T","?","?","M","E","R","E","T","M","R","E","$","M","R","B",null],"character_chosen":"IRONCLAD","items_purchased":["War Paint","Shrug It Off+1","Swift Strike","Madness+1","True Grit+1","Oddly Smooth Stone","Impervious+1","Rage+1"],"campfire_rested":3,"item_purchase_floors":[12,12,12,21,21,47,47,47],"current_hp_per_floor":[80,74,54,52,56,56,38,22,22,22,26,26,26,15,39,14,80,80,80,80,80,80,47,47,53,53,53,53,53,56,56,56,29,80,80,80,53,48,49,26,50,47,47,53,53,43,43,29,53,57],"gold":30,"neow_bonus":"RANDOM_COMMON_RELIC","is_prod":false,"is_daily":false,"chose_seed":false,"campfire_upgraded":3,"win_rate":0,"timestamp":1550942880,"path_taken":["M","M","?","M","M","R","E","?","T","?","E","$","R","M","R","BOSS","M","?","?","$","?","E","R","?","T","?","$","?","E","M","R","BOSS","M","?","?","?","M","E","R","E","T","M","R","E","$","M","R","BOSS"],"build_version":"2019-01-23","purchased_purges":3,"victory":true,"max_hp_per_floor":[80,80,80,80,80,80,80,80,80,80,80,80,80,80,80,80,80,80,80,80,80,80,80,80,80,80,80,80,80,80,80,80,80,80,80,80,80,80,80,80,80,80,80,80,80,80,80,80,80,80],"card_choices":[{"not_picked":["Combust","Body Slam"],"picked":"Infernal Blade","floor":1},{"not_picked":["Wild Strike","Twin Strike"],"picked":"Armaments","floor":2},{"not_picked":["Heavy Blade","Clash"],"picked":"Cleave","floor":4},{"not_picked":["Wild Strike","Flame Barrier"],"picked":"Armaments","floor":5},{"not_picked":["Clothesline","Cleave"],"picked":"Double Tap","floor":7},{"not_picked":["Evolve","Uppercut"],"picked":"Inflame","floor":11},{"not_picked":["Reckless Charge","Body Slam"],"picked":"Armaments+1","floor":14},{"not_picked":["Impervious+1","Offering+1"],"picked":"Exhume+1","floor":16},{"not_picked":["Sever Soul+1","Anger"],"picked":"Twin Strike+1","floor":18},{"not_picked":["Clash+1","Shrug It Off+1"],"picked":"Havoc+1","floor":22},{"not_picked":["Second Wind+1","Thunderclap"],"picked":"Impervious+1","floor":23},{"not_picked":["Bludgeon","Power Through+1"],"picked":"Havoc+1","floor":30},{"not_picked":["Sword Boomerang","Shrug It Off+1"],"picked":"Havoc+1","floor":31},{"not_picked":["Reaper","Dark Embrace"],"picked":"Exhume+1","floor":33},{"not_picked":["Armaments+1","Clash+1"],"picked":"Rage+1","floor":35},{"not_picked":["Burning Pact+1","Thunderclap"],"picked":"Bludgeon","floor":37},{"not_picked":["The Bomb+1","Swift Strike"],"picked":"Mayhem","floor":38},{"not_picked":["Dramatic Entrance","Good Instincts+1"],"picked":"Transmutation+1","floor":38},{"not_picked":["Armaments+1","Perfected Strike+1"],"picked":"True Grit+1","floor":39},{"not_picked":["Clothesline+1","Power Through+1"],"picked":"Flex+1","floor":40},{"not_picked":["Flex+1","Shrug It Off+1"],"picked":"Spot Weakness+1","floor":41},{"not_picked":["Whirlwind","Burning Pact+1"],"picked":"Sentinel+1","floor":42},{"not_picked":["Cleave+1","Pummel"],"picked":"Havoc+1","floor":44},{"not_picked":["Warcry+1","Reckless Charge+1"],"picked":"Feel No Pain+1","floor":46},{"not_picked":["Rampage","Flex+1"],"picked":"Metallicize+1","floor":48},{"not_picked":["Body Slam","Iron Wave"],"picked":"Infernal Blade+1","floor":49}],"player_experience":172915,"relics_obtained":[{"floor":7,"key":"Potion Belt"},{"floor":9,"key":"Mercury Hourglass"},{"floor":10,"key":"Toxic Egg 2"},{"floor":11,"key":"Charon\u0027s Ashes"},{"floor":23,"key":"Happy Flower"},{"floor":25,"key":"Red Mask"},{"floor":26,"key":"Centennial Puzzle"},{"floor":30,"key":"Dream Catcher"},{"floor":36,"key":"Pen Nib"},{"floor":37,"key":"Girya"},{"floor":40,"key":"Frozen Egg 2"},{"floor":42,"key":"Ginger"},{"floor":43,"key":"Orichalcum"},{"floor":46,"key":"Blood Vial"}],"event_choices":[{"damage_healed":0,"gold_gain":0,"player_choice":"Take Damage","damage_taken":20,"relics_obtained":["Golden Idol"],"max_hp_gain":0,"max_hp_loss":0,"event_name":"Golden Idol","floor":3,"gold_loss":0},{"damage_healed":0,"gold_gain":0,"player_choice":"Entered Light","damage_taken":16,"max_hp_gain":0,"max_hp_loss":0,"event_name":"Shining Light","floor":8,"gold_loss":0,"cards_upgraded":["Strike_R","Defend_R"]},{"damage_healed":0,"gold_gain":0,"player_choice":"Inject Mutagens","damage_taken":0,"relics_obtained":["MutagenicStrength"],"max_hp_gain":0,"max_hp_loss":0,"event_name":"Drug Dealer","floor":19,"gold_loss":0},{"damage_healed":0,"gold_gain":0,"player_choice":"Opened","damage_taken":0,"relics_obtained":["WingedGreaves"],"max_hp_gain":0,"max_hp_loss":0,"event_name":"The Mausoleum","floor":20,"gold_loss":0,"cards_obtained":["Writhe"]},{"damage_healed":0,"gold_gain":0,"player_choice":"Fought Bandits","damage_taken":0,"max_hp_gain":0,"max_hp_loss":0,"event_name":"Masked Bandits","floor":25,"gold_loss":0},{"damage_healed":0,"gold_gain":0,"player_choice":"Ignored","damage_taken":0,"max_hp_gain":0,"max_hp_loss":0,"event_name":"Ghosts","floor":27,"gold_loss":0},{"cards_removed":["Iron Wave"],"damage_healed":0,"gold_gain":0,"player_choice":"Purged","damage_taken":0,"max_hp_gain":0,"max_hp_loss":0,"event_name":"Purifier","floor":29,"gold_loss":0},{"damage_healed":0,"gold_gain":0,"player_choice":"Fight","damage_taken":0,"max_hp_gain":0,"max_hp_loss":0,"event_name":"Mysterious Sphere","floor":37,"gold_loss":0},{"damage_healed":0,"gold_gain":0,"player_choice":"Memory 2","damage_taken":5,"max_hp_gain":0,"max_hp_loss":0,"event_name":"SensoryStone","floor":38,"gold_loss":0}],"is_beta":false,"boss_relics":[{"not_picked":["Lizard Tail","Black Blood"],"picked":"Pandora\u0027s Box"},{"not_picked":["Busted Crown","Snecko Eye"],"picked":"Fusion Hammer"}],"items_purged_floors":[12,28,47],"is_endless":false,"potions_floor_spawned":[1,14,23,30,35,40,44,46,48],"ascension_level":2}