{"gold_per_floor":[115,190,202,202,221,221,255,267,267,23,23,55,55,84,84,179,179,195,213,56,56,67,67,97,97,169,186,221,6,6,17,17,116,116,136,163,177,190,41,41,66,66,93,393,405,58,69,96,96,96],"floor_reached":51,"playtime":2728,"items_purged":["Strike_R","Shame"],"score":1076,"play_id":"75cd675f-fc1b-4b64-bdac-957121d3512a","local_time":"20190228152303","is_ascension_mode":true,"campfire_choices":[{"data":"Bash","floor":6.0,"key":"SMITH"},{"data":"Apotheosis","floor":11.0,"key":"SMITH"},{"data":"Inflame","floor":13.0,"key":"SMITH"},{"floor":15.0,"key":"RECALL"},{"data":"Disarm","floor":23.0,"key":"SMITH"},{"floor":25.0,"key":"REST"},{"floor":32,"key":"REST"},{"data":"Inflame","floor":40,"key":"SMITH"},{"floor":49,"key":"REST"}],"neow_cost":"PERCENT_DAMAGE","seed_source_timestamp":17218666556024,"circlet_count":0,"master_deck":["Strike_R+1","Strike_R+1","Strike_R+1","Strike_R+1","Defend_R+1","Defend_R+1","Defend_R+1","Defend_R+1","Bash+1","Clash","Pommel Strike","Pummel","Inflame+1","Flame Barrier","Apotheosis+1","Inflame","Rage","Warcry","Fiend Fire","Warcry","Anger","Intimidate","Spot Weakness","Clash","Warcry+1","Fiend Fire","Disarm+1","Bandage Up","Havoc+1","Pommel Strike","Demon Form","Inflame+1","Seeing Red","Dual Wield+1","Fiend Fire","Decay","Injury","Feel No Pain+1","Flex+1","Writhe","Cleave+1","Infernal Blade+1","Thunderclap+1","Reaper"],"special_seed":0,"relics":["Burning Blood","Charon\u0027s Ashes","FossilizedHelix","Ice Cream","Gambling Chip","Ginger","Du-Vu Doll","Orrery","Matryoshka","Regal Pillow","Pear","Pen Nib","Calling Bell","Ancient Tea Set","Question Card","Mango","Red Skull","Bag of Preparation","Bag of Marbles","Magic Flower","Blood Vial","Self Forming Clay","Dream Catcher"],"potions_floor_usage":[38,50],"damage_taken":[{"damage":15.0,"enemies":"Small Slimes","floor":1.0,"turns":6.0},{"damage":0.0,"enemies":"2 Louse","floor":3.0,"turns":2.0},{"damage":0.0,"enemies":"Cultist","floor":5.0,"turns":3.0},{"damage":0.0,"enemies":"Gremlin Nob","floor":7.0,"turns":3.0},{"damage":4.0,"enemies":"2 Fungi Beasts","floor":8.0,"turns":3.0},{"damage":0.0,"enemies":"Lagavulin","floor":12.0,"turns":5.0},{"damage":0.0,"enemies":"Gremlin Nob","floor":14.0,"turns":3.0},{"damage":28.0,"enemies":"Hexaghost","floor":16.0,"turns":5.0},{"damage":0.0,"enemies":"3 Byrds","floor":18.0,"turns":2.0},{"damage":0.0,"enemies":"Chosen","floor":19.0,"turns":3.0},{"damage":0.0,"enemies":"Snecko","floor":22.0,"turns":3.0},{"damage":41.0,"enemies":"Slavers","floor":24.0,"turns":4.0},{"damage":6.0,"enemies":"Snake Plant","floor":27.0,"turns":3.0},{"damage":10.0,"enemies":"Gremlin Leader","floor":28.0,"turns":5.0},{"damage":18,"enemies":"Shelled Parasite and Fungi","floor":31,"turns":3},{"damage":88,"enemies":"Automaton","floor":33,"turns":8},{"damage":0,"enemies":"3 Shapes","floor":35,"turns":3},{"damage":30,"enemies":"3 Darklings","floor":37,"turns":5},{"damage":14,"enemies":"Writhing Mass","floor":38,"turns":5},{"damage":0,"enemies":"Nemesis","floor":41,"turns":3},{"damage":0,"enemies":"Sphere and 2 Shapes","floor":45,"turns":3},{"damage":12,"enemies":"Maw","floor":47,"turns":5},{"damage":54,"enemies":"Reptomancer","floor":48,"turns":5},{"damage":67,"enemies":"Time Eater","floor":50,"turns":8}],"seed_played":"-8453973463860201482","potions_obtained":[{"floor":3.0,"key":"EssenceOfSteel"},{"floor":12.0,"key":"Fire Potion"},{"floor":14.0,"key":"Swift Potion"},{"floor":16.0,"key":"LiquidBronze"},{"floor":19.0,"key":"Ancient Potion"},{"floor":27.0,"key":"PowerPotion"},{"floor":33,"key":"Regen Potion"},{"floor":37,"key":"Block Potion"},{"floor":38,"key":"SteroidPotion"}],"is_trial":false,"path_per_floor":["M","?","M","?","M","R","E","M","T","$","R","E","R","E","R","B",null,"M","M","$","?","M","R","E","R","T","M","E","$","?","M","R","B",null,"M","T","M","M","$","R","E","?","T","?","M","$","M","E","R","B",null],"character_chosen":"IRONCLAD","items_purchased":["Apotheosis","Inflame","Disarm","Bandage Up","Inflame","Seeing Red","Bag of Marbles","Self Forming Clay"],"campfire_rested":3,"item_purchase_floors":[10,10,20,20,29,29,39,46],"current_hp_per_floor":[47,36,42,42,48,48,54,56,56,56,56,62,62,68,68,46,80,80,80,80,80,80,80,45,69,79,83,83,83,83,75,90,14,104,104,104,86,82,82,82,88,104,104,104,104,104,101,59,104,55],"gold":96,"neow_bonus":"ONE_RARE_RELIC","is_prod":false,"is_daily":false,"chose_seed":false,"campfire_upgraded":5,"win_rate":0,"timestamp":1551338583,"path_taken":["M","?","M","?","M","R","E","?","T","$","R","E","R","E","R","BOSS","M","M","$","?","M","R","E","R","T","M","E","?","?","?","R","BOSS","M","?","M","M","$","R","E","?","T","?","?","$","?","E","R","BOSS"],"build_version":"2019-01-23","purchased_purges":2,"victory":true,"max_hp_per_floor":[80,80,80,80,80,80,80,80,80,80,80,80,80,80,80,80,80,80,80,80,80,80,80,80,80,90,90,90,90,90,90,90,90,104,104,104,104,104,104,104,104,104,104,104,104,104,104,104,104,104],"card_choices":[{"not_picked":["Pommel Strike","Wild Strike"],"picked":"Clash","floor":1.0},{"not_picked":["Body Slam","Wild Strike"],"picked":"Pommel Strike","floor":3.0},{"not_picked":["Headbutt","Clothesline"],"picked":"Pummel","floor":5.0},{"not_picked":["Bloodletting","Wild Strike"],"picked":"Inflame","floor":7.0},{"not_picked":["Berserk","Sword Boomerang"],"picked":"Flame Barrier","floor":8.0},{"not_picked":["Pommel Strike","Ghostly Armor"],"picked":"Rage","floor":12.0},{"not_picked":["Ghostly Armor","Clash"],"picked":"Warcry","floor":14.0},{"not_picked":["Immolate","Bludgeon"],"picked":"Fiend Fire","floor":16.0},{"not_picked":["Sword Boomerang","Body Slam"],"picked":"Warcry","floor":17.0},{"not_picked":["Armaments","Wild Strike"],"picked":"Anger","floor":17.0},{"not_picked":["Infernal Blade","Evolve"],"picked":"Intimidate","floor":17.0},{"not_picked":["Heavy Blade","Sword Boomerang"],"picked":"Spot Weakness","floor":17.0},{"not_picked":["Metallicize","Havoc"],"picked":"Clash","floor":17.0},{"not_picked":["Uppercut","Pommel Strike"],"picked":"Warcry","floor":18.0},{"not_picked":["Perfected Strike","Armaments"],"picked":"Fiend Fire","floor":19.0},{"not_picked":["Body Slam+1","Twin Strike","Carnage"],"picked":"SKIP","floor":22.0},{"not_picked":["Evolve","Intimidate+1"],"picked":"Havoc+1","floor":24.0},{"not_picked":["Pummel","Armaments"],"picked":"Pommel Strike","floor":27.0},{"not_picked":["Body Slam+1","Twin Strike"],"picked":"Demon Form","floor":28.0},{"not_picked":["Warcry","Sword Boomerang+1"],"picked":"Dual Wield+1","floor":31},{"not_picked":["Offering","Barricade"],"picked":"Fiend Fire","floor":33},{"not_picked":["Sentinel","Perfected Strike+1","Flex+1"],"picked":"Feel No Pain+1","floor":35},{"not_picked":["Armaments","Second Wind","Sever Soul+1","Thunderclap"],"picked":"SKIP","floor":37},{"not_picked":["Warcry","Fire Breathing","Body Slam+1"],"picked":"Flex+1","floor":38},{"not_picked":["Dropkick","Twin Strike+1","Ghostly Armor","Berserk"],"picked":"SKIP","floor":41},{"not_picked":["Iron Wave","Armaments","Perfected Strike"],"picked":"Cleave+1","floor":45},{"not_picked":["Anger+1","Havoc","Sentinel+1"],"picked":"Infernal Blade+1","floor":47},{"not_picked":["Heavy Blade","Sentinel+1","Anger+1"],"picked":"Thunderclap+1","floor":48},{"not_picked":["Heavy Blade","Shrug It Off+1","Second Wind+1"],"picked":"Reaper","floor":49}],"player_experience":217122,"relics_obtained":[{"floor":7.0,"key":"Ice Cream"},{"floor":9.0,"key":"Gambling Chip"},{"floor":12.0,"key":"Ginger"},{"floor":14.0,"key":"Du-Vu Doll"},{"floor":24.0,"key":"Matryoshka"},{"floor":26.0,"key":"Regal Pillow"},{"floor":26.0,"key":"Pear"},{"floor":28.0,"key":"Pen Nib"},{"floor":34,"key":"Ancient Tea Set"},{"floor":34,"key":"Question Card"},{"floor":34,"key":"Mango"},{"floor":36,"key":"Red Skull"},{"floor":36,"key":"Bag of Preparation"},{"floor":41,"key":"Magic Flower"},{"floor":43,"key":"Blood Vial"},{"floor":48,"key":"Dream Catcher"}],"event_choices":[{"damage_healed":0.0,"max_hp_gain":0.0,"max_hp_loss":0.0,"gold_gain":75.0,"event_name":"World of Goop","player_choice":"Gather Gold","floor":2.0,"gold_loss":0.0,"damage_taken":11.0},{"damage_healed":0.0,"max_hp_gain":0.0,"max_hp_loss":0.0,"gold_gain":0.0,"event_name":"WeMeetAgain","player_choice":"Gave Potion","floor":4.0,"gold_loss":0.0,"damage_taken":0.0,"relics_obtained":["FossilizedHelix"]},{"damage_healed":0.0,"max_hp_gain":0.0,"max_hp_loss":0.0,"gold_gain":0.0,"event_name":"Accursed Blacksmith","player_choice":"Forge","floor":21.0,"gold_loss":0.0,"damage_taken":0.0,"cards_upgraded":["Warcry"]},{"damage_healed":0.0,"max_hp_gain":0.0,"max_hp_loss":0.0,"gold_gain":0.0,"event_name":"Back to Basics","player_choice":"Simplicity","floor":30.0,"gold_loss":0.0,"damage_taken":0.0,"cards_upgraded":["Strike_R","Strike_R","Strike_R","Strike_R","Defend_R","Defend_R","Defend_R","Defend_R"]},{"damage_healed":26,"gold_gain":0,"player_choice":"Writhe","damage_taken":0,"max_hp_gain":0,"max_hp_loss":0,"event_name":"Winding Halls","floor":42,"gold_loss":0,"cards_obtained":["Writhe"]},{"damage_healed":0,"gold_gain":300,"player_choice":"Gold","damage_taken":0,"max_hp_gain":0,"max_hp_loss":0,"event_name":"Wheel of Change","floor":44,"gold_loss":0}],"is_beta":false,"boss_relics":[{"not_picked":["Ectoplasm","Empty Cage"],"picked":"Orrery"},{"not_picked":["Runic Dome","Mark of Pain"],"picked":"Calling Bell"}],"items_purged_floors":[29,46],"is_endless":false,"potions_floor_spawned":[3,12,14,16,19,27,33,35,37,38,48],"ascension_level":4}