{"gold_per_floor":[114,126,142,159,141,141,141,158,158,158,189,189,214,227,227,227],"floor_reached":16,"playtime":1605,"items_purged":[],"score":114,"play_id":"1edd9264-05ed-4a65-8e1c-f3baa6fe15ed","local_time":"20181121194606","is_ascension_mode":false,"campfire_choices":[{"data":"Envenom","floor":6,"key":"SMITH"},{"floor":10,"key":"REST"},{"floor":12,"key":"REST"},{"floor":15,"key":"REST"}],"neow_cost":"NONE","seed_source_timestamp":35090835932046,"circlet_count":0,"master_deck":["Defend_G","Defend_G+1","Defend_G","Defend_G","Defend_G+1","Strike_G","Strike_G","Strike_G","Strike_G","Strike_G","Survivor","Neutralize","Blade Dance","Backflip","Infinite Blades","Slice","Envenom+1","Masterful Stab","Dash","Slice","Tactician"],"relics":["Ring of the Snake","NeowsBlessing","War Paint","PreservedInsect","Juzu Bracelet"],"potions_floor_usage":[16,16,16],"damage_taken":[{"damage":0,"enemies":"Jaw Worm","floor":1,"turns":1},{"damage":0,"enemies":"2 Louse","floor":2,"turns":1},{"damage":0,"enemies":"Small Slimes","floor":3,"turns":1},{"damage":11,"enemies":"Looter","floor":4,"turns":4},{"damage":7,"enemies":"Exordium Thugs","floor":5,"turns":4},{"damage":14,"enemies":"Lots of Slimes","floor":8,"turns":6},{"damage":21,"enemies":"Gremlin Nob","floor":11,"turns":5},{"damage":26,"enemies":"3 Sentries","floor":13,"turns":5},{"damage":0,"enemies":"Blue Slaver","floor":14,"turns":4},{"damage":56,"enemies":"Slime Boss","floor":16,"turns":11}],"seed_played":"9214394118898571322","potions_obtained":[{"floor":2,"key":"Weak Potion"},{"floor":4,"key":"Fire Potion"},{"floor":13,"key":"SkillPotion"},{"floor":14,"key":"SteroidPotion"}],"is_trial":false,"path_per_floor":["M","M","M","M","M","R","?","M","T","R","E","R","E","M","R","B"],"character_chosen":"THE_SILENT","items_purchased":[],"campfire_rested":3,"item_purchase_floors":[],"current_hp_per_floor":[70,70,70,59,52,52,52,38,38,59,38,59,33,33,54,0],"gold":227,"neow_bonus":"THREE_ENEMY_KILL","is_prod":false,"is_daily":false,"chose_seed":false,"campfire_upgraded":1,"win_rate":0.0,"timestamp":1542797166,"path_taken":["M","M","M","M","M","R","?","M","T","R","E","R","E","M","R","BOSS"],"build_version":"2018-11-15","purchased_purges":0,"victory":false,"max_hp_per_floor":[70,70,70,70,70,70,70,70,70,70,70,70,70,70,70,70],"card_choices":[{"not_picked":["Dodge and Roll","Dagger Throw"],"picked":"Blade Dance","floor":1},{"not_picked":["Deflect","Dodge and Roll"],"picked":"Backflip","floor":2},{"not_picked":["Quick Slash","Predator"],"picked":"Infinite Blades","floor":3},{"not_picked":["Blade Dance","PiercingWail"],"picked":"Slice","floor":4},{"not_picked":["PiercingWail","Dodge and Roll"],"picked":"Envenom","floor":5},{"not_picked":["Acrobatics","Dodge and Roll"],"picked":"Masterful Stab","floor":8},{"not_picked":["Expertise","PiercingWail"],"picked":"Dash","floor":11},{"not_picked":["Underhanded Strike","Dodge and Roll"],"picked":"Slice","floor":13},{"not_picked":["PiercingWail","Sucker Punch"],"picked":"Tactician","floor":14}],"player_experience":7858,"relics_obtained":[{"floor":9,"key":"War Paint"},{"floor":11,"key":"PreservedInsect"},{"floor":13,"key":"Juzu Bracelet"}],"event_choices":[{"damage_healed":0,"gold_gain":0,"player_choice":"Ignored","damage_taken":0,"max_hp_gain":0,"max_hp_loss":0,"event_name":"Liars Game","floor":7,"gold_loss":0}],"is_beta":false,"boss_relics":[],"items_purged_floors":[],"is_endless":false,"potions_floor_spawned":[2,4,13,14],"killed_by":"Slime Boss","ascension_level":0}