{"gold_per_floor":[12,26,39,39,59,94,94,112,167,197,197,55,74,74,74,175,175,188,44,44,44,58,84,97,97,177,177],"floor_reached":27,"playtime":1562,"items_purged":["Defend_B"],"score":316,"play_id":"69c9e86c-e6c7-4643-972e-fe9d82f41985","local_time":"20190305181021","is_ascension_mode":true,"campfire_choices":[{"data":"Defragment","floor":7.0,"key":"SMITH"},{"data":"Redo","floor":11.0,"key":"SMITH"},{"data":"Loop","floor":15.0,"key":"SMITH"}],"neow_cost":"NO_GOLD","seed_source_timestamp":0,"circlet_count":0,"master_deck":["Strike_B","Strike_B+1","Defend_B","Defend_B","Defend_B","Zap","Dualcast+1","Defragment+1","Coolheaded+1","Streamline+1","Redo+1","Auto Shields","Redo","Coolheaded","Loop+1","Coolheaded","Echo Form","Capacitor","Blizzard"],"special_seed":0,"relics":["Cracked Core","Whetstone","Tiny Chest","Anchor","Busted Crown","Potion Belt","Mercury Hourglass","Question Card","Sundial"],"potions_floor_usage":[27],"damage_taken":[{"damage":0.0,"enemies":"Cultist","floor":1.0,"turns":5.0},{"damage":1.0,"enemies":"Small Slimes","floor":2.0,"turns":3.0},{"damage":0.0,"enemies":"Jaw Worm","floor":3.0,"turns":6.0},{"damage":0.0,"enemies":"2 Fungi Beasts","floor":5.0,"turns":5.0},{"damage":25.0,"enemies":"Lagavulin","floor":6.0,"turns":9.0},{"damage":0.0,"enemies":"Exordium Thugs","floor":8.0,"turns":4.0},{"damage":21.0,"enemies":"Gremlin Nob","floor":10.0,"turns":4.0},{"damage":0.0,"enemies":"Blue Slaver","floor":13.0,"turns":2.0},{"damage":8.0,"enemies":"The Guardian","floor":16.0,"turns":11.0},{"damage":0.0,"enemies":"Shell Parasite","floor":18.0,"turns":8.0},{"damage":7.0,"enemies":"3 Byrds","floor":22.0,"turns":7.0},{"damage":13.0,"enemies":"Book of Stabbing","floor":23.0,"turns":8.0},{"damage":5.0,"enemies":"Centurion and Healer","floor":24.0,"turns":8.0},{"damage":42,"enemies":"Gremlin Leader","floor":27,"turns":5}],"seed_played":"-7092435954992810036","potions_obtained":[{"floor":1.0,"key":"Regen Potion"},{"floor":3.0,"key":"EssenceOfSteel"},{"floor":6.0,"key":"Block Potion"},{"floor":10.0,"key":"Strength Potion"},{"floor":16.0,"key":"SmokeBomb"},{"floor":24.0,"key":"LiquidBronze"}],"is_trial":false,"path_per_floor":["M","M","M","$","M","E","R","M","T","E","R","$","M","?","R","B",null,"M","$","?","?","M","E","M","?","T","E"],"character_chosen":"DEFECT","items_purchased":["Loop","Capacitor","Blizzard"],"campfire_rested":0,"item_purchase_floors":[12,19,19],"current_hp_per_floor":[68,67,67,67,67,56,56,56,56,35,35,35,35,20,20,12,59,59,59,59,59,52,39,34,34,34,0],"gold":177,"neow_bonus":"REMOVE_TWO","is_prod":false,"is_daily":false,"chose_seed":false,"campfire_upgraded":3,"win_rate":0,"timestamp":1551780621,"path_taken":["M","M","M","$","M","E","R","?","T","E","R","$","M","?","R","BOSS","M","$","?","?","?","E","M","?","T","E"],"build_version":"2019-01-23","purchased_purges":1,"victory":false,"max_hp_per_floor":[75,75,75,75,75,75,75,75,75,75,75,75,75,75,75,75,75,75,75,75,75,75,75,75,75,75,75],"card_choices":[{"not_picked":["Hello World","Double Energy"],"picked":"Defragment","floor":1.0},{"not_picked":["Aggregate","Beam Cell"],"picked":"Coolheaded","floor":2.0},{"not_picked":["Storm","Barrage"],"picked":"Streamline","floor":3.0},{"not_picked":["Force Field","Stack"],"picked":"Redo","floor":5.0},{"not_picked":["Lockon","Genetic Algorithm"],"picked":"Auto Shields","floor":6.0},{"not_picked":["Stack","Hologram"],"picked":"Redo","floor":8.0},{"not_picked":["Stack","Genetic Algorithm"],"picked":"Coolheaded","floor":10.0},{"not_picked":["BootSequence","Sunder"],"picked":"Coolheaded","floor":13.0},{"not_picked":["Reboot","Thunder Strike"],"picked":"Echo Form","floor":16.0},{"not_picked":["Lockon"],"picked":"SKIP","floor":18.0},{"not_picked":["Hologram"],"picked":"SKIP","floor":22.0},{"not_picked":["Skim"],"picked":"SKIP","floor":23.0},{"not_picked":["Streamline"],"picked":"SKIP","floor":24.0}],"player_experience":239305,"relics_obtained":[{"floor":6.0,"key":"Whetstone"},{"floor":9.0,"key":"Tiny Chest"},{"floor":10.0,"key":"Anchor"},{"floor":23.0,"key":"Mercury Hourglass"},{"floor":26.0,"key":"Sundial"}],"event_choices":[{"damage_healed":0.0,"max_hp_gain":0.0,"max_hp_loss":0.0,"gold_gain":0.0,"event_name":"Shining Light","player_choice":"Entered Light","floor":14.0,"gold_loss":0.0,"damage_taken":15.0,"cards_upgraded":["Coolheaded","Dualcast"]},{"damage_healed":0.0,"max_hp_gain":0.0,"max_hp_loss":0.0,"gold_gain":0.0,"event_name":"Addict","player_choice":"Stole Relic","floor":20.0,"gold_loss":0.0,"damage_taken":0.0,"relics_obtained":["Potion Belt"],"cards_obtained":["Shame"]},{"cards_removed":["Shame"],"damage_healed":0.0,"max_hp_gain":0.0,"max_hp_loss":0.0,"gold_gain":0.0,"event_name":"Purifier","player_choice":"Purged","floor":21.0,"gold_loss":0.0,"damage_taken":0.0},{"damage_healed":0.0,"max_hp_gain":0.0,"max_hp_loss":0.0,"gold_gain":0.0,"event_name":"The Mausoleum","player_choice":"Opened","floor":25.0,"gold_loss":0.0,"damage_taken":0.0,"relics_obtained":["Question Card"]}],"is_beta":false,"boss_relics":[{"not_picked":["Velvet Choker","Runic Pyramid"],"picked":"Busted Crown"}],"items_purged_floors":[12],"is_endless":false,"potions_floor_spawned":[1,3,6,10,16,24],"killed_by":"Gremlin Leader","ascension_level":6}