{"gold_per_floor":[114,29,41,41,41,41,79,154,202,214,17,31,31,112,112,242,242,261,261,84,14,14,14,49,68,68,111,111,111,130,130,130,255,255,271,22,41,62,62,62,86,127,127,146,171,171,171,19,19,19,19,19,19,57,57],"floor_reached":55,"playtime":3020,"items_purged":["Strike_B","Steam Power"],"score":941,"play_id":"d77e8629-03a5-4524-abdd-01432a2fb38e","local_time":"20181206145310","is_ascension_mode":true,"campfire_choices":[{"data":"Self Repair","floor":6,"key":"SMITH"},{"data":"Defragment","floor":10,"key":"SMITH"},{"data":"Self Repair","floor":13,"key":"SMITH"},{"data":"Force Field","floor":15,"key":"SMITH"},{"data":"White Noise","floor":23,"key":"SMITH"},{"data":"Buffer","floor":28,"key":"SMITH"},{"data":"Loop","floor":32,"key":"SMITH"},{"floor":40,"key":"RECALL"},{"data":"Echo Form","floor":46,"key":"SMITH"},{"data":"Loop","floor":49,"key":"SMITH"},{"data":"Reinforced Body","floor":52,"key":"SMITH"}],"neow_cost":"NONE","seed_source_timestamp":6221285000159,"circlet_count":0,"master_deck":["Zap+1","Dualcast+1","Defragment+1","Impatience","Self Repair+1","Force Field+1","Self Repair+1","Conserve Battery","Undo","Consume","Buffer+1","Double Energy","Darkness","Tempest","Undo","White Noise+1","Reinforced Body+1","Loop+1","BootSequence","Stack+1","Leap+1","Loop+1","Echo Form+1","Melter"],"relics":["Cracked Core","NeowsBlessing","Golden Idol","Bronze Scales","MawBank","Gambling Chip","Pandora\u0027s Box","Happy Flower","Art of War","Unceasing Top","Busted Crown","Mummified Hand","Blood Vial","Lantern","PreservedInsect"],"potions_floor_usage":[24,55,55],"damage_taken":[{"damage":0,"enemies":"Small Slimes","floor":1,"turns":1},{"damage":0,"enemies":"2 Louse","floor":3,"turns":1},{"damage":0,"enemies":"Gremlin Nob","floor":7,"turns":1},{"damage":5,"enemies":"Jaw Worm","floor":12,"turns":3},{"damage":26,"enemies":"3 Sentries","floor":14,"turns":7},{"damage":32,"enemies":"The Guardian","floor":16,"turns":14},{"damage":18,"enemies":"3 Byrds","floor":18,"turns":3},{"damage":26,"enemies":"Book of Stabbing","floor":24,"turns":5},{"damage":1,"enemies":"Spheric Guardian","floor":25,"turns":4},{"damage":24,"enemies":"Gremlin Leader","floor":27,"turns":10},{"damage":0,"enemies":"Shelled Parasite and Fungi","floor":30,"turns":7},{"damage":24,"enemies":"Collector","floor":33,"turns":12},{"damage":17,"enemies":"Orb Walker","floor":35,"turns":4},{"damage":0,"enemies":"3 Shapes","floor":37,"turns":7},{"damage":6,"enemies":"Transient","floor":38,"turns":5},{"damage":0,"enemies":"3 Darklings","floor":41,"turns":7},{"damage":0,"enemies":"Giant Head","floor":42,"turns":11},{"damage":0,"enemies":"Sphere and 2 Shapes","floor":44,"turns":5},{"damage":0,"enemies":"Jaw Worm Horde","floor":45,"turns":5},{"damage":25,"enemies":"Awakened One","floor":50,"turns":17},{"damage":22,"enemies":"Shield and Spear","floor":54,"turns":5},{"damage":90,"enemies":"The Heart","floor":55,"turns":8}],"seed_played":"1745528301487042260","potions_obtained":[{"floor":3,"key":"Fire Potion"},{"floor":12,"key":"Dexterity Potion"},{"floor":16,"key":"Poison Potion"},{"floor":25,"key":"FearPotion"},{"floor":27,"key":"EssenceOfSteel"},{"floor":30,"key":"PowerPotion"},{"floor":39,"key":"Dexterity Potion"},{"floor":39,"key":"FairyPotion"}],"is_trial":false,"path_per_floor":["M","$","M","?","?","R","E","?","T","R","$","M","R","?","R","B",null,"M","?","$","$","?","R","E","M","T","E","R","$","M","?","R","B",null,"M","$","M","M","?","R","M","E","T","M","M","R","?","$","R","B",null,"R","$","E","B"],"character_chosen":"DEFECT","items_purchased":["Impatience","Self Repair","Conserve Battery","Loop","BootSequence","Mummified Hand","Lantern"],"campfire_rested":0,"item_purchase_floors":[2,11,11,20,21,36,48],"current_hp_per_floor":[75,75,75,60,42,42,42,31,31,31,31,43,43,37,37,25,75,75,75,75,75,75,75,69,75,75,71,71,71,75,75,75,71,75,68,68,75,75,75,75,75,75,75,75,75,75,75,75,75,70,75,75,75,73,0],"gold":57,"neow_bonus":"THREE_ENEMY_KILL","is_prod":false,"is_daily":false,"chose_seed":false,"campfire_upgraded":10,"win_rate":0,"timestamp":1544075590,"path_taken":["M","$","M","?","?","R","E","?","T","R","$","M","R","?","R","BOSS","M","?","?","$","?","R","E","M","T","E","R","$","?","?","R","BOSS","M","$","M","M","?","R","?","E","T","M","M","R","?","$","R","BOSS","R","$","E","BOSS"],"build_version":"2018-11-15","purchased_purges":2,"victory":false,"max_hp_per_floor":[75,75,75,75,75,75,75,75,75,75,75,75,75,75,75,75,75,75,75,75,75,75,75,75,75,75,75,75,75,75,75,75,75,75,75,75,75,75,75,75,75,75,75,75,75,75,75,75,75,75,75,75,75,75,75],"card_choices":[{"not_picked":["Turbo","Gash"],"picked":"Defragment","floor":1},{"not_picked":["Self Repair","Hologram","Fusion"],"picked":"SKIP","floor":3},{"not_picked":["Hologram","Fusion"],"picked":"Self Repair","floor":3},{"not_picked":["Barrage","Fission"],"picked":"Force Field","floor":7},{"not_picked":["Go for the Eyes","Steam Power"],"picked":"Undo","floor":12},{"not_picked":["Compile Driver","Leap"],"picked":"Consume","floor":14},{"not_picked":["Core Surge","Meteor Strike"],"picked":"Buffer","floor":16},{"not_picked":["Compile Driver+1","Sweeping Beam"],"picked":"White Noise","floor":18},{"not_picked":["Lockon","Steam Power"],"picked":"Stack+1","floor":24},{"not_picked":["Genetic Algorithm+1","Hello World"],"picked":"Leap+1","floor":25},{"not_picked":["Turbo","Leap+1"],"picked":"Loop","floor":27},{"not_picked":["Doom and Gloom","Chill","Barrage"],"picked":"SKIP","floor":30},{"not_picked":["Rainbow","Meteor Strike"],"picked":"Echo Form","floor":33},{"not_picked":["Sweeping Beam+1"],"picked":"SKIP","floor":35},{"not_picked":["Barrage"],"picked":"SKIP","floor":37},{"not_picked":["Scrape+1"],"picked":"SKIP","floor":38},{"not_picked":["Gash+1"],"picked":"SKIP","floor":41},{"not_picked":["Stack"],"picked":"SKIP","floor":42},{"not_picked":["Darkness+1"],"picked":"SKIP","floor":44},{"not_picked":["Recycle+1"],"picked":"SKIP","floor":45},{"not_picked":["Hello World"],"picked":"SKIP","floor":54}],"player_experience":159172,"relics_obtained":[{"floor":7,"key":"Bronze Scales"},{"floor":9,"key":"MawBank"},{"floor":14,"key":"Gambling Chip"},{"floor":24,"key":"Happy Flower"},{"floor":26,"key":"Art of War"},{"floor":27,"key":"Unceasing Top"},{"floor":42,"key":"Blood Vial"},{"floor":54,"key":"PreservedInsect"}],"event_choices":[{"damage_healed":0,"gold_gain":0,"player_choice":"Entered Light","damage_taken":15,"max_hp_gain":0,"max_hp_loss":0,"event_name":"Shining Light","floor":4,"gold_loss":0,"cards_upgraded":["Dualcast","Zap"]},{"damage_healed":0,"gold_gain":0,"player_choice":"Take Damage","damage_taken":18,"relics_obtained":["Golden Idol"],"max_hp_gain":0,"max_hp_loss":0,"event_name":"Golden Idol","floor":5,"gold_loss":0},{"damage_healed":0,"gold_gain":75,"player_choice":"Gather Gold","damage_taken":11,"max_hp_gain":0,"max_hp_loss":0,"event_name":"World of Goop","floor":8,"gold_loss":0},{"damage_healed":0,"gold_gain":0,"player_choice":"Searched \u00272\u0027 times","damage_taken":0,"max_hp_gain":0,"max_hp_loss":0,"event_name":"Dead Adventurer","floor":14,"gold_loss":0},{"damage_healed":0,"gold_gain":0,"player_choice":"Read","damage_taken":0,"max_hp_gain":0,"max_hp_loss":0,"event_name":"The Library","floor":19,"gold_loss":0,"cards_obtained":["Reinforced Body"]},{"cards_removed":["Glacier"],"damage_healed":0,"gold_gain":0,"player_choice":"Card Removal","damage_taken":0,"max_hp_gain":0,"max_hp_loss":0,"event_name":"Wheel of Change","floor":22,"gold_loss":0},{"damage_healed":0,"gold_gain":0,"player_choice":"Ignored","damage_taken":0,"max_hp_gain":0,"max_hp_loss":0,"event_name":"Vampires","floor":31,"gold_loss":0},{"damage_healed":0,"gold_gain":0,"player_choice":"Got Potions","damage_taken":0,"max_hp_gain":0,"max_hp_loss":0,"event_name":"Lab","floor":39,"gold_loss":0},{"damage_healed":0,"gold_gain":0,"cards_transformed":["Consume"],"player_choice":"Transformed","damage_taken":0,"max_hp_gain":0,"max_hp_loss":0,"event_name":"Transmorgrifier","floor":47,"gold_loss":0,"cards_obtained":["Melter"]}],"is_beta":false,"boss_relics":[{"not_picked":["Snecko Eye","Orrery"],"picked":"Pandora\u0027s Box"},{"not_picked":["Philosopher\u0027s Stone","FrozenCore"],"picked":"Busted Crown"}],"items_purged_floors":[11,20],"is_endless":false,"potions_floor_spawned":[3,12,16,25,27,30,33,38,42,44,45,54],"killed_by":"The Heart","ascension_level":4}