{"gold_per_floor":[115,131,149,166,179,214,214,236,316,42,61,72,105,121,121,223,223,243,243,261,272,272,307,170,95,95,95,130,44,44,64,64,162,162,182,282,297,313,361,361,390,390,390,390,390,390,410,420,420,420],"floor_reached":50,"playtime":4503,"items_purged":["Strike_G","Writhe","Strike_G"],"score":574,"play_id":"e632f9b6-3b17-4446-b711-e40b7654c55e","local_time":"20181214063430","is_ascension_mode":false,"campfire_choices":[{"data":"Infinite Blades","floor":7,"key":"SMITH"},{"data":"Accuracy","floor":15,"key":"SMITH"},{"data":"Well Laid Plans","floor":27,"key":"SMITH"},{"data":"Footwork","floor":32,"key":"SMITH"},{"data":"Storm of Steel","floor":40,"key":"SMITH"},{"floor":44,"key":"DIG"},{"floor":46,"key":"DIG"},{"floor":49,"key":"DIG"}],"neow_cost":"NONE","seed_source_timestamp":128465068351987,"circlet_count":0,"master_deck":["Defend_G","Defend_G","Survivor+1","Neutralize","Infinite Blades+1","Outmaneuver","Blur","Quick Slash","Quick Slash","Flying Knee","Accuracy+1","Cloak And Dagger","Well Laid Plans+1","Storm of Steel+1","Leg Sweep+1","Storm of Steel+1","Wraith Form v2+1","Accuracy+1","Leg Sweep+1","Backstab+1","Escape Plan","Terror+1","Footwork+1","Quick Slash+1","Outmaneuver","Flying Knee+1","Escape Plan","Infinite Blades+1","Madness","Madness","Backflip+1"],"relics":["Ring of the Snake","War Paint","Kunai","Odd Mushroom","Toy Ornithopter","Ice Cream","Astrolabe","Happy Flower","Centennial Puzzle","Blood Vial","Smiling Mask","WristBlade","Shovel","Regal Pillow","Nunchaku","Gremlin Horn","Mercury Hourglass","Vajra","Mummified Hand"],"potions_floor_usage":[14,16,23,23,28,33],"damage_taken":[{"damage":0,"enemies":"Small Slimes","floor":1,"turns":4},{"damage":0,"enemies":"Jaw Worm","floor":2,"turns":5},{"damage":0,"enemies":"Cultist","floor":3,"turns":4},{"damage":0,"enemies":"3 Louse","floor":4,"turns":5},{"damage":3,"enemies":"Large Slime","floor":5,"turns":9},{"damage":9,"enemies":"3 Sentries","floor":6,"turns":9},{"damage":17,"enemies":"The Mushroom Lair","floor":8,"turns":5},{"damage":2,"enemies":"Looter","floor":11,"turns":4},{"damage":3,"enemies":"Exordium Thugs","floor":12,"turns":7},{"damage":9,"enemies":"Lagavulin","floor":13,"turns":9},{"damage":0,"enemies":"Exordium Wildlife","floor":14,"turns":7},{"damage":0,"enemies":"Slime Boss","floor":16,"turns":13},{"damage":0,"enemies":"Shell Parasite","floor":18,"turns":7},{"damage":1,"enemies":"Spheric Guardian","floor":20,"turns":5},{"damage":21,"enemies":"Snake Plant","floor":21,"turns":5},{"damage":28,"enemies":"Slavers","floor":23,"turns":6},{"damage":27,"enemies":"Gremlin Leader","floor":28,"turns":4},{"damage":0,"enemies":"Chosen and Byrds","floor":31,"turns":7},{"damage":23,"enemies":"Automaton","floor":33,"turns":9},{"damage":0,"enemies":"Orb Walker","floor":35,"turns":4},{"damage":5,"enemies":"Mind Bloom Boss Battle","floor":36,"turns":3},{"damage":0,"enemies":"3 Shapes","floor":37,"turns":4},{"damage":4,"enemies":"Sphere and 2 Shapes","floor":38,"turns":5},{"damage":34,"enemies":"Reptomancer","floor":41,"turns":6},{"damage":5,"enemies":"Maw","floor":47,"turns":6},{"damage":1,"enemies":"Writhing Mass","floor":48,"turns":5},{"damage":32,"enemies":"Time Eater","floor":50,"turns":7}],"seed_played":"-8063673755995779674","potions_obtained":[{"floor":3,"key":"Regen Potion"},{"floor":4,"key":"FearPotion"},{"floor":8,"key":"Explosive Potion"},{"floor":13,"key":"Weak Potion"},{"floor":14,"key":"Block Potion"},{"floor":21,"key":"GamblersBrew"},{"floor":28,"key":"LiquidBronze"},{"floor":35,"key":"GamblersBrew"},{"floor":37,"key":"Explosive Potion"},{"floor":41,"key":"SteroidPotion"}],"is_trial":false,"path_per_floor":["M","M","M","M","M","E","R","?","T","$","M","M","E","M","R","B",null,"M","?","M","M","?","E","$","?","T","R","E","$","?","M","R","B",null,"M","?","M","M","T","R","E","?","T","R","?","R","M","M","R","B"],"character_chosen":"THE_SILENT","items_purchased":["Toy Ornithopter","Escape Plan","Footwork"],"campfire_rested":0,"item_purchase_floors":[10,24,29],"current_hp_per_floor":[70,70,70,70,67,58,58,41,41,41,39,36,27,32,32,37,70,70,70,69,48,48,30,30,30,30,30,19,19,19,21,21,5,70,70,65,67,65,65,65,33,33,33,33,24,24,21,22,22,0],"gold":420,"neow_bonus":"RANDOM_COMMON_RELIC","is_prod":false,"is_daily":false,"chose_seed":false,"campfire_upgraded":5,"win_rate":0,"timestamp":1544790870,"path_taken":["M","M","M","M","M","E","R","?","T","$","M","M","E","M","R","BOSS","M","?","M","?","?","E","$","?","T","R","E","$","?","M","R","BOSS","M","?","M","M","?","R","E","?","T","R","?","R","M","M","R","BOSS"],"build_version":"2018-12-13","purchased_purges":3,"victory":false,"max_hp_per_floor":[70,70,70,70,70,70,70,70,70,70,70,70,70,70,70,70,70,70,70,70,70,70,70,70,70,70,70,70,70,70,70,70,70,70,70,70,70,70,70,70,70,70,70,70,70,70,70,70,70,70],"card_choices":[{"not_picked":["Underhanded Strike","Reflex"],"picked":"Infinite Blades","floor":1},{"not_picked":["Poisoned Stab","Acrobatics"],"picked":"Outmaneuver","floor":2},{"not_picked":["Dagger Throw","Night Terror"],"picked":"Blur","floor":3},{"not_picked":["Dagger Spray","Poisoned Stab"],"picked":"Quick Slash","floor":4},{"not_picked":["Finisher","Deflect"],"picked":"Quick Slash","floor":5},{"not_picked":["Deadly Poison","Distraction","Masterful Stab"],"picked":"SKIP","floor":6},{"not_picked":["Reflex","Backflip"],"picked":"Flying Knee","floor":11},{"not_picked":["Backflip","Bane"],"picked":"Accuracy","floor":12},{"not_picked":["Blade Dance","Flying Knee"],"picked":"Cloak And Dagger","floor":13},{"not_picked":["Deadly Poison","Underhanded Strike"],"picked":"Well Laid Plans","floor":14},{"not_picked":["Envenom","After Image"],"picked":"Storm of Steel","floor":16},{"not_picked":["Bane","Dagger Spray","Flechettes+1"],"picked":"SKIP","floor":18},{"not_picked":["Bane+1","Calculated Gamble"],"picked":"Leg Sweep+1","floor":20},{"not_picked":["Deflect","Prepared","Riddle With Holes"],"picked":"SKIP","floor":21},{"not_picked":["Prepared","PiercingWail"],"picked":"Backstab+1","floor":23},{"not_picked":["PiercingWail","Calculated Gamble+1"],"picked":"Terror+1","floor":28},{"not_picked":["Crippling Poison","Blade Dance"],"picked":"Quick Slash+1","floor":31},{"not_picked":["Dash","Bane+1"],"picked":"Outmaneuver","floor":35},{"not_picked":["Quick Slash","PiercingWail"],"picked":"Flying Knee+1","floor":36},{"not_picked":["Flying Knee","Endless Agony"],"picked":"Escape Plan","floor":37},{"not_picked":["Slice+1","Reflex","Dagger Spray"],"picked":"SKIP","floor":38},{"not_picked":["Burst","Deadly Poison"],"picked":"Infinite Blades+1","floor":41},{"not_picked":["Finisher+1","Well Laid Plans+1"],"picked":"Backflip+1","floor":47},{"not_picked":["Skewer+1","Deflect+1","Acrobatics"],"picked":"SKIP","floor":48}],"player_experience":137328,"relics_obtained":[{"floor":6,"key":"Kunai"},{"floor":8,"key":"Odd Mushroom"},{"floor":13,"key":"Ice Cream"},{"floor":23,"key":"Centennial Puzzle"},{"floor":26,"key":"Blood Vial"},{"floor":28,"key":"Smiling Mask"},{"floor":36,"key":"Shovel"},{"floor":39,"key":"Regal Pillow"},{"floor":41,"key":"Nunchaku"},{"floor":43,"key":"Gremlin Horn"},{"floor":44,"key":"Mercury Hourglass"},{"floor":46,"key":"Vajra"},{"floor":49,"key":"Mummified Hand"}],"event_choices":[{"damage_healed":0,"gold_gain":0,"player_choice":"Fought Mushrooms","damage_taken":0,"max_hp_gain":0,"max_hp_loss":0,"event_name":"Mushrooms","floor":8,"gold_loss":0},{"damage_healed":0,"gold_gain":0,"player_choice":"Copied","damage_taken":0,"max_hp_gain":0,"max_hp_loss":0,"event_name":"Duplicator","floor":19,"gold_loss":0,"cards_obtained":["Accuracy"]},{"damage_healed":0,"gold_gain":0,"player_choice":"Opened","damage_taken":0,"relics_obtained":["Happy Flower"],"max_hp_gain":0,"max_hp_loss":0,"event_name":"The Mausoleum","floor":22,"gold_loss":0,"cards_obtained":["Writhe"]},{"cards_removed":["Strike_G"],"damage_healed":0,"gold_gain":0,"player_choice":"Gave Gold","damage_taken":0,"max_hp_gain":0,"max_hp_loss":0,"event_name":"Beggar","floor":25,"gold_loss":75},{"cards_removed":["Defend_G"],"damage_healed":0,"gold_gain":0,"player_choice":"Elegance","damage_taken":0,"max_hp_gain":0,"max_hp_loss":0,"event_name":"Back to Basics","floor":30,"gold_loss":0},{"damage_healed":0,"gold_gain":0,"player_choice":"Fight","damage_taken":0,"max_hp_gain":0,"max_hp_loss":0,"event_name":"MindBloom","floor":36,"gold_loss":0},{"cards_removed":["Defend_G"],"damage_healed":0,"gold_gain":0,"player_choice":"Removed Skill","damage_taken":0,"max_hp_gain":0,"max_hp_loss":0,"event_name":"Falling","floor":42,"gold_loss":0},{"damage_healed":0,"gold_gain":0,"player_choice":"Embrace Madness","damage_taken":9,"max_hp_gain":0,"max_hp_loss":0,"event_name":"Winding Halls","floor":45,"gold_loss":0,"cards_obtained":["Madness","Madness"]}],"is_beta":false,"boss_relics":[{"not_picked":["White Beast Statue","Velvet Choker"],"picked":"Astrolabe"},{"not_picked":["Pandora\u0027s Box","Tiny House"],"picked":"WristBlade"}],"items_purged_floors":[10,24,29],"is_endless":false,"potions_floor_spawned":[3,4,8,12,13,14,21,28,35,37,41,48],"killed_by":"Time Eater","ascension_level":0}