{"gold_per_floor":[119,119,44,63,63,96,110,124,149,149,164,164,164,191,191,286,286,297,396,430,430,445,445,462,462,512,512,219,219,249,265,265,362,362,381,381,381,393,30,61,61,71,71,71,71,29,56,71,71,71],"floor_reached":51,"playtime":1909,"items_purged":["Doubt","Strike_R"],"score":1183,"play_id":"7b5691e5-10ea-45a2-bb5d-03bf5a37f790","local_time":"20190329064312","is_ascension_mode":true,"campfire_choices":[{"data":"1","floor":10.0,"key":"LIFT"},{"data":"2","floor":13.0,"key":"LIFT"},{"data":"3","floor":15.0,"key":"LIFT"},{"data":"Immolate","floor":23.0,"key":"SMITH"},{"data":"Iron Wave","floor":25.0,"key":"SMITH"},{"data":"Cleave","floor":27.0,"key":"SMITH"},{"data":"Armaments","floor":32.0,"key":"SMITH"},{"floor":44,"key":"REST"},{"floor":49,"key":"REST"}],"neow_cost":"CURSE","seed_source_timestamp":49617589412750,"circlet_count":0,"master_deck":["AscendersBane","Strike_R","Strike_R","Strike_R","Defend_R","Defend_R","Defend_R","Defend_R","Bash","Battle Trance","Cleave+1","Shrug It Off","Thunderclap","Cleave","Iron Wave+1","Immolate+1","True Grit","Thunderclap","Armaments+1","Cleave","Disarm","Demon Form","The Bomb","Dropkick+1","Twin Strike","True Grit+1","Pommel Strike+1"],"special_seed":0,"relics":["Burning Blood","Girya","Ancient Tea Set","Bag of Marbles","Centennial Puzzle","Mark of Pain","Red Mask","MutagenicStrength","Red Skull","Strawberry","The Courier","Potion Belt","Fusion Hammer","ClockworkSouvenir","Gremlin Horn","Bronze Scales","Mummified Hand","Thread and Needle"],"potions_floor_usage":[40,50,50,50,50],"damage_taken":[{"damage":2.0,"enemies":"2 Louse","floor":1.0,"turns":5.0},{"damage":1.0,"enemies":"Jaw Worm","floor":4.0,"turns":5.0},{"damage":43.0,"enemies":"Gremlin Nob","floor":6.0,"turns":6.0},{"damage":5.0,"enemies":"Cultist","floor":7.0,"turns":6.0},{"damage":1.0,"enemies":"3 Louse","floor":8.0,"turns":4.0},{"damage":1.0,"enemies":"Looter","floor":11.0,"turns":2.0},{"damage":18.0,"enemies":"Lagavulin","floor":14.0,"turns":5.0},{"damage":41.0,"enemies":"The Guardian","floor":16.0,"turns":16.0},{"damage":5.0,"enemies":"3 Byrds","floor":18.0,"turns":3.0},{"damage":19.0,"enemies":"Masked Bandits","floor":20.0,"turns":3.0},{"damage":6.0,"enemies":"Spheric Guardian","floor":22.0,"turns":3.0},{"damage":0.0,"enemies":"3 Cultists","floor":24.0,"turns":2.0},{"damage":0.0,"enemies":"Gremlin Leader","floor":30.0,"turns":4.0},{"damage":6.0,"enemies":"Snecko","floor":31.0,"turns":3.0},{"damage":73.0,"enemies":"Automaton","floor":33.0,"turns":7.0},{"damage":9.0,"enemies":"3 Darklings","floor":35.0,"turns":2.0},{"damage":1.0,"enemies":"Orb Walker","floor":38.0,"turns":3.0},{"damage":0,"enemies":"Reptomancer","floor":40,"turns":3},{"damage":8,"enemies":"Spire Growth","floor":42,"turns":3},{"damage":35,"enemies":"Nemesis","floor":47,"turns":3},{"damage":0,"enemies":"Transient","floor":48,"turns":5},{"damage":75,"enemies":"Awakened One","floor":50,"turns":6}],"seed_played":"841558625793343281","potions_obtained":[{"floor":6.0,"key":"Dexterity Potion"},{"floor":8.0,"key":"Ancient Potion"},{"floor":11.0,"key":"EssenceOfSteel"},{"floor":22.0,"key":"SteroidPotion"},{"floor":31.0,"key":"SneckoOil"},{"floor":42,"key":"Regen Potion"},{"floor":48,"key":"GamblersBrew"}],"is_trial":false,"path_per_floor":["M","?","$","M","?","E","M","M","T","R","M","?","R","E","R","B",null,"M","?","?","?","M","R","M","R","T","R","$","T","E","M","R","B",null,"M","?","?","M","$","E","$","M","T","R","?","$","E","M","R","B",null],"character_chosen":"IRONCLAD","items_purchased":["Strawberry","Armaments","ClockworkSouvenir","Gremlin Horn","AttackPotion"],"campfire_rested":2,"item_purchase_floors":[28,28,39,39,46],"current_hp_per_floor":[76,81,81,85,85,48,49,54,54,54,59,59,59,47,47,12,67,68,68,55,55,55,55,61,61,61,61,68,68,74,74,74,7,71,68,68,68,73,73,79,79,77,77,92,92,92,63,69,92,32],"gold":71,"neow_bonus":"ONE_RARE_RELIC","is_prod":false,"is_daily":false,"chose_seed":false,"campfire_upgraded":4,"win_rate":0,"timestamp":1553809392,"path_taken":["M","?","$","M","?","E","?","M","T","R","M","?","R","E","R","BOSS","M","?","?","?","M","R","M","R","T","R","$","?","E","M","R","BOSS","M","?","?","?","$","E","?","M","T","R","?","$","E","M","R","BOSS"],"build_version":"2019-01-23","purchased_purges":2,"victory":true,"max_hp_per_floor":[80,85,85,85,85,85,85,85,85,85,85,85,85,85,85,85,85,85,85,85,85,85,85,85,85,85,85,92,92,92,92,92,92,92,92,92,92,92,92,92,92,92,92,92,92,92,92,92,92,92],"card_choices":[{"not_picked":["Havoc","Inflame"],"picked":"Battle Trance","floor":1.0},{"not_picked":["Flex","Warcry"],"picked":"Cleave","floor":4.0},{"not_picked":["Carnage","Second Wind","Clothesline"],"picked":"SKIP","floor":6.0},{"not_picked":["Shrug It Off","Clash","Clothesline"],"picked":"SKIP","floor":7.0},{"not_picked":["Wild Strike","Reckless Charge"],"picked":"Thunderclap","floor":8.0},{"not_picked":["Heavy Blade","Battle Trance"],"picked":"Cleave","floor":11.0},{"not_picked":["Heavy Blade","Sever Soul"],"picked":"Iron Wave","floor":14.0},{"not_picked":["Juggernaut","Reaper"],"picked":"Immolate","floor":16.0},{"not_picked":["Twin Strike","Headbutt"],"picked":"True Grit","floor":18.0},{"not_picked":["Havoc+1","Shrug It Off"],"picked":"Inflame","floor":20.0},{"not_picked":["Rampage","Anger"],"picked":"Thunderclap","floor":22.0},{"not_picked":["Searing Blow","Flex","Hemokinesis"],"picked":"SKIP","floor":24.0},{"not_picked":["Clothesline+1","Anger+1"],"picked":"Cleave","floor":30.0},{"not_picked":["Perfected Strike","Sword Boomerang"],"picked":"Disarm","floor":31.0},{"not_picked":["Dark Embrace","Juggernaut"],"picked":"Demon Form","floor":33.0},{"not_picked":["Flex","Anger","Cleave"],"picked":"SKIP","floor":35.0},{"not_picked":["PanicButton","Metamorphosis"],"picked":"The Bomb","floor":36.0},{"not_picked":["Inflame+1","Thunderclap"],"picked":"Dropkick+1","floor":38},{"not_picked":["Metallicize","Armaments"],"picked":"Twin Strike","floor":40},{"not_picked":["Iron Wave+1","Shrug It Off+1"],"picked":"True Grit+1","floor":42},{"not_picked":["Bludgeon","Clash","Perfected Strike"],"picked":"SKIP","floor":47},{"not_picked":["Body Slam","Clothesline"],"picked":"Pommel Strike+1","floor":48}],"player_experience":391866,"relics_obtained":[{"floor":6.0,"key":"Ancient Tea Set"},{"floor":9.0,"key":"Bag of Marbles"},{"floor":14.0,"key":"Centennial Puzzle"},{"floor":20.0,"key":"Red Mask"},{"floor":26.0,"key":"Red Skull"},{"floor":29.0,"key":"The Courier"},{"floor":30.0,"key":"Potion Belt"},{"floor":40,"key":"Bronze Scales"},{"floor":43,"key":"Mummified Hand"},{"floor":47,"key":"Thread and Needle"}],"event_choices":[{"damage_healed":0.0,"max_hp_gain":5.0,"max_hp_loss":0.0,"gold_gain":0.0,"event_name":"Big Fish","player_choice":"Donut","floor":2.0,"gold_loss":0.0,"damage_taken":0.0},{"damage_healed":0.0,"max_hp_gain":0.0,"max_hp_loss":0.0,"gold_gain":0.0,"event_name":"Match and Keep!","player_choice":"1 cards matched","floor":5.0,"gold_loss":0.0,"damage_taken":0.0,"cards_obtained":["Shrug It Off"]},{"damage_healed":0.0,"max_hp_gain":0.0,"max_hp_loss":0.0,"gold_gain":0.0,"event_name":"Golden Idol","player_choice":"Ignored","floor":12.0,"gold_loss":0.0,"damage_taken":0.0},{"damage_healed":0.0,"max_hp_gain":0.0,"max_hp_loss":0.0,"gold_gain":99.0,"event_name":"Nest","player_choice":"Stole From Cult","floor":19.0,"gold_loss":0.0,"damage_taken":0.0},{"damage_healed":0.0,"max_hp_gain":0.0,"max_hp_loss":0.0,"gold_gain":0.0,"event_name":"Masked Bandits","player_choice":"Fought Bandits","floor":20.0,"gold_loss":0.0,"damage_taken":0.0},{"damage_healed":0.0,"max_hp_gain":0.0,"max_hp_loss":0.0,"gold_gain":0.0,"event_name":"Drug Dealer","player_choice":"Inject Mutagens","floor":21.0,"gold_loss":0.0,"damage_taken":0.0,"relics_obtained":["MutagenicStrength"]},{"damage_healed":0.0,"max_hp_gain":0.0,"max_hp_loss":0.0,"gold_gain":0.0,"event_name":"SensoryStone","player_choice":"Memory 1","floor":36.0,"gold_loss":0.0,"damage_taken":0.0},{"cards_removed":["Strike_R"],"damage_healed":0.0,"max_hp_gain":0.0,"max_hp_loss":0.0,"gold_gain":0.0,"event_name":"Purifier","player_choice":"Purged","floor":37.0,"gold_loss":0.0,"damage_taken":0.0},{"cards_removed":["Inflame"],"damage_healed":0,"gold_gain":0,"player_choice":"Removed Power","damage_taken":0,"max_hp_gain":0,"max_hp_loss":0,"event_name":"Falling","floor":45,"gold_loss":0}],"is_beta":false,"boss_relics":[{"not_picked":["Calling Bell","White Beast Statue"],"picked":"Mark of Pain"},{"not_picked":["Coffee Dripper","Sozu"],"picked":"Fusion Hammer"}],"items_purged_floors":[3,28],"is_endless":false,"potions_floor_spawned":[6,8,11,22,31,42,48],"ascension_level":11}