{"gold_per_floor":[110,126,138,138,116,145,145,173,173,173,200,200,210,222,222,323,323,333,345,94,113,113,139,139,172,227,227],"floor_reached":27,"playtime":2286,"items_purged":[],"score":389,"play_id":"c55a1e81-3180-4b0b-9cb9-da455d1b619d","local_time":"20180930161202","is_ascension_mode":true,"campfire_choices":[{"data":"Feel No Pain","floor":7.0,"key":"SMITH"},{"floor":10.0,"key":"REST"},{"floor":12.0,"key":"REST"},{"floor":15.0,"key":"REST"},{"floor":24,"key":"REST"}],"neow_cost":"NONE","seed_source_timestamp":0,"circlet_count":0,"master_deck":["Strike_R","Strike_R","Strike_R","Strike_R","Strike_R","Defend_R","Defend_R","Defend_R","Defend_R","Bash","Havoc","Thunderclap","Pommel Strike","Feel No Pain+1","Sentinel","Feed","Anger","Infernal Blade","Exhume","Pommel Strike","True Grit+1","Impervious","Disarm"],"special_seed":0,"relics":["Burning Blood","Bag of Preparation","Paper Frog","Pen Nib","FossilizedHelix","Mark of Pain","Singing Bowl","Oddly Smooth Stone","Incense Burner","Tiny Chest"],"potions_floor_usage":[21,23,27],"damage_taken":[{"damage":3.0,"enemies":"2 Louse","floor":1.0,"turns":3.0},{"damage":6.0,"enemies":"Cultist","floor":2.0,"turns":3.0},{"damage":7.0,"enemies":"Jaw Worm","floor":3.0,"turns":5.0},{"damage":25.0,"enemies":"3 Sentries","floor":6.0,"turns":5.0},{"damage":67.0,"enemies":"Lagavulin","floor":8.0,"turns":7.0},{"damage":35.0,"enemies":"3 Sentries","floor":11.0,"turns":7.0},{"damage":10.0,"enemies":"Exordium Wildlife","floor":13.0,"turns":3.0},{"damage":3.0,"enemies":"Blue Slaver","floor":14.0,"turns":3.0},{"damage":56.0,"enemies":"Hexaghost","floor":16.0,"turns":9.0},{"damage":0,"enemies":"Chosen","floor":18,"turns":4},{"damage":14,"enemies":"3 Byrds","floor":19,"turns":6},{"damage":1,"enemies":"Snecko","floor":21,"turns":4},{"damage":37,"enemies":"Book of Stabbing","floor":23,"turns":5},{"damage":63,"enemies":"Slavers","floor":25,"turns":8},{"damage":54,"enemies":"Gremlin Leader","floor":27,"turns":7}],"seed_played":"5173538730078323156","potions_obtained":[{"floor":2.0,"key":"PowerPotion"},{"floor":3.0,"key":"SkillPotion"},{"floor":6.0,"key":"Swift Potion"},{"floor":14.0,"key":"Weak Potion"},{"floor":18,"key":"Swift Potion"},{"floor":25,"key":"SkillPotion"}],"is_trial":false,"path_per_floor":["M","M","M","?","$","E","R","E","T","R","E","R","M","M","R","B",null,"M","M","$","M","?","E","R","E","T"],"character_chosen":"IRONCLAD","items_purchased":["Pommel Strike","Singing Bowl"],"campfire_rested":4,"item_purchase_floors":[5,20],"current_hp_per_floor":[88,88,87,98,98,79,79,18,18,47,18,47,46,52,83,33,86,95,90,90,97,97,66,99,45,45,0],"gold":227,"neow_bonus":"TEN_PERCENT_HP_BONUS","is_prod":false,"is_daily":false,"chose_seed":false,"campfire_upgraded":1,"win_rate":0,"timestamp":1538316722,"path_taken":["M","M","M","?","$","E","R","E","T","R","E","R","M","M","R","BOSS","M","?","$","M","?","E","R","E","T","E"],"build_version":"2018-09-27","purchased_purges":0,"victory":false,"max_hp_per_floor":[88,88,88,98,98,98,98,98,98,98,98,98,101,104,104,104,104,107,110,110,112,112,112,112,115,115,115],"card_choices":[{"not_picked":["Clothesline","Sword Boomerang"],"picked":"Havoc","floor":1.0},{"not_picked":["Perfected Strike","Hemokinesis"],"picked":"Thunderclap","floor":2.0},{"not_picked":["Sever Soul","Seeing Red"],"picked":"Reaper","floor":3.0},{"not_picked":["Blood for Blood","Fire Breathing"],"picked":"Feel No Pain","floor":6.0},{"not_picked":["Anger","Flame Barrier"],"picked":"Sentinel","floor":8.0},{"not_picked":["Sentinel","Heavy Blade"],"picked":"Feed","floor":11.0},{"not_picked":["Perfected Strike","Heavy Blade"],"picked":"Anger","floor":13.0},{"not_picked":["Iron Wave","Sever Soul"],"picked":"Infernal Blade","floor":14.0},{"not_picked":["Reaper","Bludgeon"],"picked":"Exhume","floor":16.0},{"not_picked":["Anger","Iron Wave"],"picked":"Pommel Strike","floor":18},{"not_picked":["Twin Strike","Evolve"],"picked":"True Grit+1","floor":19},{"not_picked":["Flex","Cleave","Havoc"],"picked":"Singing Bowl","floor":21},{"not_picked":["Flex","Clothesline"],"picked":"Impervious","floor":23},{"not_picked":["Whirlwind","Anger"],"picked":"Disarm","floor":25}],"player_experience":181121,"relics_obtained":[{"floor":6.0,"key":"Bag of Preparation"},{"floor":8.0,"key":"Paper Frog"},{"floor":9.0,"key":"Pen Nib"},{"floor":11.0,"key":"FossilizedHelix"},{"floor":23,"key":"Oddly Smooth Stone"},{"floor":25,"key":"Incense Burner"},{"floor":26,"key":"Tiny Chest"}],"event_choices":[{"event_name":"Bonfire Elementals","player_choice":"RARE","floor":4.0,"damage_taken":0.0},{"event_name":"Ghosts","player_choice":"Ignored","floor":22,"damage_taken":0}],"is_beta":false,"boss_relics":[{"not_picked":["Orrery","Astrolabe"],"picked":"Mark of Pain"}],"items_purged_floors":[],"is_endless":false,"potions_floor_spawned":[2,3,6,14,18,25],"killed_by":"Gremlin Leader","ascension_level":5}