{"gold_per_floor":[115,130,19,34,34,34,34,209,209,209,41,72,72,92,92,92],"floor_reached":16,"playtime":808,"items_purged":["Strike_G","Defend_G"],"score":148,"play_id":"65924782-8d56-4cee-9400-29fff2eba730","local_time":"20190316235536","is_ascension_mode":false,"campfire_choices":[{"data":"Neutralize","floor":6,"key":"SMITH"},{"data":"Quick Slash","floor":10,"key":"SMITH"},{"data":"Survivor","floor":15,"key":"SMITH"}],"neow_cost":"NONE","seed_source_timestamp":5996044155653,"circlet_count":0,"master_deck":["Defend_G","Defend_G","Defend_G","Defend_G","Strike_G+1","Strike_G+1","Strike_G","Strike_G","Survivor+1","Neutralize+1","Dagger Throw","Heel Hook","Well Laid Plans","Quick Slash+1","Doubt","Adrenaline","After Image","Infinite Blades"],"relics":["Philosopher\u0027s Stone","Gambling Chip"],"potions_floor_usage":[],"damage_taken":[{"damage":0,"enemies":"Cultist","floor":1,"turns":4},{"damage":0,"enemies":"Small Slimes","floor":2,"turns":4},{"damage":0,"enemies":"Jaw Worm","floor":4,"turns":4},{"damage":22,"enemies":"Gremlin Nob","floor":12,"turns":4},{"damage":0,"enemies":"Large Slime","floor":14,"turns":6},{"damage":11,"enemies":"Hexaghost","floor":16,"turns":10}],"seed_played":"9144809544002657337","potions_obtained":[{"floor":2,"key":"GhostInAJar"},{"floor":12,"key":"Explosive Potion"}],"is_trial":false,"path_per_floor":["M","M","$","M","$","R","$","?","T","R","$","E","?","M","R","B"],"character_chosen":"THE_SILENT","items_purchased":["Well Laid Plans","Adrenaline"],"campfire_rested":0,"item_purchase_floors":[3,11],"current_hp_per_floor":[70,70,70,70,70,70,70,70,70,70,70,48,34,34,34,23],"gold":92,"neow_bonus":"BOSS_RELIC","is_prod":false,"is_daily":false,"chose_seed":false,"campfire_upgraded":3,"win_rate":0,"timestamp":1552751736,"path_taken":["M","M","?","?","$","R","?","?","T","R","?","E","?","M","R","BOSS"],"build_version":"2019-01-23","purchased_purges":2,"victory":false,"max_hp_per_floor":[70,70,70,70,70,70,70,70,70,70,70,70,70,70,70,70],"card_choices":[{"not_picked":["Dodge and Roll","Sucker Punch"],"picked":"Dagger Throw","floor":1},{"not_picked":["Expertise","Blade Dance"],"picked":"Heel Hook","floor":2},{"not_picked":["Deadly Poison","Poisoned Stab"],"picked":"Quick Slash","floor":4},{"not_picked":["Backflip","Quick Slash"],"picked":"After Image","floor":12},{"not_picked":["PiercingWail","Dodge and Roll"],"picked":"Infinite Blades","floor":14}],"player_experience":335629,"relics_obtained":[{"floor":9,"key":"Gambling Chip"}],"event_choices":[{"damage_healed":0,"gold_gain":175,"player_choice":"AGREE","damage_taken":0,"max_hp_gain":0,"max_hp_loss":0,"event_name":"Liars Game","floor":8,"gold_loss":0,"cards_obtained":["Doubt"]},{"damage_healed":0,"gold_gain":0,"player_choice":"Entered Light","damage_taken":14,"max_hp_gain":0,"max_hp_loss":0,"event_name":"Shining Light","floor":13,"gold_loss":0,"cards_upgraded":["Strike_G","Strike_G"]}],"is_beta":false,"boss_relics":[],"items_purged_floors":[3,11],"is_endless":false,"potions_floor_spawned":[2,12,16],"killed_by":"Hexaghost","ascension_level":0}