{"gold_per_floor":[114,124,134,148,24,52,52,71,71,71,88,108,108,108,108,209,209,224,189,15,30,30],"floor_reached":22,"playtime":1117,"items_purged":["Strike_B"],"score":285,"play_id":"0853b5f9-7f43-4628-822a-7141e169bb93","local_time":"20190316142624","is_ascension_mode":true,"campfire_choices":[{"data":"Blind","floor":7,"key":"SMITH"},{"data":"White Noise","floor":10,"key":"SMITH"},{"data":"Capacitor","floor":13,"key":"SMITH"},{"data":"Consume","floor":15,"key":"SMITH"}],"neow_cost":"NONE","seed_source_timestamp":17243083509561,"circlet_count":0,"master_deck":["AscendersBane","Strike_B","Defend_B","Defend_B","Defend_B","Defend_B","Zap","Dualcast","Storm","Consume+1","Cold Snap","White Noise+1","Blind+1","Chill","Rainbow","Coolheaded","Capacitor+1","Seek","Conserve Battery","Conserve Battery","Cold Snap","BootSequence"],"relics":["Cracked Core","NeowsBlessing","Calipers","Bottled Lightning","Empty Cage"],"potions_floor_usage":[12,22],"damage_taken":[{"damage":0,"enemies":"Jaw Worm","floor":1,"turns":1},{"damage":0,"enemies":"2 Louse","floor":2,"turns":1},{"damage":0,"enemies":"Cultist","floor":3,"turns":1},{"damage":12,"enemies":"Looter","floor":4,"turns":4},{"damage":17,"enemies":"3 Sentries","floor":6,"turns":8},{"damage":5,"enemies":"Lots of Slimes","floor":8,"turns":6},{"damage":10,"enemies":"Blue Slaver","floor":11,"turns":5},{"damage":5,"enemies":"Exordium Thugs","floor":12,"turns":6},{"damage":11,"enemies":"Hexaghost","floor":16,"turns":13},{"damage":9,"enemies":"Shell Parasite","floor":18,"turns":9},{"damage":15,"enemies":"2 Thieves","floor":19,"turns":5},{"damage":27,"enemies":"Snecko","floor":21,"turns":7},{"damage":33,"enemies":"3 Cultists","floor":22,"turns":4}],"seed_played":"-3016822171763881071","potions_obtained":[{"floor":1,"key":"FairyPotion"},{"floor":4,"key":"Swift Potion"},{"floor":6,"key":"SneckoOil"}],"is_trial":false,"path_per_floor":["M","M","M","M","$","E","R","M","T","R","M","M","R","?","R","B",null,"M","M","$","M","M"],"character_chosen":"DEFECT","items_purchased":["Blind","Chill","Conserve Battery","Cold Snap"],"campfire_rested":0,"item_purchase_floors":[5,5,20,20],"current_hp_per_floor":[68,68,68,56,56,39,39,34,34,34,24,19,19,44,44,33,65,56,41,41,14,0],"gold":30,"neow_bonus":"THREE_ENEMY_KILL","is_prod":false,"is_daily":false,"chose_seed":false,"campfire_upgraded":4,"win_rate":0,"timestamp":1552717584,"path_taken":["M","M","M","M","$","E","R","M","T","R","M","M","R","?","R","BOSS","M","M","$","M","M"],"build_version":"2019-01-23","purchased_purges":1,"victory":false,"max_hp_per_floor":[75,75,75,75,75,75,75,75,75,75,75,75,75,75,75,75,75,75,75,75,75,75],"card_choices":[{"not_picked":["Force Field","Beam Cell"],"picked":"Storm","floor":1},{"not_picked":["Stack","Coolheaded"],"picked":"Consume","floor":2},{"not_picked":["Cold Snap","Steam","Go for the Eyes"],"picked":"SKIP","floor":3},{"not_picked":["Steam","Go for the Eyes"],"picked":"Cold Snap","floor":3},{"not_picked":["Steam Power","Steam"],"picked":"White Noise","floor":4},{"not_picked":["Rainbow","Hologram","Beam Cell"],"picked":"SKIP","floor":6},{"not_picked":["Hologram","Beam Cell"],"picked":"Rainbow","floor":6},{"not_picked":["Hologram","Beam Cell","Sweeping Beam"],"picked":"SKIP","floor":8},{"not_picked":["Redo","Leap"],"picked":"Coolheaded","floor":11},{"not_picked":["Gash","Seek"],"picked":"Capacitor","floor":12},{"not_picked":["Hyperbeam","Biased Cognition"],"picked":"Seek","floor":16},{"not_picked":["Barrage","Consume","Static Discharge"],"picked":"SKIP","floor":18},{"not_picked":["Cold Snap","Heatsinks"],"picked":"Conserve Battery","floor":19},{"not_picked":["Redo","Undo"],"picked":"BootSequence","floor":21}],"player_experience":328715,"relics_obtained":[{"floor":6,"key":"Calipers"},{"floor":9,"key":"Bottled Lightning"}],"event_choices":[{"damage_healed":25,"gold_gain":0,"player_choice":"Banana","damage_taken":0,"max_hp_gain":0,"max_hp_loss":0,"event_name":"Big Fish","floor":14,"gold_loss":0}],"is_beta":false,"boss_relics":[{"not_picked":["Runic Pyramid","Tiny House"],"picked":"Empty Cage"}],"items_purged_floors":[20],"is_endless":false,"potions_floor_spawned":[1,4,6],"killed_by":"3 Cultists","ascension_level":10}