{"gold_per_floor":[217,317,333,258,276,276,351,351,351,366,389,419,432,455,455,455],"floor_reached":16,"playtime":498,"items_purged":["Strike_R"],"score":94,"play_id":"cb246478-a0c4-4f90-a624-1f2827db6efd","local_time":"20190325002959","is_ascension_mode":false,"campfire_choices":[{"data":"Shrug It Off","floor":6,"key":"SMITH"},{"floor":15,"key":"REST"}],"neow_cost":"NONE","seed_source_timestamp":431646926507201,"circlet_count":0,"master_deck":["Strike_R","Strike_R","Strike_R","Strike_R","Defend_R","Defend_R","Defend_R","Defend_R","Bash","Shrug It Off+1"],"relics":["Burning Blood","Golden Idol","Red Skull"],"potions_floor_usage":[13],"damage_taken":[{"damage":4,"enemies":"2 Louse","floor":1,"turns":3},{"damage":6,"enemies":"Cultist","floor":3,"turns":3},{"damage":5,"enemies":"Small Slimes","floor":5,"turns":4},{"damage":5,"enemies":"2 Fungi Beasts","floor":10,"turns":5},{"damage":19,"enemies":"Blue Slaver","floor":11,"turns":4},{"damage":27,"enemies":"Exordium Wildlife","floor":13,"turns":7},{"damage":15,"enemies":"3 Louse","floor":14,"turns":5},{"damage":0,"enemies":"The Guardian","floor":16,"turns":1}],"seed_played":"-5346003586206035642","potions_obtained":[{"floor":10,"key":"Fire Potion"},{"floor":13,"key":"Strength Potion"},{"floor":14,"key":"SmokeBomb"}],"is_trial":false,"path_per_floor":["M","?","M","$","M","R","?","?","T","M","M","?","M","M","R","B"],"character_chosen":"IRONCLAD","items_purchased":[],"campfire_rested":1,"item_purchase_floors":[],"current_hp_per_floor":[80,80,80,80,80,80,69,69,69,70,57,57,36,27,49,49],"gold":455,"neow_bonus":"HUNDRED_GOLD","is_prod":false,"is_daily":false,"chose_seed":false,"campfire_upgraded":1,"win_rate":0,"timestamp":1553470199,"path_taken":["M","?","M","$","?","R","?","?","T","M","M","?","M","M","R","BOSS"],"build_version":"2019-01-23","purchased_purges":1,"victory":false,"max_hp_per_floor":[80,80,80,80,80,80,80,74,74,74,74,74,74,74,74,74],"card_choices":[{"not_picked":["Thunderclap","Second Wind","Flex"],"picked":"SKIP","floor":1},{"not_picked":["Blood for Blood","Twin Strike","Dual Wield"],"picked":"SKIP","floor":3},{"not_picked":["True Grit","Clothesline"],"picked":"Shrug It Off","floor":5},{"not_picked":["Body Slam","Wild Strike","Double Tap"],"picked":"SKIP","floor":10},{"not_picked":["Sword Boomerang","Clothesline","Havoc"],"picked":"SKIP","floor":11},{"not_picked":["Power Through","Thunderclap","Armaments"],"picked":"SKIP","floor":13},{"not_picked":["Evolve","Shockwave","Pommel Strike"],"picked":"SKIP","floor":14}],"player_experience":405865,"relics_obtained":[{"floor":9,"key":"Red Skull"}],"event_choices":[{"damage_healed":0,"gold_gain":100,"player_choice":"Pray","damage_taken":0,"max_hp_gain":0,"max_hp_loss":0,"event_name":"Golden Shrine","floor":2,"gold_loss":0},{"damage_healed":0,"gold_gain":75,"player_choice":"Gather Gold","damage_taken":11,"max_hp_gain":0,"max_hp_loss":0,"event_name":"World of Goop","floor":7,"gold_loss":0},{"damage_healed":0,"gold_gain":0,"player_choice":"Lose Max HP","damage_taken":0,"relics_obtained":["Golden Idol"],"max_hp_gain":0,"max_hp_loss":6,"event_name":"Golden Idol","floor":8,"gold_loss":0},{"damage_healed":0,"gold_gain":30,"player_choice":"Searched \u00271\u0027 times","damage_taken":0,"max_hp_gain":0,"max_hp_loss":0,"event_name":"Dead Adventurer","floor":12,"gold_loss":0}],"is_beta":false,"boss_relics":[],"items_purged_floors":[4],"is_endless":false,"potions_floor_spawned":[10,13,14],"killed_by":"The Guardian","ascension_level":0}