{"gold_per_floor":[11,26,36,50,70,70,97,97,97,112,37,37,55,55,55,158,158,172,172,34,50,70,70,90,102,102,119,119,44,44],"floor_reached":30,"playtime":1231,"items_purged":["Strike_R","Twin Strike"],"score":366,"play_id":"1ec640df-d9da-4636-86ef-f1180bfbb1a9","local_time":"20190324172527","is_ascension_mode":true,"campfire_choices":[{"data":"Armaments","floor":6.0,"key":"SMITH"},{"data":"Inflame","floor":8.0,"key":"SMITH"},{"data":"Rampage","floor":12.0,"key":"SMITH"},{"data":"Bash","floor":15.0,"key":"SMITH"},{"floor":23.0,"key":"REST"},{"floor":28,"key":"REST"}],"neow_cost":"NO_GOLD","seed_source_timestamp":20014058335292,"circlet_count":0,"master_deck":["AscendersBane","Defend_R","Defend_R","Defend_R","Defend_R","Bash+1","Inflame+1","Rampage+1","Shrug It Off","Cleave","Armaments+1","Sword Boomerang","Disarm","Juggernaut","Disarm","Disarm+1","Iron Wave"],"special_seed":0,"relics":["Burning Blood","Turnip","Lantern","Mummified Hand","Empty Cage","Paper Frog"],"potions_floor_usage":[25],"damage_taken":[{"damage":5.0,"enemies":"2 Louse","floor":1.0,"turns":4.0},{"damage":11.0,"enemies":"Jaw Worm","floor":2.0,"turns":5.0},{"damage":1.0,"enemies":"Cultist","floor":3.0,"turns":4.0},{"damage":4.0,"enemies":"Red Slaver","floor":4.0,"turns":4.0},{"damage":16.0,"enemies":"Large Slime","floor":5.0,"turns":7.0},{"damage":19.0,"enemies":"Lagavulin","floor":7.0,"turns":8.0},{"damage":8.0,"enemies":"Blue Slaver","floor":10.0,"turns":4.0},{"damage":0.0,"enemies":"Gremlin Gang","floor":13.0,"turns":7.0},{"damage":41.0,"enemies":"Hexaghost","floor":16.0,"turns":11.0},{"damage":18.0,"enemies":"3 Byrds","floor":18.0,"turns":7.0},{"damage":2.0,"enemies":"Spheric Guardian","floor":21.0,"turns":6.0},{"damage":70.0,"enemies":"3 Cultists","floor":22.0,"turns":7.0},{"damage":5.0,"enemies":"Snake Plant","floor":24.0,"turns":6.0},{"damage":23,"enemies":"Snecko","floor":25,"turns":6},{"damage":5,"enemies":"Shelled Parasite and Fungi","floor":27,"turns":7},{"damage":37,"enemies":"3 Cultists","floor":30,"turns":5}],"seed_played":"7618768214022904933","potions_obtained":[{"floor":2.0,"key":"Fire Potion"},{"floor":4.0,"key":"Ancient Potion"},{"floor":7.0,"key":"Regen Potion"},{"floor":13.0,"key":"SpeedPotion"},{"floor":22.0,"key":"LiquidBronze"},{"floor":27,"key":"Dexterity Potion"}],"is_trial":false,"path_per_floor":["M","M","M","M","M","R","E","R","T","M","$","R","M","?","R","B",null,"M","?","$","M","M","R","M","M","T","M","R","?","M"],"character_chosen":"IRONCLAD","items_purchased":["Disarm"],"campfire_rested":2,"item_purchase_floors":[20],"current_hp_per_floor":[73,68,73,75,65,65,52,52,52,50,50,50,56,61,61,26,70,58,58,58,62,13,38,39,22,22,23,48,48,11],"gold":44,"neow_bonus":"ONE_RARE_RELIC","is_prod":false,"is_daily":false,"chose_seed":false,"campfire_upgraded":4,"win_rate":0,"timestamp":1553415927,"path_taken":["M","M","M","M","M","R","E","R","T","M","$","R","M","?","R","BOSS","M","?","$","M","M","R","M","M","T","M","R","?","M"],"build_version":"2019-01-23","purchased_purges":2,"victory":false,"max_hp_per_floor":[80,80,80,80,80,80,80,80,80,80,80,80,80,85,85,85,85,85,85,85,85,85,85,85,85,85,85,85,85,85],"card_choices":[{"not_picked":["Heavy Blade","Flex"],"picked":"Inflame","floor":1.0},{"not_picked":["Burning Pact","Fire Breathing"],"picked":"Rampage","floor":2.0},{"not_picked":["Fire Breathing","Clash"],"picked":"Shrug It Off","floor":3.0},{"not_picked":["Pommel Strike","Anger"],"picked":"Cleave","floor":4.0},{"not_picked":["Clothesline","Corruption"],"picked":"Armaments","floor":5.0},{"not_picked":["Wild Strike","Infernal Blade","Shrug It Off"],"picked":"SKIP","floor":7.0},{"not_picked":["Clash","Perfected Strike"],"picked":"Sword Boomerang","floor":10.0},{"not_picked":["Headbutt","Bloodletting"],"picked":"Disarm","floor":13.0},{"not_picked":["Dark Embrace","Offering"],"picked":"Juggernaut","floor":16.0},{"not_picked":["Cleave","Headbutt","Entrench"],"picked":"SKIP","floor":18.0},{"not_picked":["Havoc","Sword Boomerang","Twin Strike+1"],"picked":"SKIP","floor":21.0},{"not_picked":["Carnage","Wild Strike","Clothesline"],"picked":"SKIP","floor":22.0},{"not_picked":["Cleave","Anger","Fiend Fire"],"picked":"SKIP","floor":24.0},{"not_picked":["Cleave","Perfected Strike+1"],"picked":"Disarm+1","floor":25},{"not_picked":["Uppercut","Clothesline"],"picked":"Iron Wave","floor":27}],"player_experience":387870,"relics_obtained":[{"floor":7.0,"key":"Lantern"},{"floor":9.0,"key":"Mummified Hand"},{"floor":26,"key":"Paper Frog"}],"event_choices":[{"damage_healed":0.0,"max_hp_gain":5.0,"max_hp_loss":0.0,"gold_gain":0.0,"event_name":"Big Fish","player_choice":"Donut","floor":14.0,"gold_loss":0.0,"damage_taken":0.0},{"damage_healed":0.0,"max_hp_gain":0.0,"max_hp_loss":0.0,"gold_gain":0.0,"cards_transformed":["Strike_R","Strike_R"],"event_name":"Drug Dealer","player_choice":"Became Test Subject","floor":19.0,"gold_loss":0.0,"damage_taken":0.0,"cards_obtained":["Twin Strike","Brutality"]},{"cards_removed":["Brutality"],"damage_healed":0,"gold_gain":0,"player_choice":"Gave Gold","damage_taken":0,"max_hp_gain":0,"max_hp_loss":0,"event_name":"Beggar","floor":29,"gold_loss":75}],"is_beta":false,"boss_relics":[{"not_picked":["Mark of Pain","Busted Crown"],"picked":"Empty Cage"}],"items_purged_floors":[11,20],"is_endless":false,"potions_floor_spawned":[2,4,7,13,22,27],"killed_by":"3 Cultists","ascension_level":11}