{"gold_per_floor":[110,126,145,157,3,33,50,50,73,85,85,147,147,161,161,261,261,271,56,67,83,83,83,83,83,128,128,128,162,162],"floor_reached":30,"playtime":1168,"items_purged":["Hello World"],"score":338,"play_id":"2fcb83d7-3c5f-4410-8028-64e8827bfce8","local_time":"20190306143721","is_ascension_mode":true,"campfire_choices":[{"floor":8,"key":"REST"},{"floor":11,"key":"REST"},{"data":"Defragment","floor":13,"key":"SMITH"},{"data":"Consume","floor":15,"key":"SMITH"},{"data":"Electrodynamics","floor":23,"key":"SMITH"},{"data":"Consume","floor":25,"key":"SMITH"},{"data":"Capacitor","floor":27,"key":"SMITH"}],"neow_cost":"NONE","seed_source_timestamp":6235426253775,"circlet_count":0,"master_deck":["Strike_B","Strike_B","Strike_B","Defend_B","Defend_B","Defend_B","Zap","Dualcast","Sweeping Beam","Hello World","Ball Lightning","Consume+1","Steam","Defragment+1","BootSequence","Electrodynamics+1","Stack+1","Capacitor+1","Consume+1","White Noise","Writhe","Force Field+1"],"relics":["Empty Cage","DataDisk","Bottled Lightning","Orichalcum","Tiny Chest","Eternal Feather","Boot","Art of War","MutagenicStrength","Toxic Egg 2"],"potions_floor_usage":[4,6,14,20,21,21,29],"damage_taken":[{"damage":3,"enemies":"Small Slimes","floor":1,"turns":5},{"damage":3,"enemies":"2 Louse","floor":2,"turns":2},{"damage":9,"enemies":"Jaw Worm","floor":3,"turns":6},{"damage":13,"enemies":"Exordium Wildlife","floor":4,"turns":4},{"damage":20,"enemies":"3 Sentries","floor":6,"turns":6},{"damage":9,"enemies":"Blue Slaver","floor":7,"turns":4},{"damage":21,"enemies":"Large Slime","floor":10,"turns":5},{"damage":22,"enemies":"Gremlin Nob","floor":12,"turns":4},{"damage":9,"enemies":"Red Slaver","floor":14,"turns":4},{"damage":6,"enemies":"Hexaghost","floor":16,"turns":9},{"damage":3,"enemies":"3 Byrds","floor":18,"turns":2},{"damage":2,"enemies":"Chosen","floor":20,"turns":4},{"damage":19,"enemies":"Sentry and Sphere","floor":21,"turns":4},{"damage":62,"enemies":"Book of Stabbing","floor":29,"turns":6},{"damage":30,"enemies":"Shelled Parasite and Fungi","floor":30,"turns":3}],"seed_played":"-5704172914010631965","potions_obtained":[{"floor":1,"key":"SteroidPotion"},{"floor":4,"key":"Energy Potion"},{"floor":6,"key":"SpeedPotion"},{"floor":12,"key":"Regen Potion"},{"floor":18,"key":"Explosive Potion"},{"floor":20,"key":"PowerPotion"},{"floor":21,"key":"Regen Potion"}],"is_trial":false,"path_per_floor":["M","M","M","M","$","E","M","R","T","M","R","E","R","M","R","B",null,"M","$","M","M","?","R","?","R","T","R","?","E","M"],"character_chosen":"DEFECT","items_purchased":["DataDisk","Capacitor","Consume"],"campfire_rested":2,"item_purchase_floors":[5,19,19],"current_hp_per_floor":[65,62,53,40,40,20,11,33,33,12,34,12,12,15,15,9,59,56,56,54,35,35,47,47,59,59,71,71,22,0],"gold":162,"neow_bonus":"BOSS_RELIC","is_prod":false,"is_daily":false,"chose_seed":false,"campfire_upgraded":5,"win_rate":0,"timestamp":1551854241,"path_taken":["M","M","M","M","$","E","M","R","T","M","R","E","R","M","R","BOSS","M","$","M","M","?","R","?","R","T","R","?","E","M"],"build_version":"2019-01-23","purchased_purges":1,"victory":false,"max_hp_per_floor":[75,75,75,75,75,75,75,75,75,75,75,75,75,75,75,75,75,75,75,75,75,75,75,75,75,75,75,75,75,75],"card_choices":[{"not_picked":["Skim","Compile Driver","Stack"],"picked":"SKIP","floor":1},{"not_picked":["Gash","Beam Cell"],"picked":"Sweeping Beam","floor":2},{"not_picked":["Coolheaded","Double Energy"],"picked":"Hello World","floor":3},{"not_picked":["Stack","Gash"],"picked":"Ball Lightning","floor":4},{"not_picked":["Meteor Strike","Leap"],"picked":"Consume","floor":6},{"not_picked":["Steam Power","Doom and Gloom"],"picked":"Hello World","floor":7},{"not_picked":["Sunder","Heatsinks"],"picked":"Steam","floor":10},{"not_picked":["Hologram","Sunder"],"picked":"Defragment","floor":12},{"not_picked":["Conserve Battery","Static Discharge"],"picked":"BootSequence","floor":14},{"not_picked":["Echo Form","Core Surge"],"picked":"Electrodynamics","floor":16},{"not_picked":["Beam Cell+1","Go for the Eyes"],"picked":"Stack+1","floor":18},{"not_picked":["Static Discharge","Steam"],"picked":"White Noise","floor":20},{"not_picked":["Hologram","Conserve Battery","Sunder"],"picked":"SKIP","floor":21},{"not_picked":["Rip and Tear+1","Glacier"],"picked":"Force Field","floor":29}],"player_experience":243264,"relics_obtained":[{"floor":6,"key":"Bottled Lightning"},{"floor":9,"key":"Orichalcum"},{"floor":12,"key":"Tiny Chest"},{"floor":26,"key":"Art of War"},{"floor":29,"key":"Toxic Egg 2"}],"event_choices":[{"damage_healed":0,"gold_gain":0,"player_choice":"Ignored","damage_taken":0,"max_hp_gain":0,"max_hp_loss":0,"event_name":"Ghosts","floor":22,"gold_loss":0},{"damage_healed":0,"gold_gain":0,"player_choice":"Opened","damage_taken":0,"relics_obtained":["Boot"],"max_hp_gain":0,"max_hp_loss":0,"event_name":"The Mausoleum","floor":24,"gold_loss":0,"cards_obtained":["Writhe"]},{"damage_healed":0,"gold_gain":0,"player_choice":"Inject Mutagens","damage_taken":0,"relics_obtained":["MutagenicStrength"],"max_hp_gain":0,"max_hp_loss":0,"event_name":"Drug Dealer","floor":28,"gold_loss":0}],"is_beta":false,"boss_relics":[{"not_picked":["Runic Pyramid","Black Star"],"picked":"Eternal Feather"}],"items_purged_floors":[19],"is_endless":false,"potions_floor_spawned":[1,4,6,12,18,20,21],"killed_by":"Shelled Parasite and Fungi","ascension_level":6}