{"gold_per_floor":[116,129,129,47,47,79,97,97,97,97,110,110,142,142,142,142],"floor_reached":16,"playtime":691,"items_purged":[],"score":157,"play_id":"6c6e4eef-ae78-441b-94a6-a4381f1c6c27","local_time":"20190319204554","is_ascension_mode":true,"campfire_choices":[{"data":"Entrench","floor":8,"key":"SMITH"},{"data":"True Grit","floor":10,"key":"SMITH"},{"floor":12,"key":"REST"},{"data":"Entrench","floor":15,"key":"SMITH"}],"neow_cost":"NONE","seed_source_timestamp":15543607313185,"circlet_count":0,"master_deck":["Strike_R","Strike_R","Strike_R","Strike_R","Strike_R","Defend_R","Defend_R","Defend_R","Defend_R","Bash+1","Impervious","Iron Wave","True Grit+1","Enlightenment","Entrench+1","Impervious","Metallicize","Entrench+1"],"relics":["Burning Blood","Darkstone Periapt","Dream Catcher","Calipers"],"potions_floor_usage":[6,11],"damage_taken":[{"damage":0,"enemies":"2 Louse","floor":1,"turns":4},{"damage":2,"enemies":"Jaw Worm","floor":2,"turns":5},{"damage":33,"enemies":"3 Sentries","floor":6,"turns":13},{"damage":5,"enemies":"Small Slimes","floor":7,"turns":5},{"damage":46,"enemies":"Exordium Thugs","floor":11,"turns":9},{"damage":35,"enemies":"Gremlin Nob","floor":13,"turns":6},{"damage":7,"enemies":"Hexaghost","floor":16,"turns":9}],"seed_played":"-3716444725406268236","potions_obtained":[{"floor":2,"key":"Explosive Potion"},{"floor":6,"key":"Block Potion"},{"floor":13,"key":"Ancient Potion"}],"is_trial":false,"path_per_floor":["M","M","?","$","?","E","M","R","T","R","M","R","E","?","R","B"],"character_chosen":"IRONCLAD","items_purchased":["Enlightenment"],"campfire_rested":1,"item_purchase_floors":[4],"current_hp_per_floor":[78,80,80,80,85,58,59,59,59,59,19,44,15,15,15,8],"gold":142,"neow_bonus":"ONE_RANDOM_RARE_CARD","is_prod":false,"is_daily":false,"chose_seed":false,"campfire_upgraded":3,"win_rate":0,"timestamp":1552995954,"path_taken":["M","M","?","$","?","E","M","R","T","R","M","R","E","?","R","BOSS"],"build_version":"2019-01-23","purchased_purges":0,"victory":false,"max_hp_per_floor":[80,80,80,80,85,85,85,85,85,85,85,85,85,85,85,85],"card_choices":[{"not_picked":["Clash","Havoc"],"picked":"Iron Wave","floor":1},{"not_picked":["Wild Strike","Sword Boomerang"],"picked":"True Grit","floor":2},{"not_picked":["Flex","Clash"],"picked":"Entrench","floor":6},{"not_picked":["Twin Strike","Perfected Strike","Anger"],"picked":"SKIP","floor":7},{"not_picked":["Second Wind","Carnage"],"picked":"Impervious","floor":11},{"not_picked":["Warcry","Carnage"],"picked":"Metallicize","floor":12},{"not_picked":["Sword Boomerang","Body Slam"],"picked":"Entrench","floor":13}],"player_experience":350590,"relics_obtained":[{"floor":6,"key":"Darkstone Periapt"},{"floor":9,"key":"Dream Catcher"},{"floor":13,"key":"Calipers"}],"event_choices":[{"damage_healed":0,"gold_gain":0,"player_choice":"Grow","damage_taken":0,"max_hp_gain":0,"max_hp_loss":0,"event_name":"Living Wall","floor":3,"gold_loss":0,"cards_upgraded":["Bash"]},{"damage_healed":0,"gold_gain":0,"player_choice":"Donut","damage_taken":0,"max_hp_gain":5,"max_hp_loss":0,"event_name":"Big Fish","floor":5,"gold_loss":0},{"damage_healed":0,"gold_gain":0,"player_choice":"Ignored","damage_taken":0,"max_hp_gain":0,"max_hp_loss":0,"event_name":"Liars Game","floor":14,"gold_loss":0}],"is_beta":false,"boss_relics":[],"items_purged_floors":[],"is_endless":false,"potions_floor_spawned":[2,6,13],"killed_by":"Hexaghost","ascension_level":9}