{"gold_per_floor":[111,122,47,64,77,77,111,127,127,160,160,178,178,210,210,210],"floor_reached":16,"playtime":1445,"items_purged":[],"score":128,"play_id":"809e3749-a7b1-4bed-b184-b3863c0a59a3","local_time":"20181126211315","is_ascension_mode":true,"campfire_choices":[{"data":"Genetic Algorithm","floor":6,"key":"SMITH"},{"data":"Auto Shields","floor":11,"key":"SMITH"},{"data":"Loop","floor":13,"key":"SMITH"},{"data":"Echo Form","floor":15,"key":"SMITH"}],"neow_cost":"NONE","seed_source_timestamp":37439958226486,"circlet_count":0,"master_deck":["Strike_B","Strike_B","Strike_B","Strike_B","Defend_B","Defend_B","Defend_B","Defend_B","Zap","Dualcast","Coolheaded","Genetic Algorithm+1","Auto Shields+1","Stack","Stack","Loop+1","Fusion","Echo Form+1"],"relics":["Cracked Core","NeowsBlessing","Orichalcum","Matryoshka","Centennial Puzzle","Bird Faced Urn"],"potions_floor_usage":[7,16],"damage_taken":[{"damage":0,"enemies":"Jaw Worm","floor":1,"turns":1},{"damage":0,"enemies":"2 Louse","floor":2,"turns":1},{"damage":0,"enemies":"Small Slimes","floor":4,"turns":1},{"damage":2,"enemies":"Blue Slaver","floor":5,"turns":6},{"damage":13,"enemies":"Lagavulin","floor":7,"turns":13},{"damage":5,"enemies":"Looter","floor":8,"turns":4},{"damage":17,"enemies":"3 Sentries","floor":10,"turns":11},{"damage":0,"enemies":"3 Louse","floor":12,"turns":6},{"damage":11,"enemies":"Lagavulin","floor":14,"turns":9},{"damage":33,"enemies":"Hexaghost","floor":16,"turns":16}],"seed_played":"9016748661178310678","potions_obtained":[{"floor":1,"key":"SkillPotion"},{"floor":8,"key":"SmokeBomb"},{"floor":12,"key":"AttackPotion"}],"is_trial":false,"path_per_floor":["M","M","$","M","M","R","E","M","T","E","R","M","R","E","R","B"],"character_chosen":"DEFECT","items_purchased":["Genetic Algorithm"],"campfire_rested":0,"item_purchase_floors":[3],"current_hp_per_floor":[75,75,75,75,73,73,60,55,55,38,38,38,38,27,27,0],"gold":210,"neow_bonus":"THREE_ENEMY_KILL","is_prod":false,"is_daily":false,"chose_seed":false,"campfire_upgraded":4,"win_rate":0,"timestamp":1543234395,"path_taken":["M","M","$","M","M","R","E","M","T","E","R","M","R","E","R","BOSS"],"build_version":"2018-11-15","purchased_purges":0,"victory":false,"max_hp_per_floor":[75,75,75,75,75,75,75,75,75,75,75,75,75,75,75,75],"card_choices":[{"not_picked":["Beam Cell","Gash","Doom and Gloom"],"picked":"SKIP","floor":1},{"not_picked":["Gash","Doom and Gloom"],"picked":"Coolheaded","floor":2},{"not_picked":["Darkness","Compile Driver","Sweeping Beam"],"picked":"SKIP","floor":4},{"not_picked":["Compile Driver","Streamline"],"picked":"Auto Shields","floor":5},{"not_picked":["Chaos","Skim"],"picked":"Stack","floor":7},{"not_picked":["Darkness","Sunder"],"picked":"Stack","floor":8},{"not_picked":["Storm","Gash"],"picked":"Loop","floor":10},{"not_picked":["Recycle","Compile Driver"],"picked":"Fusion","floor":12},{"not_picked":["Steam Power","Coolheaded"],"picked":"Echo Form","floor":14}],"player_experience":85054,"relics_obtained":[{"floor":7,"key":"Orichalcum"},{"floor":9,"key":"Matryoshka"},{"floor":10,"key":"Centennial Puzzle"},{"floor":14,"key":"Bird Faced Urn"}],"event_choices":[],"is_beta":false,"boss_relics":[],"items_purged_floors":[],"is_endless":false,"potions_floor_spawned":[1,8,12],"killed_by":"Hexaghost","ascension_level":1}