{"gold_per_floor":[16,30,42,52,70,70,89,89,89,105,132,132,51,81,81,178,178,192,192,192,204,218,243,243,96,119,138,138,151,184,201,201,296,296,307,307,307,14,25,25,42,42,42,42,71,71,83,103,103,103],"floor_reached":51,"playtime":1779,"items_purged":[],"score":947,"play_id":"951068a1-1d32-4010-96e6-1b5ff4814602","local_time":"20190309160310","is_ascension_mode":true,"campfire_choices":[{"data":"Inflame","floor":6.0,"key":"SMITH"},{"data":"Carnage","floor":8.0,"key":"SMITH"},{"data":"Bash","floor":12.0,"key":"SMITH"},{"data":"Flex","floor":15.0,"key":"SMITH"},{"data":"Bludgeon","floor":24.0,"key":"SMITH"},{"data":"Clash","floor":28.0,"key":"SMITH"},{"data":"Inflame","floor":32.0,"key":"SMITH"},{"data":"Trip","floor":40,"key":"SMITH"},{"data":"Inflame","floor":42,"key":"SMITH"},{"data":"Intimidate","floor":44,"key":"SMITH"},{"data":"Metallicize","floor":49,"key":"SMITH"}],"neow_cost":"NO_GOLD","seed_source_timestamp":13017341975157,"circlet_count":0,"master_deck":["Strike_R+1","Strike_R+1","Strike_R+1","Strike_R+1","Strike_R+1","Defend_R+1","Defend_R+1","Defend_R+1","Defend_R+1","Bash+1","Inflame+1","Carnage+1","Flex+1","Metallicize","Rampage","Intimidate+1","Clash","Evolve","Dramatic Entrance","Bludgeon+1","Pommel Strike","Anger+1","Thunderclap+1","Clash+1","Rampage+1","Inflame+1","Carnage+1","Trip+1","Inflame+1","Inflame+1","Doubt","Heavy Blade+1","Cleave","Metallicize+1"],"special_seed":0,"relics":["Burning Blood","Calipers","Red Skull","Meat on the Bone","Orichalcum","Cursed Key","Enchiridion","Pantograph","Strawberry","Dream Catcher","Shuriken","Coffee Dripper","Incense Burner","StoneCalendar","Nunchaku"],"potions_floor_usage":[33,48,50,50,50],"damage_taken":[{"damage":4.0,"enemies":"Jaw Worm","floor":1.0,"turns":4.0},{"damage":0.0,"enemies":"2 Louse","floor":2.0,"turns":4.0},{"damage":6.0,"enemies":"Cultist","floor":3.0,"turns":3.0},{"damage":12.0,"enemies":"Exordium Thugs","floor":4.0,"turns":4.0},{"damage":17.0,"enemies":"2 Fungi Beasts","floor":5.0,"turns":4.0},{"damage":4.0,"enemies":"Gremlin Gang","floor":7.0,"turns":5.0},{"damage":4.0,"enemies":"Red Slaver","floor":10.0,"turns":3.0},{"damage":22.0,"enemies":"3 Sentries","floor":11.0,"turns":7.0},{"damage":27.0,"enemies":"The Guardian","floor":16.0,"turns":7.0},{"damage":10.0,"enemies":"Shell Parasite","floor":18.0,"turns":3.0},{"damage":9.0,"enemies":"Chosen","floor":21.0,"turns":2.0},{"damage":6.0,"enemies":"Snake Plant","floor":22.0,"turns":3.0},{"damage":22.0,"enemies":"Gremlin Leader","floor":23.0,"turns":5.0},{"damage":13.0,"enemies":"Cultist and Chosen","floor":27.0,"turns":4.0},{"damage":0.0,"enemies":"3 Cultists","floor":29.0,"turns":2.0},{"damage":20.0,"enemies":"Slavers","floor":30.0,"turns":3.0},{"damage":29.0,"enemies":"Shelled Parasite and Fungi","floor":31.0,"turns":4.0},{"damage":68,"enemies":"Automaton","floor":33,"turns":8},{"damage":35,"enemies":"3 Darklings","floor":35,"turns":4},{"damage":12,"enemies":"Orb Walker","floor":39,"turns":3},{"damage":12,"enemies":"4 Shapes","floor":41,"turns":4},{"damage":19,"enemies":"Giant Head","floor":45,"turns":6},{"damage":2,"enemies":"Transient","floor":47,"turns":5},{"damage":7,"enemies":"3 Darklings","floor":48,"turns":3},{"damage":67,"enemies":"Time Eater","floor":50,"turns":8}],"seed_played":"3391186385917569174","potions_obtained":[{"floor":1.0,"key":"Ancient Potion"},{"floor":2.0,"key":"Block Potion"},{"floor":7.0,"key":"Strength Potion"},{"floor":10.0,"key":"Block Potion"},{"floor":21.0,"key":"SteroidPotion"},{"floor":30.0,"key":"SpeedPotion"},{"floor":33,"key":"Swift Potion"},{"floor":48,"key":"FearPotion"}],"is_trial":false,"path_per_floor":["M","M","M","M","M","R","M","R","T","M","E","R","$","?","R","B",null,"M","?","?","M","M","E","R","$","T","M","R","M","E","M","R","B",null,"M","?","?","$","M","R","M","R","T","R","E","$","M","M","R","B",null],"character_chosen":"IRONCLAD","items_purchased":["Dramatic Entrance","Strawberry","Incense Burner"],"campfire_rested":0,"item_purchase_floors":[13,25,38],"current_hp_per_floor":[74,80,80,74,63,63,65,65,65,67,51,51,51,51,51,42,71,67,51,51,48,48,44,44,51,51,56,56,62,60,49,49,24,71,54,54,54,54,60,60,54,54,54,54,53,53,57,56,56,32],"gold":103,"neow_bonus":"ONE_RARE_RELIC","is_prod":false,"is_daily":false,"chose_seed":false,"campfire_upgraded":11,"win_rate":0,"timestamp":1552118590,"path_taken":["M","M","M","M","M","R","M","R","T","M","E","R","$","?","R","BOSS","M","?","?","M","M","E","R","$","T","M","R","M","E","M","R","BOSS","M","?","?","$","?","R","M","R","T","R","E","?","M","M","R","BOSS"],"build_version":"2019-01-23","purchased_purges":0,"victory":true,"max_hp_per_floor":[80,80,80,80,80,80,80,80,80,80,80,80,80,80,80,80,80,80,80,80,80,80,80,80,87,87,87,87,87,87,87,87,87,87,87,87,87,87,87,87,87,87,87,87,87,87,87,87,87,87],"card_choices":[{"not_picked":["Intimidate","Sever Soul"],"picked":"Inflame","floor":1.0},{"not_picked":["Headbutt","Blood for Blood"],"picked":"Carnage","floor":2.0},{"not_picked":["True Grit","Fire Breathing"],"picked":"Flex","floor":3.0},{"not_picked":["Warcry","Bloodletting"],"picked":"Metallicize","floor":4.0},{"not_picked":["Twin Strike","Evolve"],"picked":"Rampage","floor":5.0},{"not_picked":["Fire Breathing","Feel No Pain"],"picked":"Intimidate","floor":7.0},{"not_picked":["Sword Boomerang","Second Wind"],"picked":"Clash","floor":10.0},{"not_picked":["Shrug It Off","Ghostly Armor"],"picked":"Evolve","floor":11.0},{"not_picked":["Barricade","Offering"],"picked":"Bludgeon","floor":16.0},{"not_picked":["Flame Barrier","Havoc"],"picked":"Pommel Strike","floor":18.0},{"not_picked":["Ghostly Armor+1","Entrench"],"picked":"Anger+1","floor":21.0},{"not_picked":["Reckless Charge","Headbutt+1"],"picked":"Thunderclap+1","floor":22.0},{"not_picked":["Burning Pact","Barricade","Shrug It Off"],"picked":"SKIP","floor":23.0},{"not_picked":["Power Through+1","Havoc"],"picked":"Clash","floor":27.0},{"not_picked":["Second Wind","Iron Wave"],"picked":"Rampage+1","floor":29.0},{"not_picked":["Headbutt+1","True Grit","Shrug It Off"],"picked":"SKIP","floor":30.0},{"not_picked":["Armaments","Body Slam"],"picked":"Inflame","floor":31.0},{"not_picked":["Corruption+1","Bloodletting+1"],"picked":"Carnage+1","floor":35},{"not_picked":["Purity","Magnetism"],"picked":"Trip","floor":36},{"not_picked":["Flex+1","Anger+1"],"picked":"Inflame+1","floor":39},{"not_picked":["Clothesline+1","Seeing Red"],"picked":"Inflame","floor":41},{"not_picked":["Reckless Charge+1","Havoc"],"picked":"Heavy Blade+1","floor":45},{"not_picked":["Heavy Blade","Body Slam+1"],"picked":"Cleave","floor":47},{"not_picked":["Power Through","Sentinel"],"picked":"Metallicize","floor":48}],"player_experience":270148,"relics_obtained":[{"floor":9.0,"key":"Red Skull"},{"floor":11.0,"key":"Meat on the Bone"},{"floor":19.0,"key":"Enchiridion"},{"floor":23.0,"key":"Pantograph"},{"floor":26.0,"key":"Dream Catcher"},{"floor":30.0,"key":"Shuriken"},{"floor":43,"key":"StoneCalendar"},{"floor":45,"key":"Nunchaku"}],"event_choices":[{"damage_healed":0.0,"max_hp_gain":0.0,"max_hp_loss":0.0,"gold_gain":30.0,"event_name":"Dead Adventurer","player_choice":"Searched \u00272\u0027 times","floor":14.0,"gold_loss":0.0,"damage_taken":0.0,"relics_obtained":["Orichalcum"]},{"damage_healed":0.0,"max_hp_gain":0.0,"max_hp_loss":0.0,"gold_gain":0.0,"event_name":"Cursed Tome","player_choice":"Obtained Book","floor":19.0,"gold_loss":0.0,"damage_taken":16.0},{"damage_healed":0.0,"max_hp_gain":0.0,"max_hp_loss":0.0,"gold_gain":0.0,"event_name":"Back to Basics","player_choice":"Simplicity","floor":20.0,"gold_loss":0.0,"damage_taken":0.0,"cards_upgraded":["Strike_R","Strike_R","Strike_R","Strike_R","Strike_R","Defend_R","Defend_R","Defend_R","Defend_R"]},{"damage_healed":0,"gold_gain":0,"player_choice":"Memory 1","damage_taken":0,"max_hp_gain":0,"max_hp_loss":0,"event_name":"SensoryStone","floor":36,"gold_loss":0},{"cards_removed":["Pain"],"damage_healed":0,"gold_gain":0,"player_choice":"Removed Curses","damage_taken":0,"max_hp_gain":0,"max_hp_loss":0,"event_name":"Fountain of Cleansing","floor":37,"gold_loss":0}],"is_beta":false,"boss_relics":[{"not_picked":["White Beast Statue","Orrery"],"picked":"Cursed Key"},{"not_picked":["Runic Cube","Black Star"],"picked":"Coffee Dripper"}],"items_purged_floors":[],"is_endless":false,"potions_floor_spawned":[1,2,7,10,21,23,30,33,35,41,47,48],"ascension_level":6}