{"gold_per_floor":[114,130,130,144,69,69,83,112,181,181,181,192,92,109,109,208,208,226,243,243],"floor_reached":20,"playtime":1306,"items_purged":["Strike_R","Strike_R"],"score":178,"play_id":"8cbc712b-5021-4c8f-8e0f-314463a16890","local_time":"20181002180711","is_ascension_mode":false,"campfire_choices":[{"data":"Bash","floor":6,"key":"SMITH"},{"floor":15,"key":"REST"}],"neow_cost":"TEN_PERCENT_HP_LOSS","seed_source_timestamp":3747091187744,"circlet_count":0,"master_deck":["Strike_R","Strike_R","Defend_R","Defend_R","Defend_R","Bash+1","Dropkick"],"relics":["Burning Blood","Magic Flower","Prayer Wheel","Singing Bowl","Lizard Tail"],"potions_floor_usage":[8,10,10,16,18],"damage_taken":[{"damage":5,"enemies":"Small Slimes","floor":1,"turns":4},{"damage":8,"enemies":"Jaw Worm","floor":2,"turns":4},{"damage":1,"enemies":"Cultist","floor":4,"turns":3},{"damage":14,"enemies":"Exordium Thugs","floor":7,"turns":5},{"damage":16,"enemies":"Gremlin Nob","floor":8,"turns":5},{"damage":8,"enemies":"Lots of Slimes","floor":10,"turns":2},{"damage":49,"enemies":"Gremlin Gang","floor":12,"turns":7},{"damage":12,"enemies":"3 Louse","floor":14,"turns":4},{"damage":52,"enemies":"The Guardian","floor":16,"turns":13},{"damage":54,"enemies":"Shell Parasite","floor":18,"turns":7},{"damage":77,"enemies":"3 Byrds","floor":19,"turns":9},{"damage":0,"enemies":"3 Cultists","floor":20,"turns":1}],"seed_played":"8318565501427912757","potions_obtained":[{"floor":2,"key":"Weak Potion"},{"floor":4,"key":"SmokeBomb"},{"floor":8,"key":"BloodPotion"},{"floor":14,"key":"Fire Potion"},{"floor":16,"key":"Poison Potion"}],"is_trial":false,"path_per_floor":["M","M","?","M","$","R","M","E","T","M","?","M","$","M","R","B",null,"M","M"],"character_chosen":"IRONCLAD","items_purchased":[],"campfire_rested":1,"item_purchase_floors":[],"current_hp_per_floor":[72,72,65,72,72,72,67,60,60,72,72,34,34,35,58,17,80,39,49,49],"gold":243,"neow_bonus":"ONE_RARE_RELIC","is_prod":false,"is_daily":false,"chose_seed":false,"campfire_upgraded":1,"win_rate":0,"timestamp":1538496431,"path_taken":["M","M","?","M","$","R","M","E","T","M","?","M","$","M","R","BOSS","M","?","?"],"build_version":"2018-09-27","purchased_purges":2,"victory":false,"max_hp_per_floor":[72,72,72,72,72,72,72,72,72,72,72,74,74,78,78,80,80,84,88,88],"card_choices":[{"not_picked":["Body Slam","Twin Strike","Second Wind"],"picked":"SKIP","floor":1},{"not_picked":["Pommel Strike","Sword Boomerang","Blood for Blood"],"picked":"SKIP","floor":2},{"not_picked":["Seeing Red","Twin Strike","True Grit"],"picked":"SKIP","floor":4},{"not_picked":["Twin Strike","True Grit","Clash"],"picked":"SKIP","floor":7},{"not_picked":["Clothesline","Double Tap","Inflame"],"picked":"SKIP","floor":8},{"not_picked":["Flex","Ghostly Armor","Rampage"],"picked":"Singing Bowl","floor":12},{"not_picked":["Blood for Blood","Corruption"],"picked":"Dropkick","floor":12},{"not_picked":["Pommel Strike","Rampage","Clash"],"picked":"Singing Bowl","floor":14},{"not_picked":["True Grit","Pummel","Thunderclap"],"picked":"Singing Bowl","floor":14},{"not_picked":["Immolate","Offering","Berserk"],"picked":"Singing Bowl","floor":16},{"not_picked":["Hemokinesis","Carnage+1","Battle Trance"],"picked":"Singing Bowl","floor":18},{"not_picked":["Wild Strike","Heavy Blade","Clothesline"],"picked":"Singing Bowl","floor":18},{"not_picked":["Flame Barrier","Power Through","Combust"],"picked":"Singing Bowl","floor":19},{"not_picked":["Dark Embrace","Wild Strike","Heavy Blade+1"],"picked":"Singing Bowl","floor":19}],"player_experience":202754,"relics_obtained":[{"floor":8,"key":"Prayer Wheel"},{"floor":9,"key":"Singing Bowl"}],"event_choices":[{"event_name":"Golden Wing","player_choice":"Card Removal","floor":3,"damage_taken":0},{"event_name":"Purifier","player_choice":"One Purge","floor":11,"damage_taken":0}],"is_beta":false,"boss_relics":[{"not_picked":["Mark of Pain","Runic Cube"],"picked":"Lizard Tail"}],"items_purged_floors":[5,13],"is_endless":false,"potions_floor_spawned":[2,4,8,14,16],"killed_by":"3 Cultists","ascension_level":0}