{"gold_per_floor":[116,127,138,151,165,165,197,197,224,254,268,268,282,46,46,148,148,164,179,190,209,229,229],"floor_reached":23,"playtime":1265,"items_purged":[],"score":261,"play_id":"35cc242a-4034-4723-83e3-d4ac111fc776","local_time":"20190224200321","is_ascension_mode":true,"campfire_choices":[{"data":"Loop","floor":6,"key":"SMITH"},{"data":"Chill","floor":8,"key":"SMITH"},{"floor":15,"key":"REST"}],"neow_cost":"NONE","seed_source_timestamp":25836757278625,"circlet_count":0,"master_deck":["Defend_B","Defend_B","Defend_B","Defend_B","Zap","Dualcast","Steam","Coolheaded","Ball Lightning","Loop+1","Chill+1","Static Discharge","Steam","Leap","Blizzard","Discovery","Echo Form","Doom and Gloom+1","Coolheaded+1","Storm+1","Leap+1","Defragment","Steam+1","Storm","Go for the Eyes+1"],"relics":["Cracked Core","NeowsBlessing","Question Card","Bag of Marbles","Regal Pillow","Anchor","Astrolabe"],"potions_floor_usage":[13,23,23,23],"damage_taken":[{"damage":0,"enemies":"Small Slimes","floor":1,"turns":1},{"damage":0,"enemies":"Cultist","floor":2,"turns":1},{"damage":0,"enemies":"2 Louse","floor":3,"turns":1},{"damage":6,"enemies":"Blue Slaver","floor":4,"turns":4},{"damage":0,"enemies":"Looter","floor":5,"turns":4},{"damage":17,"enemies":"3 Sentries","floor":7,"turns":8},{"damage":16,"enemies":"Lagavulin","floor":10,"turns":6},{"damage":27,"enemies":"Gremlin Gang","floor":11,"turns":6},{"damage":0,"enemies":"Exordium Thugs","floor":13,"turns":7},{"damage":24,"enemies":"The Guardian","floor":16,"turns":10},{"damage":16,"enemies":"3 Byrds","floor":18,"turns":4},{"damage":10,"enemies":"Spheric Guardian","floor":19,"turns":9},{"damage":18,"enemies":"Snake Plant","floor":20,"turns":4},{"damage":4,"enemies":"Snecko","floor":21,"turns":5},{"damage":9,"enemies":"Cultist and Chosen","floor":22,"turns":5},{"damage":12,"enemies":"Slavers","floor":23,"turns":2}],"seed_played":"-7588536046167440628","potions_obtained":[{"floor":2,"key":"Dexterity Potion"},{"floor":4,"key":"Dexterity Potion"},{"floor":7,"key":"Block Potion"},{"floor":18,"key":"FocusPotion"}],"is_trial":false,"path_per_floor":["M","M","M","M","M","R","E","R","T","E","M","?","M","$","R","B",null,"M","M","M","M","M","E"],"character_chosen":"DEFECT","items_purchased":["Discovery","Anchor"],"campfire_rested":1,"item_purchase_floors":[14,14],"current_hp_per_floor":[75,75,75,69,69,69,52,52,52,36,9,9,9,9,46,22,62,46,36,18,14,5,0],"gold":229,"neow_bonus":"THREE_ENEMY_KILL","is_prod":false,"is_daily":false,"chose_seed":false,"campfire_upgraded":2,"win_rate":0,"timestamp":1551009801,"path_taken":["M","M","M","M","M","R","E","R","T","E","M","?","M","$","R","BOSS","M","M","M","?","M","E"],"build_version":"2019-01-23","purchased_purges":0,"victory":false,"max_hp_per_floor":[75,75,75,75,75,75,75,75,75,75,75,75,75,75,75,75,75,75,75,75,75,75,75],"card_choices":[{"not_picked":["Gash","Barrage"],"picked":"Steam","floor":1},{"not_picked":["Cold Snap","Hologram"],"picked":"Coolheaded","floor":2},{"not_picked":["Hologram","Cold Snap"],"picked":"Ball Lightning","floor":3},{"not_picked":["Sunder","Double Energy"],"picked":"Loop","floor":4},{"not_picked":["Beam Cell","Darkness"],"picked":"Chill","floor":5},{"not_picked":["Streamline","Turbo"],"picked":"Static Discharge","floor":7},{"not_picked":["Sweeping Beam","Meteor Strike","Hello World"],"picked":"Steam","floor":10},{"not_picked":["Hologram","Go for the Eyes","Reprogram"],"picked":"Leap","floor":11},{"not_picked":["Beam Cell","Self Repair","Glacier"],"picked":"Blizzard","floor":13},{"not_picked":["Machine Learning","Reboot","Creative AI"],"picked":"Echo Form","floor":16},{"not_picked":["Steam Power","Redo","Stack"],"picked":"Leap+1","floor":18},{"not_picked":["Turbo+1","White Noise","Redo+1"],"picked":"Defragment","floor":19},{"not_picked":["Coolheaded+1","Hologram","Turbo"],"picked":"Steam+1","floor":20},{"not_picked":["Beam Cell","Go for the Eyes","Lockon"],"picked":"Storm","floor":21},{"not_picked":["Doom and Gloom","Undo","Storm"],"picked":"Go for the Eyes+1","floor":22}],"player_experience":181541,"relics_obtained":[{"floor":7,"key":"Question Card"},{"floor":9,"key":"Bag of Marbles"},{"floor":10,"key":"Regal Pillow"}],"event_choices":[{"cards_removed":["Strike_B"],"damage_healed":0,"gold_gain":0,"player_choice":"Card Removal","damage_taken":0,"max_hp_gain":0,"max_hp_loss":0,"event_name":"Wheel of Change","floor":12,"gold_loss":0}],"is_beta":false,"boss_relics":[{"not_picked":["Philosopher\u0027s Stone","Sozu"],"picked":"Astrolabe"}],"items_purged_floors":[],"is_endless":false,"potions_floor_spawned":[2,4,7,11,18,19],"killed_by":"Slavers","ascension_level":5}