{"gold_per_floor":[116,216,234,244,254,254,6,34,34,34,52,52,52,72,72,176,176,191,47,67,67,83,83,103,103,129,129,145,145,19,37,37,133,133,145,155,0,0,12,38,38,66,66,66,81,81,95,95,95,95,95,95,3,38,38],"floor_reached":55,"playtime":2966,"items_purged":["Strike_R"],"score":1116,"play_id":"46a172ba-e0ee-4f78-91f8-fb7e2addba45","local_time":"20190315162149","is_ascension_mode":true,"campfire_choices":[{"data":"Demon Form","floor":6.0,"key":"SMITH"},{"data":"Shrug It Off","floor":12.0,"key":"SMITH"},{"data":"Flame Barrier","floor":15.0,"key":"SMITH"},{"data":"Defend_R","floor":23.0,"key":"SMITH"},{"data":"Defend_R","floor":25.0,"key":"SMITH"},{"data":"Defend_R","floor":29.0,"key":"SMITH"},{"data":"Defend_R","floor":32.0,"key":"SMITH"},{"data":"Panache","floor":41.0,"key":"SMITH"},{"floor":44.0,"key":"RECALL"},{"floor":46.0,"key":"REST"},{"data":"Feel No Pain","floor":49.0,"key":"SMITH"},{"data":"Juggernaut","floor":52.0,"key":"SMITH"}],"neow_cost":"NONE","seed_source_timestamp":4222425015781,"circlet_count":0,"master_deck":["Strike_R","Strike_R","Strike_R","Defend_R+1","Defend_R+1","Defend_R+1","Defend_R+1","Bash","Demon Form+1","Shrug It Off+1","Flame Barrier+1","Panache+1","Burning Pact","Disarm+1","Seeing Red+1","Juggernaut+1","Feel No Pain","Finesse+1","True Grit+1","Havoc+1","Power Through+1","Evolve","Flame Barrier+1","Shrug It Off+1","Limit Break+1","Shrug It Off+1","Shrug It Off+1","Entrench+1","Feel No Pain+1","True Grit+1","Writhe","Shrug It Off+1","Evolve","Feel No Pain"],"special_seed":0,"relics":["Burning Blood","Bottled Tornado","Pear","Toxic Egg 2","Sozu","Boot","Runic Pyramid","Red Mask","Mummified Hand","Pocketwatch","Bottled Lightning"],"potions_floor_usage":[55,55],"damage_taken":[{"damage":16.0,"enemies":"Small Slimes","floor":1.0,"turns":4.0},{"damage":1.0,"enemies":"Cultist","floor":3.0,"turns":3.0},{"damage":2.0,"enemies":"Jaw Worm","floor":4.0,"turns":5.0},{"damage":2.0,"enemies":"2 Fungi Beasts","floor":5.0,"turns":6.0},{"damage":30.0,"enemies":"3 Sentries","floor":8.0,"turns":10.0},{"damage":7.0,"enemies":"Large Slime","floor":11.0,"turns":7.0},{"damage":12.0,"enemies":"Exordium Wildlife","floor":14.0,"turns":10.0},{"damage":0.0,"enemies":"Hexaghost","floor":16.0,"turns":9.0},{"damage":22.0,"enemies":"Spheric Guardian","floor":18.0,"turns":4.0},{"damage":6.0,"enemies":"Shell Parasite","floor":20.0,"turns":8.0},{"damage":11.0,"enemies":"Snake Plant","floor":22.0,"turns":5.0},{"damage":13.0,"enemies":"Centurion and Healer","floor":24.0,"turns":6.0},{"damage":0.0,"enemies":"Chosen and Byrds","floor":28.0,"turns":6.0},{"damage":0.0,"enemies":"Cultist and Chosen","floor":31.0,"turns":6.0},{"damage":25.0,"enemies":"Champ","floor":33.0,"turns":12.0},{"damage":14.0,"enemies":"3 Darklings","floor":35.0,"turns":6.0},{"damage":0.0,"enemies":"Orb Walker","floor":36.0,"turns":6.0},{"damage":1.0,"enemies":"Jaw Worm Horde","floor":39.0,"turns":6.0},{"damage":0.0,"enemies":"Nemesis","floor":40.0,"turns":9.0},{"damage":61.0,"enemies":"Reptomancer","floor":42.0,"turns":7.0},{"damage":0.0,"enemies":"4 Shapes","floor":45.0,"turns":5.0},{"damage":0.0,"enemies":"Writhing Mass","floor":47.0,"turns":6.0},{"damage":12.0,"enemies":"Awakened One","floor":50.0,"turns":14.0},{"damage":31.0,"enemies":"Shield and Spear","floor":54.0,"turns":11.0},{"damage":64,"enemies":"The Heart","floor":55,"turns":8}],"seed_played":"3227631233214257148","potions_obtained":[{"floor":3.0,"key":"EssenceOfSteel"},{"floor":8.0,"key":"Dexterity Potion"},{"floor":11.0,"key":"SteroidPotion"}],"is_trial":false,"path_per_floor":["M","?","M","M","M","R","$","E","T","T","M","R","$","M","R","B",null,"M","$","M","?","M","R","M","R","T","?","M","R","$","M","R","B",null,"M","M","?","$","M","E","R","E","T","R","M","R","M","?","R","B",null,"R","$","E","B"],"character_chosen":"IRONCLAD","items_purchased":["Panache","Finesse+1","True Grit+1","Flame Barrier+1","Shrug It Off+1","Shrug It Off+1","Evolve"],"campfire_rested":1,"item_purchase_floors":[7,19,19,30,30,53,53],"current_hp_per_floor":[62,62,67,71,75,75,75,51,61,61,60,60,60,54,54,60,83,67,67,67,67,62,62,55,55,55,55,61,61,61,67,67,48,80,72,78,78,78,83,89,89,34,34,34,40,67,73,90,90,84,89,89,89,64,0],"gold":38,"neow_bonus":"ONE_RANDOM_RARE_CARD","is_prod":false,"is_daily":false,"chose_seed":false,"campfire_upgraded":10,"win_rate":0,"timestamp":1552638109,"path_taken":["M","?","?","M","M","R","$","E","T","?","M","R","?","M","R","BOSS","M","$","M","?","M","R","M","R","T","?","M","R","?","M","R","BOSS","M","M","?","$","M","E","R","E","T","R","M","R","M","?","R","BOSS","R","$","E","BOSS"],"build_version":"2019-01-23","purchased_purges":1,"victory":false,"max_hp_per_floor":[80,80,80,80,80,80,80,80,90,90,90,90,90,90,90,90,90,90,90,90,90,90,90,90,90,90,90,90,90,90,90,90,90,90,90,90,90,90,90,90,90,90,90,90,90,90,90,90,90,90,90,90,90,90,90],"card_choices":[{"not_picked":["Anger","Pommel Strike","Warcry"],"picked":"SKIP","floor":1.0},{"not_picked":["Iron Wave","Uppercut"],"picked":"Shrug It Off","floor":3.0},{"not_picked":["Combust","Exhume"],"picked":"Flame Barrier","floor":4.0},{"not_picked":["Anger","Bloodletting","Twin Strike"],"picked":"SKIP","floor":5.0},{"not_picked":["Sword Boomerang","Iron Wave"],"picked":"Burning Pact","floor":8.0},{"not_picked":["Hemokinesis","Iron Wave"],"picked":"Disarm+1","floor":11.0},{"not_picked":["Iron Wave","Shockwave+1"],"picked":"Seeing Red+1","floor":14.0},{"not_picked":["Dark Embrace","Bludgeon"],"picked":"Juggernaut","floor":16.0},{"not_picked":["Blood for Blood","Clash"],"picked":"Feel No Pain","floor":18.0},{"not_picked":["Anger","Flex+1","Rage+1"],"picked":"SKIP","floor":20.0},{"not_picked":["Battle Trance+1","Iron Wave"],"picked":"Havoc+1","floor":22.0},{"not_picked":["Combust","Headbutt"],"picked":"Power Through+1","floor":24.0},{"not_picked":["Twin Strike","Thunderclap+1"],"picked":"Evolve","floor":28.0},{"not_picked":["Flex+1","Uppercut","Wild Strike"],"picked":"SKIP","floor":31.0},{"not_picked":["Berserk","Reaper"],"picked":"Limit Break+1","floor":33.0},{"not_picked":["Clash+1","Dropkick","Hemokinesis+1"],"picked":"SKIP","floor":35.0},{"not_picked":["Sever Soul+1","Fire Breathing+1"],"picked":"Shrug It Off+1","floor":36.0},{"not_picked":["Twin Strike","Searing Blow+1"],"picked":"Shrug It Off+1","floor":39.0},{"not_picked":["Wild Strike","Uppercut"],"picked":"Entrench+1","floor":40.0},{"not_picked":["Double Tap+1","Searing Blow+1","Heavy Blade+1"],"picked":"SKIP","floor":42.0},{"not_picked":["Sentinel+1","Headbutt"],"picked":"Feel No Pain","floor":45.0},{"not_picked":["Flex+1","Twin Strike+1"],"picked":"True Grit+1","floor":47.0},{"not_picked":["Heavy Blade","Cleave"],"picked":"Feel No Pain","floor":54.0}],"player_experience":305315,"relics_obtained":[{"floor":8.0,"key":"Bottled Tornado"},{"floor":9.0,"key":"Pear"},{"floor":10.0,"key":"Toxic Egg 2"},{"floor":26.0,"key":"Boot"},{"floor":40.0,"key":"Mummified Hand"},{"floor":42.0,"key":"Pocketwatch"},{"floor":54.0,"key":"Bottled Lightning"}],"event_choices":[{"damage_healed":0.0,"max_hp_gain":0.0,"max_hp_loss":0.0,"gold_gain":100.0,"event_name":"Golden Shrine","player_choice":"Pray","floor":2.0,"gold_loss":0.0,"damage_taken":0.0},{"damage_healed":0.0,"max_hp_gain":0.0,"max_hp_loss":0.0,"gold_gain":0.0,"event_name":"Ghosts","player_choice":"Ignored","floor":21.0,"gold_loss":0.0,"damage_taken":0.0},{"cards_removed":["Strike_R"],"damage_healed":0.0,"max_hp_gain":0.0,"max_hp_loss":0.0,"gold_gain":0.0,"event_name":"Back to Basics","player_choice":"Elegance","floor":27.0,"gold_loss":0.0,"damage_taken":0.0},{"damage_healed":0.0,"max_hp_gain":0.0,"max_hp_loss":0.0,"gold_gain":0.0,"event_name":"Tomb of Lord Red Mask","player_choice":"Paid","floor":37.0,"gold_loss":155.0,"damage_taken":0.0,"relics_obtained":["Red Mask"]},{"damage_healed":23.0,"max_hp_gain":0.0,"max_hp_loss":0.0,"gold_gain":0.0,"event_name":"Winding Halls","player_choice":"Writhe","floor":48.0,"gold_loss":0.0,"damage_taken":0.0,"cards_obtained":["Writhe"]}],"is_beta":false,"boss_relics":[{"not_picked":["Fusion Hammer","Philosopher\u0027s Stone"],"picked":"Sozu"},{"not_picked":["Snecko Eye","Runic Cube"],"picked":"Runic Pyramid"}],"items_purged_floors":[7],"is_endless":false,"potions_floor_spawned":[3,8,11,18,31,36],"killed_by":"The Heart","ascension_level":8}