{"gold_per_floor":[109,122,40,40,40,65,78,101,101,118,147,147,172,172],"floor_reached":14,"playtime":572,"items_purged":[],"score":223,"play_id":"75f9794b-e814-435f-841e-72204d3208ed","local_time":"20190224003953","is_ascension_mode":true,"campfire_choices":[{"data":"Buffer","floor":12,"key":"SMITH"}],"neow_cost":"NONE","seed_source_timestamp":11814733853011,"circlet_count":0,"master_deck":["Strike_B","Strike_B","Strike_B","Strike_B","Defend_B","Defend_B","Defend_B","Defend_B","Zap","Dualcast","Ball Lightning","Ball Lightning","Capacitor+1","Buffer+1","Go for the Eyes","Consume+1","Redo+1","Hologram+1"],"relics":["Cracked Core","NeowsBlessing","Toxic Egg 2","Odd Mushroom","Pear","Juzu Bracelet","Art of War"],"potions_floor_usage":[14],"damage_taken":[{"damage":0,"enemies":"Small Slimes","floor":1,"turns":1},{"damage":0,"enemies":"2 Louse","floor":2,"turns":1},{"damage":0,"enemies":"Lagavulin","floor":6,"turns":1},{"damage":7,"enemies":"Jaw Worm","floor":7,"turns":4},{"damage":15,"enemies":"The Mushroom Lair","floor":8,"turns":4},{"damage":13,"enemies":"3 Louse","floor":10,"turns":2},{"damage":30,"enemies":"3 Sentries","floor":11,"turns":6},{"damage":0,"enemies":"Lagavulin","floor":13,"turns":6},{"damage":26,"enemies":"3 Sentries","floor":14,"turns":4}],"seed_played":"831376829608102535","potions_obtained":[{"floor":1,"key":"SpeedPotion"},{"floor":6,"key":"Poison Potion"},{"floor":13,"key":"EssenceOfSteel"}],"is_trial":false,"path_per_floor":["M","M","$","?","?","E","M","?","T","M","E","R","E","?"],"character_chosen":"DEFECT","items_purchased":["Capacitor"],"campfire_rested":0,"item_purchase_floors":[3],"current_hp_per_floor":[75,75,75,80,80,80,73,58,68,55,25,25,25,0],"gold":172,"neow_bonus":"THREE_ENEMY_KILL","is_prod":false,"is_daily":false,"chose_seed":false,"campfire_upgraded":1,"win_rate":0,"timestamp":1550939993,"path_taken":["M","M","$","?","?","E","M","?","T","M","E","R","E","?"],"build_version":"2019-01-23","purchased_purges":0,"victory":false,"max_hp_per_floor":[75,75,75,80,80,80,80,80,90,90,90,90,90,90],"card_choices":[{"not_picked":["Beam Cell","Sweeping Beam"],"picked":"Ball Lightning","floor":1},{"not_picked":["Turbo","Steam"],"picked":"Ball Lightning","floor":2},{"not_picked":["Rebound","Echo Form"],"picked":"Buffer","floor":6},{"not_picked":["Sweeping Beam","Static Discharge"],"picked":"Go for the Eyes","floor":7},{"not_picked":["Compile Driver","Turbo+1"],"picked":"Consume+1","floor":8},{"not_picked":["Tempest+1","Barrage"],"picked":"Redo+1","floor":10},{"not_picked":["Sunder","Creative AI"],"picked":"Hologram+1","floor":11},{"not_picked":["Rainbow+1","Go for the Eyes","Force Field+1"],"picked":"SKIP","floor":13}],"player_experience":172343,"relics_obtained":[{"floor":6,"key":"Toxic Egg 2"},{"floor":8,"key":"Odd Mushroom"},{"floor":9,"key":"Pear"},{"floor":11,"key":"Juzu Bracelet"},{"floor":13,"key":"Art of War"}],"event_choices":[{"damage_healed":0,"gold_gain":0,"player_choice":"Donut","damage_taken":0,"max_hp_gain":5,"max_hp_loss":0,"event_name":"Big Fish","floor":4,"gold_loss":0},{"damage_healed":0,"gold_gain":0,"player_choice":"Grow","damage_taken":0,"max_hp_gain":0,"max_hp_loss":0,"event_name":"Living Wall","floor":5,"gold_loss":0,"cards_upgraded":["Capacitor"]},{"damage_healed":0,"gold_gain":0,"player_choice":"Fought Mushrooms","damage_taken":0,"max_hp_gain":0,"max_hp_loss":0,"event_name":"Mushrooms","floor":8,"gold_loss":0},{"damage_healed":0,"gold_gain":0,"player_choice":"Searched \u00271\u0027 times","damage_taken":0,"max_hp_gain":0,"max_hp_loss":0,"event_name":"Dead Adventurer","floor":14,"gold_loss":0}],"is_beta":false,"boss_relics":[],"items_purged_floors":[],"is_endless":false,"potions_floor_spawned":[1,6,13],"killed_by":"3 Sentries","ascension_level":5}