{"gold_per_floor":[110,35,45,45,10,10,74,74,74,74,88,121,121,173,173,275,275,294,294,304,80,80,80,80],"floor_reached":24,"playtime":672,"items_purged":["Strike_R"],"score":325,"play_id":"219110bb-6b39-4436-9c10-33846dfe1129","local_time":"20190320182019","is_ascension_mode":true,"campfire_choices":[{"data":"Bash","floor":6,"key":"SMITH"},{"data":"Perfected Strike","floor":8,"key":"SMITH"},{"floor":13,"key":"REST"},{"data":"Double Tap","floor":15,"key":"SMITH"},{"floor":23,"key":"REST"}],"neow_cost":"NONE","seed_source_timestamp":12531106052106,"circlet_count":0,"master_deck":["AscendersBane","Strike_R","Strike_R","Strike_R","Defend_R","Defend_R","Defend_R","Defend_R","Bash+1","Perfected Strike+1","Parasite","Double Tap+1","Impervious","Shockwave","Rupture","Apotheosis","Thunderclap"],"relics":["Burning Blood","Tiny Chest","Singing Bowl","Potion Belt","Strawberry","Velvet Choker"],"potions_floor_usage":[16,20],"damage_taken":[{"damage":13,"enemies":"Small Slimes","floor":1,"turns":5},{"damage":13,"enemies":"Jaw Worm","floor":3,"turns":7},{"damage":60,"enemies":"Lagavulin","floor":7,"turns":6},{"damage":0,"enemies":"2 Louse","floor":11,"turns":2},{"damage":35,"enemies":"3 Sentries","floor":12,"turns":8},{"damage":64,"enemies":"The Guardian","floor":16,"turns":10},{"damage":46,"enemies":"Shell Parasite","floor":18,"turns":10},{"damage":34,"enemies":"Spheric Guardian","floor":20,"turns":6},{"damage":0,"enemies":"Gremlin Leader","floor":24,"turns":1}],"seed_played":"-8890040473582607524","potions_obtained":[{"floor":3,"key":"FairyPotion"},{"floor":12,"key":"Poison Potion"},{"floor":18,"key":"PowerPotion"}],"is_trial":false,"path_per_floor":["M","$","M","?","?","R","E","R","T","?","M","E","R","T","R","B",null,"M","?","M","$","$","R","E"],"character_chosen":"IRONCLAD","items_purchased":["Apotheosis","Thunderclap"],"campfire_rested":2,"item_purchase_floors":[21,21],"current_hp_per_floor":[73,73,66,66,88,88,34,34,34,56,64,35,62,69,69,11,76,36,36,10,10,10,39,39],"gold":80,"neow_bonus":"TEN_PERCENT_HP_BONUS","is_prod":false,"is_daily":false,"chose_seed":false,"campfire_upgraded":3,"win_rate":0,"timestamp":1553073619,"path_taken":["M","$","M","?","?","R","E","R","T","?","M","E","R","?","R","BOSS","M","?","M","?","$","R","E"],"build_version":"2019-01-23","purchased_purges":1,"victory":false,"max_hp_per_floor":[88,88,88,88,88,88,88,88,88,88,90,90,90,97,97,97,97,97,97,99,99,99,99,99],"card_choices":[{"not_picked":["Warcry","Body Slam","True Grit"],"picked":"SKIP","floor":1},{"not_picked":["Reckless Charge","Sentinel"],"picked":"Perfected Strike","floor":3},{"not_picked":["Headbutt","Dark Embrace","True Grit"],"picked":"SKIP","floor":7},{"not_picked":["Headbutt","Power Through","Flex"],"picked":"Singing Bowl","floor":11},{"not_picked":["Metallicize","Feel No Pain"],"picked":"Double Tap","floor":12},{"not_picked":["Limit Break","Bludgeon"],"picked":"Impervious","floor":16},{"not_picked":["Spot Weakness","Wild Strike+1"],"picked":"Shockwave","floor":18},{"not_picked":["Clothesline","Clash","Heavy Blade"],"picked":"Singing Bowl","floor":20}],"player_experience":361463,"relics_obtained":[{"floor":7,"key":"Tiny Chest"},{"floor":9,"key":"Singing Bowl"},{"floor":12,"key":"Potion Belt"},{"floor":14,"key":"Strawberry"}],"event_choices":[{"damage_healed":0,"gold_gain":0,"player_choice":"Ignored","damage_taken":0,"max_hp_gain":0,"max_hp_loss":0,"event_name":"Golden Idol","floor":4,"gold_loss":0},{"damage_healed":22,"gold_gain":0,"player_choice":"Healed","damage_taken":0,"max_hp_gain":0,"max_hp_loss":0,"event_name":"The Cleric","floor":5,"gold_loss":35},{"damage_healed":22,"gold_gain":0,"player_choice":"Healed and dodged fight","damage_taken":0,"max_hp_gain":0,"max_hp_loss":0,"event_name":"Mushrooms","floor":10,"gold_loss":0,"cards_obtained":["Parasite"]},{"damage_healed":0,"gold_gain":0,"cards_transformed":["Strike_R"],"player_choice":"Transformed","damage_taken":0,"max_hp_gain":0,"max_hp_loss":0,"event_name":"Transmorgrifier","floor":19,"gold_loss":0,"cards_obtained":["Rupture"]}],"is_beta":false,"boss_relics":[{"not_picked":["Lizard Tail","Orrery"],"picked":"Velvet Choker"}],"items_purged_floors":[2],"is_endless":false,"potions_floor_spawned":[3,12,18],"killed_by":"Gremlin Leader","ascension_level":10}