{"gold_per_floor":[112,112,37,55,3,32,32,57,107,142,159,189,203,222,222,327,327,343,361,361,373,43,75,37,71,71,71],"floor_reached":27,"playtime":1725,"items_purged":["Defend_R","Strike_R","Strike_R"],"score":321,"play_id":"ed9819bf-7dc1-476d-a447-acd39e094119","local_time":"20181125080826","is_ascension_mode":true,"campfire_choices":[{"data":"Spot Weakness","floor":7,"key":"SMITH"},{"data":"Infernal Blade","floor":15,"key":"SMITH"}],"neow_cost":"NONE","seed_source_timestamp":6224070258275,"circlet_count":0,"master_deck":["Strike_R","Strike_R+1","Strike_R","Defend_R","Defend_R","Bash","Sword Boomerang","Clash","Cleave","Spot Weakness+1","Battle Trance","Headbutt+1","Infernal Blade","Hemokinesis","Dropkick","Infernal Blade+1","Demon Form","Battle Trance","Clothesline+1","Infernal Blade","Trip","Cleave","Shockwave"],"relics":["Burning Blood","Smiling Mask","Orichalcum","Potion Belt","Oddly Smooth Stone","Whetstone","Busted Crown","CultistMask","Anchor","MawBank","Dream Catcher","PreservedInsect"],"potions_floor_usage":[6,16,19],"damage_taken":[{"damage":5,"enemies":"Small Slimes","floor":1,"turns":5},{"damage":1,"enemies":"Cultist","floor":4,"turns":3},{"damage":14,"enemies":"Gremlin Nob","floor":6,"turns":3},{"damage":44,"enemies":"Lagavulin","floor":8,"turns":6},{"damage":0,"enemies":"Gremlin Nob","floor":10,"turns":3},{"damage":0,"enemies":"2 Louse","floor":11,"turns":1},{"damage":6,"enemies":"3 Sentries","floor":12,"turns":3},{"damage":17,"enemies":"Exordium Thugs","floor":13,"turns":4},{"damage":4,"enemies":"Looter","floor":14,"turns":2},{"damage":15,"enemies":"Hexaghost","floor":16,"turns":5},{"damage":28,"enemies":"2 Thieves","floor":18,"turns":3},{"damage":6,"enemies":"Shell Parasite","floor":19,"turns":2},{"damage":10,"enemies":"Cultist and Chosen","floor":21,"turns":5},{"damage":33,"enemies":"Gremlin Leader","floor":23,"turns":3},{"damage":10,"enemies":"Slavers","floor":25,"turns":3},{"damage":31,"enemies":"Gremlin Leader","floor":27,"turns":2}],"seed_played":"-385505637811294071","potions_obtained":[{"floor":4,"key":"Fire Potion"},{"floor":10,"key":"Poison Potion"},{"floor":13,"key":"Weak Potion"},{"floor":14,"key":"Fire Potion"},{"floor":16,"key":"EssenceOfSteel"},{"floor":19,"key":"Fire Potion"},{"floor":21,"key":"Dexterity Potion"}],"is_trial":false,"path_per_floor":["M","?","$","M","$","E","R","E","T","E","M","E","M","M","R","B",null,"M","M","?","M","$","E","$","E","T","E"],"character_chosen":"IRONCLAD","items_purchased":["Cleave","Trip","Anchor","Cleave"],"campfire_rested":0,"item_purchase_floors":[5,22,22,22],"current_hp_per_floor":[88,88,88,88,88,80,80,42,42,48,54,54,43,45,45,36,88,66,66,66,62,62,35,35,31,31,0],"gold":71,"neow_bonus":"TEN_PERCENT_HP_BONUS","is_prod":false,"is_daily":false,"chose_seed":false,"campfire_upgraded":2,"win_rate":0,"timestamp":1543100906,"path_taken":["M","?","$","M","$","E","R","E","T","E","M","E","?","M","R","BOSS","M","?","?","M","$","E","?","E","T","E"],"build_version":"2018-11-15","purchased_purges":3,"victory":false,"max_hp_per_floor":[88,88,88,88,88,88,88,88,88,88,88,88,88,88,88,88,88,88,88,88,88,88,88,88,88,88,88],"card_choices":[{"not_picked":["Shrug It Off","Rupture"],"picked":"Sword Boomerang","floor":1},{"not_picked":["Anger","Bloodletting"],"picked":"Clash","floor":4},{"not_picked":["Uppercut","Body Slam"],"picked":"Spot Weakness","floor":6},{"not_picked":["Body Slam","Ghostly Armor"],"picked":"Battle Trance","floor":8},{"not_picked":["Armaments","Heavy Blade"],"picked":"Headbutt","floor":10},{"not_picked":["Cleave","Flame Barrier"],"picked":"Infernal Blade","floor":11},{"not_picked":["Feel No Pain","Body Slam"],"picked":"Hemokinesis","floor":12},{"not_picked":["Rage","Warcry"],"picked":"Dropkick","floor":13},{"not_picked":["Clash","Seeing Red"],"picked":"Infernal Blade","floor":14},{"not_picked":["Reaper","Barricade"],"picked":"Demon Form","floor":16},{"not_picked":[],"picked":"Battle Trance","floor":18},{"not_picked":[],"picked":"Clothesline+1","floor":19},{"not_picked":[],"picked":"Infernal Blade","floor":21},{"not_picked":[],"picked":"Shockwave","floor":23},{"not_picked":["Entrench"],"picked":"SKIP","floor":25}],"player_experience":56345,"relics_obtained":[{"floor":6,"key":"Smiling Mask"},{"floor":8,"key":"Orichalcum"},{"floor":9,"key":"Potion Belt"},{"floor":10,"key":"Oddly Smooth Stone"},{"floor":12,"key":"Whetstone"},{"floor":23,"key":"MawBank"},{"floor":25,"key":"Dream Catcher"},{"floor":26,"key":"PreservedInsect"}],"event_choices":[{"cards_removed":["Defend_R"],"damage_healed":0,"gold_gain":0,"player_choice":"Offered Basic","damage_taken":0,"max_hp_gain":0,"max_hp_loss":0,"event_name":"Bonfire Elementals","floor":2,"gold_loss":0},{"damage_healed":0,"gold_gain":0,"player_choice":"Trade","damage_taken":0,"relics_obtained":["CultistMask"],"max_hp_gain":0,"max_hp_loss":0,"event_name":"FaceTrader","floor":20,"gold_loss":0}],"is_beta":false,"boss_relics":[{"not_picked":["Cursed Key","Lizard Tail"],"picked":"Busted Crown"}],"items_purged_floors":[3,22,24],"is_endless":false,"potions_floor_spawned":[4,10,13,14,16,19,21],"killed_by":"Gremlin Leader","ascension_level":1}