{"gold_per_floor":[110,124,19,35,35,61,61,76,156,183,183,218,238,248,248,352,352,365,378,378,396,414,414,428,428,428,428,79,79,59,71,71,71],"floor_reached":33,"playtime":1595,"items_purged":["Strike_G"],"score":482,"play_id":"30848df6-133d-4489-81f6-5398aab6b8ab","local_time":"20190315215236","is_ascension_mode":true,"campfire_choices":[{"data":"After Image","floor":7.0,"key":"SMITH"},{"data":"Footwork","floor":11.0,"key":"SMITH"},{"data":"Footwork","floor":15.0,"key":"SMITH"},{"data":"Survivor","floor":23,"key":"SMITH"},{"data":"Defend_G","floor":25,"key":"SMITH"},{"data":"Footwork","floor":29,"key":"SMITH"},{"data":"After Image","floor":32,"key":"SMITH"}],"neow_cost":"NONE","seed_source_timestamp":25730275634375,"circlet_count":0,"master_deck":["Defend_G","Defend_G","Defend_G","Defend_G","Defend_G+1","Strike_G","Strike_G","Survivor+1","Neutralize","Backstab","Dagger Spray","Footwork+1","Quick Slash","Cloak And Dagger","After Image+1","Caltrops","Noxious Fumes","Footwork+1","Adrenaline","Glass Knife+1","Deadly Poison+1","Die Die Die+1","Crippling Poison+1","Footwork+1","After Image+1"],"special_seed":0,"relics":["Ring of the Snake","NeowsBlessing","Bottled Flame","Oddly Smooth Stone","Molten Egg 2","Pen Nib","Torii","Astrolabe","Letter Opener","Snake Skull"],"potions_floor_usage":[21,33,33],"damage_taken":[{"damage":0.0,"enemies":"Cultist","floor":1.0,"turns":1.0},{"damage":0.0,"enemies":"Small Slimes","floor":2.0,"turns":1.0},{"damage":0.0,"enemies":"2 Louse","floor":4.0,"turns":1.0},{"damage":13.0,"enemies":"3 Sentries","floor":6.0,"turns":11.0},{"damage":0.0,"enemies":"2 Fungi Beasts","floor":8.0,"turns":4.0},{"damage":0.0,"enemies":"Lagavulin","floor":10.0,"turns":9.0},{"damage":18.0,"enemies":"Gremlin Nob","floor":12.0,"turns":4.0},{"damage":1.0,"enemies":"Exordium Thugs","floor":13.0,"turns":5.0},{"damage":0.0,"enemies":"Exordium Wildlife","floor":14.0,"turns":5.0},{"damage":0,"enemies":"The Guardian","floor":16,"turns":14},{"damage":16,"enemies":"Chosen","floor":18,"turns":5},{"damage":14,"enemies":"Spheric Guardian","floor":19,"turns":5},{"damage":1,"enemies":"Centurion and Healer","floor":21,"turns":6},{"damage":16,"enemies":"Cultist and Chosen","floor":22,"turns":6},{"damage":2,"enemies":"Sentry and Sphere","floor":24,"turns":6},{"damage":0,"enemies":"Snake Plant","floor":31,"turns":4},{"damage":34,"enemies":"Champ","floor":33,"turns":12}],"seed_played":"8646538826119265679","potions_obtained":[{"floor":2.0,"key":"Energy Potion"},{"floor":6.0,"key":"Poison Potion"},{"floor":10.0,"key":"Fire Potion"},{"floor":12.0,"key":"SneckoOil"},{"floor":19,"key":"Weak Potion"},{"floor":21,"key":"Dexterity Potion"},{"floor":30,"key":"Ancient Potion"}],"is_trial":false,"path_per_floor":["M","M","$","M","T","E","R","M","T","E","R","E","M","M","R","B",null,"M","M","?","M","M","R","M","R","T","?","$","R","?","M","R","B"],"character_chosen":"THE_SILENT","items_purchased":["Footwork","Quick Slash","Footwork","Snake Skull","Dexterity Potion"],"campfire_rested":0,"item_purchase_floors":[3,3,28,28,28],"current_hp_per_floor":[63,63,63,63,63,50,50,50,50,50,50,32,31,31,31,31,60,44,30,53,52,36,36,34,34,34,34,34,34,34,34,34,0],"gold":71,"neow_bonus":"THREE_ENEMY_KILL","is_prod":false,"is_daily":false,"chose_seed":false,"campfire_upgraded":7,"win_rate":0,"timestamp":1552657956,"path_taken":["M","?","$","M","?","E","R","M","T","E","R","E","M","M","R","BOSS","M","M","?","M","M","R","M","R","T","?","$","R","?","M","R","BOSS"],"build_version":"2019-01-23","purchased_purges":1,"victory":false,"max_hp_per_floor":[70,70,70,70,70,70,70,70,70,70,70,70,70,70,70,70,70,70,70,70,70,70,70,70,70,70,70,70,70,70,70,70,70],"card_choices":[{"not_picked":["Blade Dance","Dodge and Roll"],"picked":"Backstab","floor":1.0},{"not_picked":["Riddle With Holes","Flying Knee"],"picked":"Dagger Spray","floor":2.0},{"not_picked":["Flying Knee","Dodge and Roll"],"picked":"Cloak And Dagger","floor":4.0},{"not_picked":["Outmaneuver","Distraction"],"picked":"After Image","floor":6.0},{"not_picked":["Prepared","Poisoned Stab"],"picked":"Caltrops","floor":8.0},{"not_picked":["Dodge and Roll","Underhanded Strike+1","Poisoned Stab+1"],"picked":"SKIP","floor":10.0},{"not_picked":["Bane+1","Deadly Poison"],"picked":"Infinite Blades","floor":12.0},{"not_picked":["Sucker Punch+1","Finisher+1"],"picked":"Noxious Fumes","floor":13.0},{"not_picked":["Dodge and Roll","Prepared"],"picked":"Footwork","floor":14.0},{"not_picked":["A Thousand Cuts","Die Die Die+1"],"picked":"Adrenaline","floor":16},{"not_picked":["Sucker Punch+1","Dagger Throw+1"],"picked":"Crippling Poison+1","floor":18},{"not_picked":["Outmaneuver","Poisoned Stab+1","Dagger Spray+1"],"picked":"SKIP","floor":19},{"not_picked":["Quick Slash+1","Slice+1","Finisher+1"],"picked":"SKIP","floor":21},{"not_picked":["Underhanded Strike+1","Skewer+1","Outmaneuver"],"picked":"SKIP","floor":22},{"not_picked":["Cloak And Dagger","Poisoned Stab+1","Deadly Poison+1"],"picked":"SKIP","floor":24},{"not_picked":["All Out Attack+1","Distraction"],"picked":"After Image","floor":31}],"player_experience":313234,"relics_obtained":[{"floor":5.0,"key":"Bottled Flame"},{"floor":6.0,"key":"Oddly Smooth Stone"},{"floor":9.0,"key":"Molten Egg 2"},{"floor":10.0,"key":"Pen Nib"},{"floor":12.0,"key":"Torii"},{"floor":26,"key":"Letter Opener"}],"event_choices":[{"damage_healed":23,"gold_gain":0,"player_choice":"Heal","damage_taken":0,"max_hp_gain":0,"max_hp_loss":0,"event_name":"The Library","floor":20,"gold_loss":0},{"damage_healed":0,"gold_gain":0,"player_choice":"Ignored","damage_taken":0,"max_hp_gain":0,"max_hp_loss":0,"event_name":"Cursed Tome","floor":27,"gold_loss":0},{"damage_healed":0,"gold_gain":0,"player_choice":"Bought 1 Potion","damage_taken":0,"max_hp_gain":0,"max_hp_loss":0,"event_name":"The Woman in Blue","floor":30,"gold_loss":0}],"is_beta":false,"boss_relics":[{"not_picked":["Orrery","Calling Bell"],"picked":"Astrolabe"}],"items_purged_floors":[28],"is_endless":false,"potions_floor_spawned":[2,6,10,12,19,21,31],"killed_by":"Champ","ascension_level":8}