{"gold_per_floor":[115,127,137,62,62,62,87,107,107,117,117,186,197,197,197,302,302,315,315,326,251,251,251,284,284,284,294,319,13,13,30,30,134,134,152,39,39,52,66,95,95,110,110,110,6,20,20,20,20,20],"floor_reached":50,"playtime":3995,"items_purged":["Dualcast","Writhe","Pain"],"score":540,"play_id":"80c896c5-ad69-4900-9681-3daa68732964","local_time":"20181223204048","is_ascension_mode":false,"campfire_choices":[{"floor":6,"key":"REST"},{"data":"Fusion","floor":11,"key":"SMITH"},{"data":"Double Energy","floor":15,"key":"SMITH"},{"data":"Reboot","floor":23,"key":"SMITH"},{"data":"Stack","floor":25,"key":"SMITH"},{"floor":32,"key":"REST"},{"data":"Hologram","floor":41,"key":"SMITH"},{"data":"Stack","floor":47,"key":"SMITH"},{"floor":49,"key":"REST"}],"neow_cost":"PERCENT_DAMAGE","seed_source_timestamp":24017471635707,"circlet_count":0,"master_deck":["Strike_B","Strike_B","Strike_B","Strike_B","Defend_B","Defend_B","Defend_B","Hyperbeam+1","Fusion+1","Steam","Steam","Sweeping Beam","Rebound","Conserve Battery","BootSequence","Self Repair","Double Energy+1","Reboot+1","Sunder+1","Stack+1","Conserve Battery+1","Stack+1","Hyperbeam+1","Trip","Hologram+1","White Noise","FTL","Hello World","Turbo+1","Compile Driver+1","Undo+1","Conserve Battery","Leap+1","Decay"],"relics":["Cracked Core","Ornamental Fan","Pantograph","Cursed Key","Letter Opener","Anchor","Bag of Marbles","DollysMirror","Empty Cage","Smiling Mask","Lantern","Bottled Lightning"],"potions_floor_usage":[13,16,18,24,24,33,33,40,40,50,50],"damage_taken":[{"damage":10,"enemies":"Jaw Worm","floor":1,"turns":4},{"damage":8,"enemies":"2 Louse","floor":2,"turns":3},{"damage":0,"enemies":"Small Slimes","floor":3,"turns":2},{"damage":24,"enemies":"Gremlin Nob","floor":7,"turns":4},{"damage":0,"enemies":"2 Fungi Beasts","floor":8,"turns":2},{"damage":0,"enemies":"Looter","floor":10,"turns":3},{"damage":3,"enemies":"Gremlin Gang","floor":13,"turns":3},{"damage":0,"enemies":"Slime Boss","floor":16,"turns":7},{"damage":0,"enemies":"Chosen","floor":18,"turns":7},{"damage":16,"enemies":"Shell Parasite","floor":20,"turns":6},{"damage":43,"enemies":"Book of Stabbing","floor":24,"turns":7},{"damage":0,"enemies":"Snecko","floor":27,"turns":3},{"damage":0,"enemies":"Cultist and Chosen","floor":31,"turns":2},{"damage":49,"enemies":"Champ","floor":33,"turns":13},{"damage":6,"enemies":"3 Shapes","floor":35,"turns":6},{"damage":9,"enemies":"3 Darklings","floor":38,"turns":3},{"damage":5,"enemies":"4 Shapes","floor":39,"turns":2},{"damage":45,"enemies":"Nemesis","floor":40,"turns":8},{"damage":11,"enemies":"Maw","floor":42,"turns":8},{"damage":0,"enemies":"Sphere and 2 Shapes","floor":46,"turns":2},{"damage":85,"enemies":"Awakened One","floor":50,"turns":15}],"seed_played":"8666258694751406611","potions_obtained":[{"floor":1,"key":"EssenceOfSteel"},{"floor":2,"key":"Regen Potion"},{"floor":3,"key":"SpeedPotion"},{"floor":22,"key":"Block Potion"},{"floor":22,"key":"FocusPotion"},{"floor":24,"key":"Strength Potion"},{"floor":27,"key":"Weak Potion"},{"floor":33,"key":"Strength Potion"},{"floor":38,"key":"Regen Potion"},{"floor":40,"key":"SteroidPotion"},{"floor":46,"key":"SkillPotion"}],"is_trial":false,"path_per_floor":["M","M","M","$","?","R","E","M","T","M","R","?","M","?","R","B",null,"M","?","M","$","?","R","E","R","T","M","T","$","?","M","R","B",null,"M","$","?","M","M","E","R","M","T","?","$","M","R","T","R","B"],"character_chosen":"DEFECT","items_purchased":["Sweeping Beam","Rebound","DollysMirror","FTL","Hello World","Conserve Battery"],"campfire_rested":3,"item_purchase_floors":[4,4,29,36,36,45],"current_hp_per_floor":[44,36,36,36,21,43,19,19,19,19,19,19,32,37,37,62,80,80,80,71,71,71,71,35,35,35,35,35,35,35,35,59,38,80,80,80,80,78,73,49,49,45,45,45,45,45,45,45,69,0],"gold":20,"neow_bonus":"THREE_RARE_CARDS","is_prod":false,"is_daily":false,"chose_seed":false,"campfire_upgraded":6,"win_rate":0,"timestamp":1545594048,"path_taken":["M","M","M","$","?","R","E","M","T","M","R","?","M","?","R","BOSS","M","?","M","$","?","R","E","R","T","?","?","$","?","M","R","BOSS","M","$","?","M","M","E","R","M","T","?","$","?","R","?","R","BOSS"],"build_version":"2018-12-20","purchased_purges":3,"victory":false,"max_hp_per_floor":[75,75,75,75,75,75,75,75,75,75,75,75,75,80,80,80,80,80,80,80,80,80,80,80,80,80,80,80,80,80,80,80,80,80,80,80,80,80,80,80,80,80,80,80,80,80,80,80,80,80],"card_choices":[{"not_picked":["Reboot","Thunder Strike"],"picked":"Hyperbeam","floor":0},{"not_picked":["Cold Snap","Sweeping Beam"],"picked":"Fusion","floor":1},{"not_picked":["Consume","Cold Snap"],"picked":"Steam","floor":2},{"not_picked":["Blizzard","Loop"],"picked":"Steam","floor":3},{"not_picked":["Cold Snap","Heatsinks"],"picked":"Conserve Battery","floor":7},{"not_picked":["Static Discharge","Barrage"],"picked":"BootSequence","floor":8},{"not_picked":["Meteor Strike","Heatsinks"],"picked":"Self Repair","floor":10},{"not_picked":["Redo","Lockon"],"picked":"Double Energy","floor":13},{"not_picked":["Core Surge","Buffer"],"picked":"Reboot","floor":16},{"not_picked":["Beam Cell","Barrage"],"picked":"Sunder+1","floor":18},{"not_picked":["Cold Snap+1","Force Field"],"picked":"Stack","floor":20},{"not_picked":["Rip and Tear","Blizzard"],"picked":"Conserve Battery+1","floor":24},{"not_picked":["Turbo","Go for the Eyes"],"picked":"Stack","floor":27},{"not_picked":["Melter","Force Field"],"picked":"White Noise","floor":31},{"not_picked":["Streamline+1","Storm+1","Melter"],"picked":"SKIP","floor":35},{"not_picked":["Cold Snap","Stack"],"picked":"Turbo+1","floor":38},{"not_picked":["Gash","Meteor Strike"],"picked":"Compile Driver+1","floor":39},{"not_picked":["Glacier","Conserve Battery+1"],"picked":"Undo+1","floor":40},{"not_picked":["Gash+1","Go for the Eyes","Turbo"],"picked":"SKIP","floor":42},{"not_picked":["Doom and Gloom+1","Blizzard"],"picked":"Leap+1","floor":46}],"player_experience":58035,"relics_obtained":[{"floor":7,"key":"Ornamental Fan"},{"floor":9,"key":"Pantograph"},{"floor":24,"key":"Letter Opener"},{"floor":26,"key":"Anchor"},{"floor":28,"key":"Bag of Marbles"},{"floor":40,"key":"Smiling Mask"},{"floor":43,"key":"Lantern"},{"floor":48,"key":"Bottled Lightning"}],"event_choices":[{"damage_healed":0,"gold_gain":0,"player_choice":"Entered Light","damage_taken":15,"max_hp_gain":0,"max_hp_loss":0,"event_name":"Shining Light","floor":5,"gold_loss":0,"cards_upgraded":["Zap","Hyperbeam"]},{"damage_healed":0,"gold_gain":69,"player_choice":"Gained Gold","damage_taken":0,"max_hp_gain":0,"max_hp_loss":0,"event_name":"Golden Wing","floor":12,"gold_loss":0},{"damage_healed":0,"gold_gain":0,"player_choice":"Donut","damage_taken":0,"max_hp_gain":5,"max_hp_loss":0,"event_name":"Big Fish","floor":14,"gold_loss":0},{"damage_healed":0,"gold_gain":0,"player_choice":"Ignored","damage_taken":0,"max_hp_gain":0,"max_hp_loss":0,"event_name":"Ghosts","floor":19,"gold_loss":0},{"damage_healed":0,"gold_gain":0,"player_choice":"Got Potions","damage_taken":0,"max_hp_gain":0,"max_hp_loss":0,"event_name":"Lab","floor":22,"gold_loss":0},{"damage_healed":0,"gold_gain":0,"player_choice":"2 cards matched","damage_taken":0,"max_hp_gain":0,"max_hp_loss":0,"event_name":"Match and Keep!","floor":30,"gold_loss":0,"cards_obtained":["Trip","Hologram"]},{"cards_removed":["Defend_B"],"damage_healed":0,"gold_gain":0,"player_choice":"Removed Skill","damage_taken":0,"max_hp_gain":0,"max_hp_loss":0,"event_name":"Falling","floor":37,"gold_loss":0},{"damage_healed":0,"gold_gain":0,"player_choice":"Leave","damage_taken":0,"max_hp_gain":0,"max_hp_loss":0,"event_name":"FaceTrader","floor":44,"gold_loss":0}],"is_beta":false,"boss_relics":[{"not_picked":["Sozu","Calling Bell"],"picked":"Cursed Key"},{"not_picked":["Tiny House","White Beast Statue"],"picked":"Empty Cage"}],"items_purged_floors":[21,29,45],"is_endless":false,"potions_floor_spawned":[1,2,3,10,24,27,33,38,40,46],"killed_by":"Awakened One","ascension_level":0}