{"gold_per_floor":[109,79,79,94,111,111,125,86,86,99,99,117,82,7,7,126,126,150,173,173,173],"floor_reached":21,"playtime":1261,"items_purged":[],"score":171,"play_id":"e6023df5-bb1b-4301-8ab7-2a3e1c2c1a1f","local_time":"20190325005904","is_ascension_mode":false,"campfire_choices":[{"data":"Double Energy","floor":6,"key":"SMITH"},{"floor":15,"key":"REST"}],"neow_cost":"NONE","seed_source_timestamp":432598272716363,"circlet_count":0,"master_deck":["Strike_B","Strike_B","Strike_B","Strike_B","Defend_B","Defend_B","Defend_B","Defend_B","Zap","Dualcast","Double Energy+1","Cold Snap","Coolheaded","Doom and Gloom","Static Discharge","Leap","Double Energy","Buffer","Leap","Capacitor","Defragment","Conserve Battery","Force Field","Biased Cognition","Storm"],"special_seed":0,"relics":["Cracked Core","PreservedInsect","Golden Idol","Orrery"],"potions_floor_usage":[],"damage_taken":[{"damage":3.0,"enemies":"Small Slimes","floor":1.0,"turns":3.0},{"damage":0,"enemies":"Cultist","floor":4,"turns":3},{"damage":0,"enemies":"Jaw Worm","floor":5,"turns":3},{"damage":5,"enemies":"3 Louse","floor":7,"turns":3},{"damage":6,"enemies":"2 Fungi Beasts","floor":10,"turns":2},{"damage":13,"enemies":"Large Slime","floor":12,"turns":5},{"damage":60,"enemies":"The Guardian","floor":16,"turns":11},{"damage":30,"enemies":"3 Byrds","floor":18,"turns":7},{"damage":30,"enemies":"2 Thieves","floor":19,"turns":4},{"damage":22,"enemies":"Shelled Parasite and Fungi","floor":21,"turns":3}],"seed_played":"148448697339325504","potions_obtained":[{"floor":1,"key":"SmokeBomb"},{"floor":2,"key":"LiquidBronze"},{"floor":2,"key":"Strength Potion"}],"is_trial":false,"path_per_floor":["M","?","$","M","M","R","M","$","T","M","?","M","?","$","R","B",null,"M","M","?","M"],"character_chosen":"DEFECT","items_purchased":["Static Discharge","EssenceOfSteel"],"campfire_rested":1,"item_purchase_floors":[8,14],"current_hp_per_floor":[79,79,79,79,79,79,74,74,74,68,48,35,55,55,79,19,82,52,22,22,0],"gold":173,"neow_bonus":"TEN_PERCENT_HP_BONUS","is_prod":false,"is_daily":false,"chose_seed":false,"campfire_upgraded":1,"win_rate":0,"timestamp":1553471944,"path_taken":["M","?","?","M","?","R","M","$","T","M","?","M","?","$","R","BOSS","M","M","?","M"],"build_version":"2019-01-23","purchased_purges":0,"victory":false,"max_hp_per_floor":[82,82,82,82,82,82,82,82,82,82,82,82,82,82,82,82,82,82,82,82,82],"card_choices":[{"not_picked":["Skim","Tempest"],"picked":"Double Energy","floor":1},{"not_picked":["Steam Power","Steam"],"picked":"Cold Snap","floor":4},{"not_picked":["Gash","Turbo"],"picked":"Coolheaded","floor":5},{"not_picked":["Sweeping Beam","Rip and Tear"],"picked":"Doom and Gloom","floor":7},{"not_picked":["Sweeping Beam","Ball Lightning"],"picked":"Leap","floor":10},{"not_picked":["Turbo","Hologram"],"picked":"Double Energy","floor":12},{"not_picked":["Rainbow","Amplify"],"picked":"Buffer","floor":16},{"not_picked":["Rebound","Gash"],"picked":"Leap","floor":17},{"not_picked":["Compile Driver","Rip and Tear"],"picked":"Capacitor","floor":17},{"not_picked":["BootSequence","Go for the Eyes"],"picked":"Defragment","floor":17},{"not_picked":["Rip and Tear","Sweeping Beam"],"picked":"Conserve Battery","floor":17},{"not_picked":["Streamline","Sweeping Beam"],"picked":"Force Field","floor":17},{"not_picked":["Stack+1","Barrage"],"picked":"Biased Cognition","floor":18},{"not_picked":["Stack+1","Aggregate+1"],"picked":"Storm","floor":19}],"player_experience":406376,"relics_obtained":[{"floor":9,"key":"PreservedInsect"}],"event_choices":[{"damage_healed":0,"gold_gain":0,"player_choice":"Bought 2 Potions","damage_taken":0,"max_hp_gain":0,"max_hp_loss":0,"event_name":"The Woman in Blue","floor":2,"gold_loss":0},{"damage_healed":0,"gold_gain":0,"player_choice":"Take Damage","damage_taken":20,"relics_obtained":["Golden Idol"],"max_hp_gain":0,"max_hp_loss":0,"event_name":"Golden Idol","floor":11,"gold_loss":0},{"damage_healed":20,"gold_gain":0,"player_choice":"Healed","damage_taken":0,"max_hp_gain":0,"max_hp_loss":0,"event_name":"The Cleric","floor":13,"gold_loss":35},{"damage_healed":0,"gold_gain":0,"player_choice":"Ignored","damage_taken":0,"max_hp_gain":0,"max_hp_loss":0,"event_name":"Cursed Tome","floor":20,"gold_loss":0}],"is_beta":false,"boss_relics":[{"not_picked":["Fusion Hammer","Tiny House"],"picked":"Orrery"}],"items_purged_floors":[],"is_endless":false,"potions_floor_spawned":[1,5,7],"killed_by":"Shelled Parasite and Fungi","ascension_level":0}