{"gold_per_floor":[110,110,110,110,125,143,143,169,220,246,246,246],"floor_reached":12,"playtime":834,"items_purged":[],"score":86,"play_id":"9e80c84e-6d68-43a3-8f92-fef695a36711","local_time":"20181212233057","is_ascension_mode":false,"campfire_choices":[{"data":"Infinite Blades","floor":11,"key":"SMITH"}],"neow_cost":"NONE","seed_source_timestamp":20319442220227,"circlet_count":0,"master_deck":["Defend_G","Defend_G","Defend_G","Defend_G","Defend_G","Strike_G","Strike_G","Strike_G","Survivor","Neutralize","Flying Knee","Well Laid Plans","Infinite Blades+1","Corpse Explosion","PiercingWail"],"relics":["Ring of the Snake","Gambling Chip","Pocketwatch","Kunai","PreservedInsect","Bag of Marbles"],"potions_floor_usage":[],"damage_taken":[{"damage":0,"enemies":"Cultist","floor":1,"turns":4},{"damage":0,"enemies":"Jaw Worm","floor":5,"turns":3},{"damage":0,"enemies":"Small Slimes","floor":6,"turns":3},{"damage":23,"enemies":"3 Sentries","floor":8,"turns":12},{"damage":6,"enemies":"Gremlin Nob","floor":10,"turns":4},{"damage":24,"enemies":"Exordium Thugs","floor":12,"turns":2}],"seed_played":"-2318808238537196597","potions_obtained":[{"floor":8,"key":"Energy Potion"}],"is_trial":false,"path_per_floor":["M","?","?","T","M","M","?","E","T","E","R","M"],"character_chosen":"THE_SILENT","items_purchased":[],"campfire_rested":0,"item_purchase_floors":[],"current_hp_per_floor":[77,70,52,52,52,52,52,29,29,23,23,0],"gold":246,"neow_bonus":"TEN_PERCENT_HP_BONUS","is_prod":false,"is_daily":false,"chose_seed":false,"campfire_upgraded":1,"win_rate":0,"timestamp":1544679057,"path_taken":["M","?","?","?","M","M","?","E","T","E","R","?"],"build_version":"2018-12-06","purchased_purges":0,"victory":false,"max_hp_per_floor":[77,77,77,77,77,77,77,77,77,77,77,77],"card_choices":[{"not_picked":["Dodge and Roll","Choke"],"picked":"Flying Knee","floor":1},{"not_picked":["Blade Dance","Masterful Stab"],"picked":"Well Laid Plans","floor":5},{"not_picked":["Deadly Poison","PiercingWail"],"picked":"Infinite Blades","floor":6},{"not_picked":["Dagger Throw","Venomology"],"picked":"Corpse Explosion","floor":8},{"not_picked":["Finisher","Flying Knee"],"picked":"PiercingWail","floor":10}],"player_experience":106798,"relics_obtained":[{"floor":4,"key":"Pocketwatch"},{"floor":8,"key":"Kunai"},{"floor":9,"key":"PreservedInsect"},{"floor":10,"key":"Bag of Marbles"}],"event_choices":[{"cards_removed":["Strike_G"],"damage_healed":0,"gold_gain":0,"player_choice":"Card Removal","damage_taken":7,"max_hp_gain":0,"max_hp_loss":0,"event_name":"Golden Wing","floor":2,"gold_loss":0},{"damage_healed":0,"gold_gain":0,"player_choice":"Success","damage_taken":18,"relics_obtained":["Gambling Chip"],"max_hp_gain":0,"max_hp_loss":0,"event_name":"Scrap Ooze","floor":3,"gold_loss":0},{"cards_removed":["Strike_G"],"damage_healed":0,"gold_gain":0,"player_choice":"Purged","damage_taken":0,"max_hp_gain":0,"max_hp_loss":0,"event_name":"Purifier","floor":7,"gold_loss":0}],"is_beta":false,"boss_relics":[],"items_purged_floors":[],"is_endless":false,"potions_floor_spawned":[8],"killed_by":"Exordium Thugs","ascension_level":0}