{"gold_per_floor":[116,116,133,5,15,15,33,33,33,62,82,82,111,122,122,122],"floor_reached":16,"playtime":1219,"items_purged":[],"score":118,"play_id":"279f0d97-c011-410a-8c95-29b455ced24d","local_time":"20181127190032","is_ascension_mode":true,"campfire_choices":[{"data":"Accuracy","floor":6,"key":"SMITH"},{"data":"Neutralize","floor":8,"key":"SMITH"},{"data":"Acrobatics","floor":12,"key":"SMITH"},{"floor":15,"key":"REST"}],"neow_cost":"NONE","seed_source_timestamp":28988795031303,"circlet_count":0,"master_deck":["Defend_G","Defend_G","Defend_G","Defend_G","Defend_G","Strike_G","Strike_G","Strike_G","Strike_G","Strike_G","Survivor","Neutralize+1","Blade Dance+1","Backflip","Accuracy+1","Acrobatics+1","Quick Slash"],"relics":["Ring of the Snake","NeowsBlessing","Dodecahedron","Boot"],"potions_floor_usage":[16,16],"damage_taken":[{"damage":0,"enemies":"Jaw Worm","floor":1,"turns":1},{"damage":0,"enemies":"Cultist","floor":3,"turns":1},{"damage":0,"enemies":"2 Louse","floor":5,"turns":1},{"damage":2,"enemies":"Blue Slaver","floor":7,"turns":4},{"damage":33,"enemies":"Gremlin Nob","floor":10,"turns":5},{"damage":8,"enemies":"2 Fungi Beasts","floor":11,"turns":4},{"damage":14,"enemies":"Lagavulin","floor":13,"turns":10},{"damage":8,"enemies":"Lots of Slimes","floor":14,"turns":4},{"damage":29,"enemies":"Slime Boss","floor":16,"turns":7}],"seed_played":"5158050637869625507","potions_obtained":[{"floor":1,"key":"SpeedPotion"},{"floor":7,"key":"GamblersBrew"},{"floor":10,"key":"Dexterity Potion"}],"is_trial":false,"path_per_floor":["M","?","M","$","M","R","M","R","T","E","M","R","E","M","R","B"],"character_chosen":"THE_SILENT","items_purchased":["Accuracy","Explosive Potion"],"campfire_rested":1,"item_purchase_floors":[4,4],"current_hp_per_floor":[70,70,70,70,70,70,68,68,68,35,27,27,13,5,26,0],"gold":122,"neow_bonus":"THREE_ENEMY_KILL","is_prod":false,"is_daily":false,"chose_seed":false,"campfire_upgraded":3,"win_rate":0,"timestamp":1543312832,"path_taken":["M","?","M","$","M","R","M","R","T","E","?","R","E","M","R","BOSS"],"build_version":"2018-11-15","purchased_purges":0,"victory":false,"max_hp_per_floor":[70,70,70,70,70,70,70,70,70,70,70,70,70,70,70,70],"card_choices":[{"not_picked":["Masterful Stab","Bane"],"picked":"Blade Dance","floor":1},{"not_picked":["Sucker Punch","Bane"],"picked":"Backflip","floor":3},{"not_picked":["Poisoned Stab","Leg Sweep","Predator"],"picked":"SKIP","floor":5},{"not_picked":["Skewer","Poisoned Stab","Predator"],"picked":"SKIP","floor":7},{"not_picked":["Endless Agony","Expertise"],"picked":"Acrobatics","floor":10},{"not_picked":["Eviscerate","Dash","Flying Knee"],"picked":"SKIP","floor":11},{"not_picked":["Poisoned Stab","Bouncing Flask"],"picked":"Quick Slash","floor":13},{"not_picked":["Deadly Poison","Poisoned Stab","Eviscerate"],"picked":"SKIP","floor":14}],"player_experience":101619,"relics_obtained":[{"floor":10,"key":"Dodecahedron"},{"floor":13,"key":"Boot"}],"event_choices":[{"damage_healed":0,"gold_gain":0,"player_choice":"Upgraded","damage_taken":0,"max_hp_gain":0,"max_hp_loss":0,"event_name":"Upgrade Shrine","floor":2,"gold_loss":0,"cards_upgraded":["Blade Dance"]}],"is_beta":false,"boss_relics":[],"items_purged_floors":[],"is_endless":false,"potions_floor_spawned":[1,7,10,13],"killed_by":"Slime Boss","ascension_level":1}