{"gold_per_floor":[109,126,205,219,232,260,260,292,316,328,340,352,393,405,417,529,541,569,593,559,578,593,593,375,375],"floor_reached":25,"playtime":1662,"items_purged":[],"score":287,"play_id":"fa1b072a-44a3-4661-b8c1-9499bb65db56","local_time":"20190328014128","is_ascension_mode":true,"campfire_choices":[{"data":"Strike_R","floor":7,"key":"PURGE"},{"floor":10,"key":"REST"},{"data":"Corruption","floor":12,"key":"SMITH"},{"floor":15,"key":"REST"},{"floor":23,"key":"REST"}],"neow_cost":"NONE","seed_source_timestamp":60554553749626,"circlet_count":0,"master_deck":["Strike_R","Strike_R","Strike_R","Strike_R","Defend_R","Defend_R","Defend_R","Defend_R","Bash+1","Clothesline","Dropkick","Corruption+1","Feel No Pain","Havoc","Armaments+1","Shrug It Off","Fiend Fire","Armaments","True Grit","Havoc+1","Shrug It Off","Sentinel"],"relics":["Burning Blood","Peace Pipe","Vajra","MawBank","Omamori","Cursed Key","Ancient Tea Set"],"potions_floor_usage":[16,22,25],"damage_taken":[{"damage":8,"enemies":"Jaw Worm","floor":1,"turns":4},{"damage":0,"enemies":"Small Slimes","floor":2,"turns":3},{"damage":0,"enemies":"Cultist","floor":4,"turns":3},{"damage":20,"enemies":"Gremlin Gang","floor":5,"turns":7},{"damage":17,"enemies":"Gremlin Nob","floor":6,"turns":4},{"damage":29,"enemies":"Lagavulin","floor":8,"turns":9},{"damage":6,"enemies":"Gremlin Nob","floor":13,"turns":4},{"damage":75,"enemies":"Slime Boss","floor":16,"turns":16},{"damage":15,"enemies":"2 Thieves","floor":18,"turns":5},{"damage":10,"enemies":"Shell Parasite","floor":19,"turns":5},{"damage":8,"enemies":"Snecko","floor":21,"turns":5},{"damage":20,"enemies":"Snake Plant","floor":22,"turns":5},{"damage":60,"enemies":"Slavers","floor":25,"turns":7}],"seed_played":"6584370377535373524","potions_obtained":[{"floor":5,"key":"SteroidPotion"},{"floor":6,"key":"SkillPotion"},{"floor":16,"key":"SteroidPotion"},{"floor":18,"key":"Weak Potion"},{"floor":22,"key":"Swift Potion"}],"is_trial":false,"path_per_floor":["M","M","?","M","M","E","R","E","T","R","?","R","E","?","R","B",null,"M","M","$","M","M","R","$","E"],"character_chosen":"IRONCLAD","items_purchased":["True Grit","Sentinel","Ancient Tea Set"],"campfire_rested":3,"item_purchase_floors":[20,24,24],"current_hp_per_floor":[70,76,76,80,66,55,55,32,32,56,56,56,56,56,80,11,63,54,50,50,48,34,58,58,0],"gold":375,"neow_bonus":"UPGRADE_CARD","is_prod":false,"is_daily":false,"chose_seed":false,"campfire_upgraded":1,"win_rate":0,"timestamp":1553733688,"path_taken":["M","M","?","M","M","E","R","E","T","R","?","R","E","?","R","BOSS","M","M","?","M","M","R","$","E"],"build_version":"2019-01-23","purchased_purges":0,"victory":false,"max_hp_per_floor":[80,80,80,80,80,80,80,80,80,80,80,80,80,80,80,80,80,80,80,80,80,80,80,80,80],"card_choices":[{"not_picked":["Anger","Flex"],"picked":"Clothesline","floor":1},{"not_picked":["Wild Strike","Second Wind"],"picked":"Dropkick","floor":2},{"not_picked":["Intimidate","Heavy Blade"],"picked":"Corruption","floor":4},{"not_picked":["Rupture","Limit Break"],"picked":"Feel No Pain","floor":5},{"not_picked":["Intimidate","Infernal Blade"],"picked":"Havoc","floor":6},{"not_picked":["Anger","Iron Wave"],"picked":"Armaments","floor":8},{"not_picked":["Feel No Pain","Clothesline"],"picked":"Shrug It Off","floor":13},{"not_picked":["Limit Break","Immolate"],"picked":"Fiend Fire","floor":16},{"not_picked":["Heavy Blade+1","Clash","Rupture"],"picked":"SKIP","floor":18},{"not_picked":["Searing Blow","Havoc"],"picked":"Armaments","floor":19},{"not_picked":["Armaments","Sever Soul+1"],"picked":"Havoc+1","floor":21},{"not_picked":["Rupture+1","Havoc+1"],"picked":"Shrug It Off","floor":22}],"player_experience":421070,"relics_obtained":[{"floor":6,"key":"Peace Pipe"},{"floor":8,"key":"Vajra"},{"floor":9,"key":"MawBank"},{"floor":13,"key":"Omamori"}],"event_choices":[{"damage_healed":0,"gold_gain":79,"player_choice":"Gained Gold","damage_taken":0,"max_hp_gain":0,"max_hp_loss":0,"event_name":"Golden Wing","floor":3,"gold_loss":0},{"damage_healed":0,"gold_gain":0,"player_choice":"Ignored","damage_taken":0,"max_hp_gain":0,"max_hp_loss":0,"event_name":"Golden Idol","floor":11,"gold_loss":0},{"damage_healed":0,"gold_gain":0,"player_choice":"Upgraded","damage_taken":0,"max_hp_gain":0,"max_hp_loss":0,"event_name":"Upgrade Shrine","floor":14,"gold_loss":0,"cards_upgraded":["Armaments"]}],"is_beta":false,"boss_relics":[{"not_picked":["Philosopher\u0027s Stone","Orrery"],"picked":"Cursed Key"}],"items_purged_floors":[],"is_endless":false,"potions_floor_spawned":[5,6,16,18,21,22],"killed_by":"Slavers","ascension_level":6}