{"gold_per_floor":[117,117,130,143,154,183,25,25,25,37,67,67,67,79,79,177,177,195,195,207,224,224,224,250,203,203,203,203,220,220,220,220,321,321,335,353,363,80,80,80,96,96,96,96,76,24,24,36,36,36],"floor_reached":50,"playtime":6529,"items_purged":["Shame"],"score":570,"play_id":"c056de3b-fdec-48a3-acff-404e14e35db7","local_time":"20190314162416","is_ascension_mode":false,"campfire_choices":[{"floor":8,"key":"REST"},{"floor":12,"key":"REST"},{"data":"Backflip","floor":15,"key":"SMITH"},{"floor":23,"key":"REST"},{"floor":28,"key":"REST"},{"floor":30,"key":"REST"},{"floor":32,"key":"REST"},{"data":"Bouncing Flask","floor":40,"key":"SMITH"},{"floor":42,"key":"REST"},{"data":"Noxious Fumes","floor":44,"key":"SMITH"},{"data":"Bane","floor":47,"key":"SMITH"},{"floor":49,"key":"REST"}],"neow_cost":"NONE","seed_source_timestamp":1220336937559707,"circlet_count":0,"master_deck":["Defend_G","Defend_G","Defend_G","Defend_G","Strike_G","Strike_G","Strike_G","Strike_G","Strike_G","Survivor","Neutralize","Distraction","Catalyst+1","Bane","Flying Knee","Bouncing Flask","Bouncing Flask+1","Noxious Fumes+1","Deadly Poison","Poisoned Stab","Dagger Throw","Backflip+1","Venomology","Dodge and Roll","Poisoned Stab","Outmaneuver","Writhe","Corpse Explosion","Pain","Shame","Quick Slash+1","Bane+1","Bane+1","Deadly Poison","Backflip+1"],"relics":["Ring of the Snake","Meat on the Bone","Paper Crane","Singing Bowl","Cursed Key","Snake Skull","Gremlin Horn","Calling Bell","Dream Catcher","Question Card","WingedGreaves","Lee\u0027s Waffle","NlothsMask"],"potions_floor_usage":[5,6,16,16,18,19,21,21,21,24,29,35,36,37,41,41,41,41,48,48,48,50,50],"damage_taken":[{"damage":0,"enemies":"Small Slimes","floor":1,"turns":3},{"damage":2,"enemies":"Cultist","floor":3,"turns":5},{"damage":0,"enemies":"2 Louse","floor":4,"turns":2},{"damage":0,"enemies":"Looter","floor":5,"turns":3},{"damage":21,"enemies":"3 Sentries","floor":6,"turns":11},{"damage":1,"enemies":"2 Fungi Beasts","floor":10,"turns":3},{"damage":36,"enemies":"Lagavulin","floor":11,"turns":4},{"damage":9,"enemies":"Exordium Thugs","floor":14,"turns":4},{"damage":11,"enemies":"Hexaghost","floor":16,"turns":5},{"damage":6,"enemies":"2 Thieves","floor":18,"turns":3},{"damage":14,"enemies":"Colosseum Slavers","floor":19,"turns":5},{"damage":5,"enemies":"Chosen","floor":20,"turns":4},{"damage":32,"enemies":"Snake Plant","floor":21,"turns":4},{"damage":38,"enemies":"Gremlin Leader","floor":24,"turns":5},{"damage":3,"enemies":"Cultist and Chosen","floor":29,"turns":4},{"damage":61,"enemies":"Collector","floor":33,"turns":6},{"damage":29,"enemies":"Orb Walker","floor":35,"turns":4},{"damage":29,"enemies":"3 Darklings","floor":36,"turns":4},{"damage":43,"enemies":"Sphere and 2 Shapes","floor":37,"turns":5},{"damage":47,"enemies":"Writhing Mass","floor":41,"turns":4},{"damage":26,"enemies":"Jaw Worm Horde","floor":48,"turns":2},{"damage":111,"enemies":"Donu and Deca","floor":50,"turns":5}],"seed_played":"-4277321515537644564","potions_obtained":[{"floor":1,"key":"Energy Potion"},{"floor":4,"key":"Fruit Juice"},{"floor":11,"key":"Poison Potion"},{"floor":14,"key":"Weak Potion"},{"floor":16,"key":"PowerPotion"},{"floor":20,"key":"Regen Potion"},{"floor":21,"key":"SkillPotion"},{"floor":24,"key":"SteroidPotion"},{"floor":35,"key":"EntropicBrew"},{"floor":41,"key":"LiquidBronze"},{"floor":45,"key":"Poison Potion"},{"floor":48,"key":"Poison Potion"}],"is_trial":false,"path_per_floor":["M","?","M","M","M","E","$","R","T","M","E","R","?","M","R","B",null,"M","?","M","M","$","R","E","$","T","?","R","M","R","?","R","B",null,"M","M","M","$","?","R","M","R","T","R","?","$","R","M","R","B"],"character_chosen":"THE_SILENT","items_purchased":["Noxious Fumes","Deadly Poison","Poisoned Stab","Outmaneuver","Lee\u0027s Waffle","Deadly Poison"],"campfire_rested":8,"item_purchase_floors":[7,7,7,25,38,46],"current_hp_per_floor":[70,70,68,68,73,52,52,74,74,73,49,71,71,64,64,53,77,71,57,52,46,46,69,45,45,45,45,69,68,83,67,88,39,88,59,44,13,97,97,97,64,93,93,93,93,93,93,69,99,0],"gold":36,"neow_bonus":"TRANSFORM_CARD","is_prod":false,"is_daily":false,"chose_seed":false,"campfire_upgraded":4,"win_rate":0.0,"timestamp":1552577056,"path_taken":["M","?","M","M","?","E","$","R","T","M","E","R","?","M","R","BOSS","M","?","M","M","$","R","E","$","T","?","R","?","R","?","R","BOSS","M","M","M","$","?","R","?","R","T","R","?","$","R","M","R","BOSS"],"build_version":"2019-01-23","purchased_purges":1,"victory":false,"max_hp_per_floor":[70,70,70,70,75,75,75,75,75,75,75,75,75,77,77,77,77,77,77,77,79,79,79,81,81,81,81,81,83,83,88,88,88,88,88,90,90,97,97,97,99,99,99,99,99,99,99,101,101,101],"card_choices":[{"not_picked":["Reflex","Calculated Gamble"],"picked":"Catalyst","floor":1},{"not_picked":["Reflex","Blade Dance"],"picked":"Bane","floor":3},{"not_picked":["Outmaneuver","Predator"],"picked":"Flying Knee","floor":4},{"not_picked":["Bane","Masterful Stab"],"picked":"Bouncing Flask","floor":5},{"not_picked":["Dodge and Roll","Backstab"],"picked":"Bouncing Flask","floor":6},{"not_picked":["Flying Knee","PiercingWail"],"picked":"Dagger Throw","floor":10},{"not_picked":["Riddle With Holes","Caltrops"],"picked":"Backflip","floor":11},{"not_picked":["Heel Hook","All Out Attack","Slice"],"picked":"Singing Bowl","floor":14},{"not_picked":["Unload","Die Die Die"],"picked":"Venomology","floor":16},{"not_picked":["Sucker Punch","Quick Slash"],"picked":"Dodge and Roll","floor":18},{"not_picked":["Sucker Punch","Heel Hook"],"picked":"Poisoned Stab","floor":20},{"not_picked":["Prepared","Slice","Poisoned Stab"],"picked":"Singing Bowl","floor":21},{"not_picked":["PiercingWail","Eviscerate","A Thousand Cuts"],"picked":"Singing Bowl","floor":24},{"not_picked":["Distraction","Flechettes","Deflect+1"],"picked":"Singing Bowl","floor":29},{"not_picked":["Doppelganger","Glass Knife"],"picked":"Corpse Explosion","floor":33},{"not_picked":["Prepared","Underhanded Strike+1","Flying Knee"],"picked":"Quick Slash+1","floor":35},{"not_picked":["Dagger Spray","Tools of the Trade","Accuracy","Predator+1"],"picked":"Singing Bowl","floor":36},{"not_picked":["Caltrops","Sucker Punch","Prepared+1"],"picked":"Bane+1","floor":37},{"not_picked":["Leg Sweep","Calculated Gamble","Blade Dance+1","PiercingWail"],"picked":"Singing Bowl","floor":41},{"not_picked":["Dodge and Roll","Finisher+1","Riddle With Holes"],"picked":"Bane","floor":42},{"not_picked":["Prepared+1","PiercingWail+1","Blade Dance+1","Dagger Spray"],"picked":"Singing Bowl","floor":48},{"not_picked":["Quick Slash+1","Flying Knee","Cloak And Dagger"],"picked":"Backflip+1","floor":49}],"player_experience":288448,"relics_obtained":[{"floor":6,"key":"Meat on the Bone"},{"floor":9,"key":"Paper Crane"},{"floor":11,"key":"Singing Bowl"},{"floor":24,"key":"Snake Skull"},{"floor":26,"key":"Gremlin Horn"},{"floor":34,"key":"Dream Catcher"},{"floor":34,"key":"Question Card"},{"floor":34,"key":"WingedGreaves"}],"event_choices":[{"damage_healed":0,"gold_gain":0,"player_choice":"Upgraded","damage_taken":0,"max_hp_gain":0,"max_hp_loss":0,"event_name":"Upgrade Shrine","floor":2,"gold_loss":0,"cards_upgraded":["Catalyst"]},{"damage_healed":0,"gold_gain":0,"player_choice":"Ignored","damage_taken":0,"max_hp_gain":0,"max_hp_loss":0,"event_name":"Golden Wing","floor":13,"gold_loss":0},{"damage_healed":0,"gold_gain":0,"player_choice":"Fight","damage_taken":0,"max_hp_gain":0,"max_hp_loss":0,"event_name":"Colosseum","floor":19,"gold_loss":0},{"damage_healed":0,"gold_gain":0,"player_choice":"Fled From Nobs","damage_taken":0,"max_hp_gain":0,"max_hp_loss":0,"event_name":"Colosseum","floor":19,"gold_loss":0},{"damage_healed":0,"gold_gain":0,"player_choice":"Ignored","damage_taken":0,"max_hp_gain":0,"max_hp_loss":0,"event_name":"Vampires","floor":27,"gold_loss":0},{"damage_healed":0,"gold_gain":0,"player_choice":"Shed Blood","damage_taken":21,"max_hp_gain":5,"max_hp_loss":0,"event_name":"Forgotten Altar","floor":31,"gold_loss":0},{"damage_healed":0,"gold_gain":0,"player_choice":"Trade","damage_taken":0,"relics_obtained":["NlothsMask"],"max_hp_gain":0,"max_hp_loss":0,"event_name":"FaceTrader","floor":39,"gold_loss":0},{"damage_healed":0,"gold_gain":0,"player_choice":"Bought 1 Potion","damage_taken":0,"max_hp_gain":0,"max_hp_loss":0,"event_name":"The Woman in Blue","floor":45,"gold_loss":0}],"is_beta":false,"boss_relics":[{"not_picked":["Coffee Dripper","Sozu"],"picked":"Cursed Key"},{"not_picked":["Busted Crown","Runic Dome"],"picked":"Calling Bell"}],"items_purged_floors":[38],"is_endless":false,"potions_floor_spawned":[1,4,11,14,16,20,21,24,35,36,41,48],"killed_by":"Donu and Deca","ascension_level":0}