{"gold_per_floor":[116,191,215,235,251,251,263,169,169,169,344,354,354,66,66,167,167,181,195,206,4,20,20,20,20,47,61,61,79,79,92,92,187,187,197,197,197,197,210,210,227,227,227,245,259,259,259,275,275,275],"floor_reached":50,"playtime":1161,"items_purged":[],"score":536,"play_id":"10629c33-8141-47b0-8588-4e7a60f1badf","local_time":"20190319032924","is_ascension_mode":false,"campfire_choices":[{"data":"Spot Weakness","floor":6.0,"key":"SMITH"},{"data":"Perfected Strike","floor":10.0,"key":"SMITH"},{"data":"Inflame","floor":15.0,"key":"SMITH"},{"data":"Offering","floor":23.0,"key":"SMITH"},{"floor":32.0,"key":"REST"},{"data":"Limit Break","floor":40.0,"key":"SMITH"},{"data":"Flash of Steel","floor":42.0,"key":"SMITH"},{"data":"Perfected Strike","floor":46.0,"key":"SMITH"},{"floor":49.0,"key":"REST"}],"neow_cost":"NONE","seed_source_timestamp":0,"circlet_count":0,"master_deck":["Strike_R","Strike_R","Strike_R+1","Strike_R","Strike_R","Defend_R","Defend_R","Defend_R","Defend_R","Bash+1","Anger","Pommel Strike","Spot Weakness+1","Headbutt","Perfected Strike+1","Shrug It Off","Wild Strike","Inflame+1","Shrug It Off","Offering+1","Anger","Wild Strike","Perfected Strike+1","Thunderclap","Twin Strike+1","Anger","Twin Strike","Limit Break+1","Dropkick+1","Flash of Steel+1","Pommel Strike","Wild Strike+1","Perfected Strike+1","Wild Strike+1","Madness","Madness","Iron Wave+1"],"special_seed":0,"relics":["Burning Blood","Boot","Pear","HandDrill","Mark of Pain","Brimstone","Bronze Scales","Happy Flower","Whetstone"],"potions_floor_usage":[50,50],"damage_taken":[{"damage":3.0,"enemies":"Small Slimes","floor":1.0,"turns":3.0},{"damage":8.0,"enemies":"Jaw Worm","floor":4.0,"turns":3.0},{"damage":1.0,"enemies":"Cultist","floor":5.0,"turns":3.0},{"damage":14.0,"enemies":"Exordium Wildlife","floor":7.0,"turns":4.0},{"damage":6.0,"enemies":"2 Fungi Beasts","floor":12.0,"turns":2.0},{"damage":45.0,"enemies":"Hexaghost","floor":16.0,"turns":7.0},{"damage":5.0,"enemies":"Spheric Guardian","floor":18.0,"turns":3.0},{"damage":0.0,"enemies":"Shell Parasite","floor":19.0,"turns":2.0},{"damage":23.0,"enemies":"Sentry and Sphere","floor":20.0,"turns":4.0},{"damage":6.0,"enemies":"Snake Plant","floor":22.0,"turns":1.0},{"damage":12.0,"enemies":"Shelled Parasite and Fungi","floor":27.0,"turns":3.0},{"damage":16.0,"enemies":"Centurion and Healer","floor":29.0,"turns":3.0},{"damage":0.0,"enemies":"Snecko","floor":31.0,"turns":2.0},{"damage":34.0,"enemies":"Automaton","floor":33.0,"turns":5.0},{"damage":10.0,"enemies":"3 Shapes","floor":35.0,"turns":2.0},{"damage":8.0,"enemies":"Orb Walker","floor":39.0,"turns":2.0},{"damage":7.0,"enemies":"Sphere and 2 Shapes","floor":41.0,"turns":3.0},{"damage":16.0,"enemies":"Spire Growth","floor":44.0,"turns":3.0},{"damage":0.0,"enemies":"3 Darklings","floor":45.0,"turns":2.0},{"damage":0.0,"enemies":"Transient","floor":48.0,"turns":5.0},{"damage":130,"enemies":"Time Eater","floor":50,"turns":6}],"seed_played":"154722602290816709","potions_obtained":[{"floor":4.0,"key":"AttackPotion"},{"floor":5.0,"key":"Poison Potion"},{"floor":12.0,"key":"FearPotion"},{"floor":16.0,"key":"Block Potion"},{"floor":20.0,"key":"AttackPotion"},{"floor":22.0,"key":"BloodPotion"},{"floor":27.0,"key":"FearPotion"},{"floor":29.0,"key":"LiquidBronze"},{"floor":41.0,"key":"Block Potion"},{"floor":48.0,"key":"SkillPotion"}],"is_trial":false,"path_per_floor":["M","?","T","M","M","R","M","$","T","R","?","M","?","$","R","B",null,"M","M","M","$","M","R","T","$","T","M","?","M","?","M","R","B",null,"M","?","$","?","M","R","M","R","T","M","M","R","?","M","R","B"],"character_chosen":"IRONCLAD","items_purchased":["Perfected Strike","Shrug It Off","Inflame","HandDrill","Shrug It Off","Brimstone"],"campfire_rested":2,"item_purchase_floors":[8,8,14,14,14,21],"current_hp_per_floor":[80,69,69,67,72,72,64,64,74,74,74,74,74,74,74,35,90,90,90,73,73,73,73,73,73,73,67,49,48,48,54,82,54,95,91,91,91,91,89,89,88,88,88,78,84,84,72,78,95,0],"gold":275,"neow_bonus":"UPGRADE_CARD","is_prod":false,"is_daily":false,"chose_seed":false,"campfire_upgraded":7,"win_rate":0,"timestamp":1552962564,"path_taken":["M","?","?","?","M","R","M","$","T","R","?","M","?","$","R","BOSS","M","?","M","$","M","R","?","?","T","M","?","M","?","?","R","BOSS","M","?","?","?","M","R","M","R","T","M","M","R","?","?","R","BOSS"],"build_version":"2019-01-23","purchased_purges":0,"victory":false,"max_hp_per_floor":[80,80,80,80,80,80,80,80,90,90,90,90,90,90,90,90,90,90,90,90,90,90,90,90,90,90,90,95,95,95,95,95,95,95,95,95,95,95,95,95,95,95,95,95,95,95,95,95,95,95],"card_choices":[{"not_picked":["Feel No Pain","Burning Pact"],"picked":"Anger","floor":1.0},{"not_picked":["Heavy Blade","Anger"],"picked":"Pommel Strike","floor":4.0},{"not_picked":["Feel No Pain","True Grit"],"picked":"Spot Weakness","floor":5.0},{"not_picked":["Corruption","Clash"],"picked":"Headbutt","floor":7.0},{"not_picked":["Cleave","Sever Soul"],"picked":"Wild Strike","floor":12.0},{"not_picked":["Immolate","Exhume"],"picked":"Offering","floor":16.0},{"not_picked":["Searing Blow","Headbutt"],"picked":"Anger","floor":18.0},{"not_picked":["Rage","Disarm"],"picked":"Wild Strike","floor":19.0},{"not_picked":["Rage+1","Thunderclap"],"picked":"Perfected Strike+1","floor":20.0},{"not_picked":["Bloodletting+1","Burning Pact","True Grit"],"picked":"SKIP","floor":22.0},{"not_picked":["Shrug It Off","Clash+1"],"picked":"Thunderclap","floor":27.0},{"not_picked":["Anger","Dropkick"],"picked":"Twin Strike","floor":29.0},{"not_picked":["Wild Strike","True Grit+1"],"picked":"Twin Strike","floor":31.0},{"not_picked":["Fiend Fire","Juggernaut"],"picked":"Limit Break","floor":33.0},{"not_picked":["Searing Blow","Sword Boomerang"],"picked":"Dropkick+1","floor":35.0},{"not_picked":["Forethought","Jack Of All Trades"],"picked":"Flash of Steel","floor":38.0},{"not_picked":["Carnage","Sword Boomerang+1"],"picked":"Pommel Strike","floor":39.0},{"not_picked":["Warcry+1","Burning Pact"],"picked":"Wild Strike+1","floor":41.0},{"not_picked":["Pommel Strike+1","Armaments+1"],"picked":"Perfected Strike","floor":44.0},{"not_picked":["Corruption","Pommel Strike"],"picked":"Wild Strike+1","floor":45.0},{"not_picked":["Cleave","Warcry"],"picked":"Iron Wave+1","floor":48.0}],"player_experience":321731,"relics_obtained":[{"floor":3.0,"key":"Boot"},{"floor":9.0,"key":"Pear"},{"floor":24.0,"key":"Bronze Scales"},{"floor":26.0,"key":"Happy Flower"},{"floor":43.0,"key":"Whetstone"}],"event_choices":[{"damage_healed":0.0,"max_hp_gain":0.0,"max_hp_loss":0.0,"gold_gain":75.0,"event_name":"World of Goop","player_choice":"Gather Gold","floor":2.0,"gold_loss":0.0,"damage_taken":11.0},{"damage_healed":0.0,"max_hp_gain":0.0,"max_hp_loss":0.0,"gold_gain":175.0,"event_name":"Liars Game","player_choice":"AGREE","floor":11.0,"gold_loss":0.0,"damage_taken":0.0,"cards_obtained":["Doubt"]},{"cards_removed":["Doubt"],"damage_healed":0.0,"max_hp_gain":0.0,"max_hp_loss":0.0,"gold_gain":0.0,"event_name":"Fountain of Cleansing","player_choice":"Removed Curses","floor":13.0,"gold_loss":0.0,"damage_taken":0.0},{"damage_healed":0.0,"max_hp_gain":5.0,"max_hp_loss":0.0,"gold_gain":0.0,"event_name":"Forgotten Altar","player_choice":"Shed Blood","floor":28.0,"gold_loss":0.0,"damage_taken":23.0},{"damage_healed":0.0,"max_hp_gain":0.0,"max_hp_loss":0.0,"gold_gain":0.0,"event_name":"Match and Keep!","player_choice":"1 cards matched","floor":30.0,"gold_loss":0.0,"damage_taken":0.0,"cards_obtained":["Anger"]},{"damage_healed":0.0,"max_hp_gain":0.0,"max_hp_loss":0.0,"gold_gain":0.0,"event_name":"Tomb of Lord Red Mask","player_choice":"Ignored","floor":36.0,"gold_loss":0.0,"damage_taken":0.0},{"damage_healed":0.0,"max_hp_gain":0.0,"max_hp_loss":0.0,"gold_gain":0.0,"event_name":"SensoryStone","player_choice":"Memory 1","floor":38.0,"gold_loss":0.0,"damage_taken":0.0},{"damage_healed":0.0,"max_hp_gain":0.0,"max_hp_loss":0.0,"gold_gain":0.0,"event_name":"Winding Halls","player_choice":"Embrace Madness","floor":47.0,"gold_loss":0.0,"damage_taken":12.0,"cards_obtained":["Madness","Madness"]}],"is_beta":false,"boss_relics":[{"not_picked":["Eternal Feather","Velvet Choker"],"picked":"Mark of Pain"},{"not_picked":["Busted Crown","Runic Pyramid","Philosopher\u0027s Stone"]}],"items_purged_floors":[],"is_endless":false,"potions_floor_spawned":[4,5,12,16,20,22,27,29,41,48],"killed_by":"Time Eater","ascension_level":0}