{"gold_per_floor":[118,138,238,257,114,114,440,450,450,450,467,116,126,146,146,249,249,269,284,300,318,318,318],"floor_reached":23,"playtime":1464,"items_purged":["Strike_B","Defend_B"],"score":255,"play_id":"94df7874-9977-496a-b1f8-16e847c40686","local_time":"20181204160610","is_ascension_mode":true,"campfire_choices":[{"data":"Auto Shields","floor":6,"key":"SMITH"},{"data":"Defragment","floor":10,"key":"SMITH"},{"data":"Self Repair","floor":15,"key":"SMITH"}],"neow_cost":"PERCENT_DAMAGE","seed_source_timestamp":18255344533907,"circlet_count":0,"master_deck":["Strike_B","Strike_B","Defend_B","Defend_B","Defend_B","Zap","Dualcast","Ball Lightning","Auto Shields+1","Defragment+1","Skim","Leap","Self Repair+1","Leap","Machine Learning","Sweeping Beam+1","Fusion+1","Reinforced Body","Fusion"],"relics":["Cracked Core","Old Coin","Kunai","Meat on the Bone","Eternal Feather"],"potions_floor_usage":[7,20,20],"damage_taken":[{"damage":0,"enemies":"Cultist","floor":1,"turns":4},{"damage":4,"enemies":"Jaw Worm","floor":2,"turns":3},{"damage":0,"enemies":"Small Slimes","floor":4,"turns":2},{"damage":0,"enemies":"Lagavulin","floor":7,"turns":7},{"damage":10,"enemies":"Gremlin Gang","floor":8,"turns":4},{"damage":10,"enemies":"Looter","floor":11,"turns":4},{"damage":6,"enemies":"Large Slime","floor":13,"turns":4},{"damage":0,"enemies":"Red Slaver","floor":14,"turns":3},{"damage":41,"enemies":"The Guardian","floor":16,"turns":11},{"damage":14,"enemies":"Spheric Guardian","floor":18,"turns":6},{"damage":10,"enemies":"Chosen","floor":19,"turns":6},{"damage":51,"enemies":"Centurion and Healer","floor":20,"turns":9},{"damage":49,"enemies":"Snake Plant","floor":21,"turns":8},{"damage":31,"enemies":"Book of Stabbing","floor":23,"turns":4}],"seed_played":"-7314059465157309109","potions_obtained":[{"floor":1,"key":"GamblersBrew"},{"floor":8,"key":"Poison Potion"},{"floor":13,"key":"Block Potion"},{"floor":14,"key":"Energy Potion"},{"floor":21,"key":"Strength Potion"}],"is_trial":false,"path_per_floor":["M","M","?","M","$","R","E","M","T","R","M","$","M","M","R","B",null,"M","M","M","M","?","E"],"character_chosen":"DEFECT","items_purchased":["Defragment","Meat on the Bone"],"campfire_rested":0,"item_purchase_floors":[5,12],"current_hp_per_floor":[68,64,64,64,64,64,64,54,54,54,44,44,50,57,57,28,89,85,85,56,29,29,0],"gold":318,"neow_bonus":"TWENTY_PERCENT_HP_BONUS","is_prod":false,"is_daily":false,"chose_seed":false,"campfire_upgraded":3,"win_rate":0,"timestamp":1543907170,"path_taken":["M","?","?","?","?","R","E","M","T","R","?","$","?","M","R","BOSS","M","M","M","M","?","E"],"build_version":"2018-11-15","purchased_purges":2,"victory":false,"max_hp_per_floor":[89,89,89,89,89,89,89,89,89,89,89,89,89,89,89,89,89,89,89,89,89,89,89],"card_choices":[{"not_picked":["Force Field","Rebound"],"picked":"Ball Lightning","floor":1},{"not_picked":["Storm","Steam Power","Melter"],"picked":"SKIP","floor":2},{"not_picked":["Turbo","Aggregate"],"picked":"Auto Shields","floor":4},{"not_picked":["Compile Driver","Steam Power"],"picked":"Multi-Cast","floor":7},{"not_picked":["BootSequence","Sweeping Beam"],"picked":"Skim","floor":8},{"not_picked":["Cold Snap","Streamline"],"picked":"Leap","floor":11},{"not_picked":["Ball Lightning","Skim"],"picked":"Self Repair","floor":13},{"not_picked":["Genetic Algorithm","Redo"],"picked":"Leap","floor":14},{"not_picked":["Hyperbeam","Multi-Cast"],"picked":"Machine Learning","floor":16},{"not_picked":["Steam+1","Hologram","Gash+1"],"picked":"SKIP","floor":18},{"not_picked":["Rebound","Auto Shields"],"picked":"Sweeping Beam+1","floor":19},{"not_picked":["Ball Lightning","Turbo"],"picked":"Fusion+1","floor":20},{"not_picked":["Multi-Cast","Streamline","Hologram"],"picked":"SKIP","floor":21}],"player_experience":145643,"relics_obtained":[{"floor":7,"key":"Old Coin"},{"floor":9,"key":"Kunai"}],"event_choices":[{"damage_healed":0,"gold_gain":100,"player_choice":"Pray","damage_taken":0,"max_hp_gain":0,"max_hp_loss":0,"event_name":"Golden Shrine","floor":3,"gold_loss":0},{"damage_healed":0,"gold_gain":0,"cards_transformed":["Multi-Cast","Strike_B"],"player_choice":"Became Test Subject","damage_taken":0,"max_hp_gain":0,"max_hp_loss":0,"event_name":"Drug Dealer","floor":22,"gold_loss":0,"cards_obtained":["Reinforced Body","Fusion"]}],"is_beta":false,"boss_relics":[{"not_picked":["Orrery","White Beast Statue"],"picked":"Eternal Feather"}],"items_purged_floors":[5,12],"is_endless":false,"potions_floor_spawned":[1,8,13,14,21],"killed_by":"Book of Stabbing","ascension_level":3}