{"gold_per_floor":[116,81,91,106,120,120,120,120,120,120,135,145,162,88,88,191,191,205,62,80,90,100,100,100],"floor_reached":24,"playtime":1049,"items_purged":["Parasite"],"score":192,"play_id":"f58ed514-35b7-40d6-b8f8-6b0919d23ac2","local_time":"20190323154406","is_ascension_mode":false,"campfire_choices":[{"floor":6,"key":"REST"},{"data":"Bane","floor":10,"key":"SMITH"},{"data":"Noxious Fumes","floor":15,"key":"SMITH"},{"floor":23,"key":"REST"}],"neow_cost":"NONE","seed_source_timestamp":313137450192579,"circlet_count":0,"master_deck":["Defend_G","Defend_G","Defend_G","Defend_G","Defend_G","Strike_G","Strike_G","Strike_G","Strike_G","Strike_G","Survivor","Neutralize+1","Crippling Poison","Crippling Poison","Deadly Poison","Dagger Throw","Bane+1","Poisoned Stab","Leg Sweep","Noxious Fumes+1","Adrenaline","Parasite","Clumsy","Bane","Leg Sweep","Dodge and Roll+1","Escape Plan","Bane"],"relics":["Ring of the Snake","Regal Pillow","Calling Bell","PreservedInsect","Shuriken","StoneCalendar"],"potions_floor_usage":[13,16,21,22,22],"damage_taken":[{"damage":0,"enemies":"Cultist","floor":1,"turns":3},{"damage":0,"enemies":"Jaw Worm","floor":3,"turns":6},{"damage":2,"enemies":"Small Slimes","floor":4,"turns":5},{"damage":17,"enemies":"Exordium Thugs","floor":5,"turns":5},{"damage":1,"enemies":"2 Fungi Beasts","floor":11,"turns":3},{"damage":0,"enemies":"Looter","floor":12,"turns":2},{"damage":4,"enemies":"Exordium Thugs","floor":13,"turns":4},{"damage":16,"enemies":"Hexaghost","floor":16,"turns":8},{"damage":25,"enemies":"2 Thieves","floor":18,"turns":4},{"damage":13,"enemies":"Shell Parasite","floor":20,"turns":5},{"damage":21,"enemies":"Snake Plant","floor":21,"turns":4},{"damage":10,"enemies":"Centurion and Healer","floor":22,"turns":7},{"damage":0,"enemies":"Colosseum Slavers","floor":24,"turns":1}],"seed_played":"844207093296631824","potions_obtained":[{"floor":1,"key":"EssenceOfSteel"},{"floor":4,"key":"GamblersBrew"},{"floor":13,"key":"PowerPotion"},{"floor":16,"key":"Fire Potion"},{"floor":18,"key":"PowerPotion"},{"floor":21,"key":"Fire Potion"}],"is_trial":false,"path_per_floor":["M","$","M","M","M","R","?","?","T","R","M","M","M","$","R","B",null,"M","$","M","M","M","R","?"],"character_chosen":"THE_SILENT","items_purchased":["Crippling Poison","Noxious Fumes","Leg Sweep"],"campfire_rested":2,"item_purchase_floors":[2,14,19],"current_hp_per_floor":[70,70,70,68,51,70,70,70,70,70,69,69,65,65,65,49,70,45,45,32,11,1,36,36],"gold":100,"neow_bonus":"UPGRADE_CARD","is_prod":false,"is_daily":false,"chose_seed":false,"campfire_upgraded":2,"win_rate":0.0,"timestamp":1553352246,"path_taken":["M","$","M","?","M","R","?","?","T","R","?","M","M","$","R","BOSS","M","$","M","M","M","R","?"],"build_version":"2019-01-23","purchased_purges":1,"victory":false,"max_hp_per_floor":[70,70,70,70,70,70,70,70,70,70,70,70,70,70,70,70,70,70,67,67,67,67,67,67],"card_choices":[{"not_picked":["Outmaneuver","Caltrops"],"picked":"Crippling Poison","floor":1},{"not_picked":["Blur","Endless Agony"],"picked":"Deadly Poison","floor":3},{"not_picked":["Backflip","Tactician"],"picked":"Dagger Throw","floor":4},{"not_picked":["Slice","Dash"],"picked":"Bane","floor":5},{"not_picked":["Blur","Cloak And Dagger"],"picked":"Poisoned Stab","floor":11},{"not_picked":["Distraction","Blade Dance","Choke"],"picked":"SKIP","floor":12},{"not_picked":["Tactician","Dodge and Roll"],"picked":"Leg Sweep","floor":13},{"not_picked":["Wraith Form v2","After Image"],"picked":"Adrenaline","floor":16},{"not_picked":["Crippling Poison","Underhanded Strike"],"picked":"Bane","floor":18},{"not_picked":["Flying Knee","Quick Slash"],"picked":"Dodge and Roll+1","floor":20},{"not_picked":["Dodge and Roll","Acrobatics+1"],"picked":"Escape Plan","floor":21},{"not_picked":["Endless Agony","Dodge and Roll"],"picked":"Bane","floor":22}],"player_experience":366428,"relics_obtained":[{"floor":9,"key":"Regal Pillow"},{"floor":17,"key":"PreservedInsect"},{"floor":17,"key":"Shuriken"},{"floor":17,"key":"StoneCalendar"}],"event_choices":[{"damage_healed":0,"gold_gain":0,"player_choice":"Ignored","damage_taken":0,"max_hp_gain":0,"max_hp_loss":0,"event_name":"Golden Wing","floor":7,"gold_loss":0},{"damage_healed":0,"gold_gain":0,"player_choice":"Ignored","damage_taken":0,"max_hp_gain":0,"max_hp_loss":0,"event_name":"NoteForYourself","floor":8,"gold_loss":0},{"damage_healed":0,"gold_gain":0,"player_choice":"Fight","damage_taken":0,"max_hp_gain":0,"max_hp_loss":0,"event_name":"Colosseum","floor":24,"gold_loss":0}],"is_beta":false,"boss_relics":[{"not_picked":["Busted Crown","HoveringKite"],"picked":"Calling Bell"}],"items_purged_floors":[19],"is_endless":false,"potions_floor_spawned":[1,4,13,16,18,20,21],"killed_by":"Colosseum Slavers","ascension_level":0}