{"gold_per_floor":[113,130,156,184,216,228,265,307,344,389,23,43,60,79,79,79],"floor_reached":16,"playtime":520,"items_purged":["Strike_R"],"score":160,"play_id":"519fa1ec-4a3e-4f15-8692-60b672ffe0fb","local_time":"20190315150417","is_ascension_mode":true,"campfire_choices":[{"data":"Whirlwind","floor":6.0,"key":"SMITH"},{"data":"Secret Weapon","floor":15,"key":"SMITH"}],"neow_cost":"NONE","seed_source_timestamp":2367359815926,"circlet_count":0,"master_deck":["Strike_R","Strike_R","Strike_R","Strike_R","Defend_R","Defend_R","Defend_R","Defend_R","Bash","Clash","Whirlwind+1","Flex","Shrug It Off","Seeing Red","Clothesline","Secret Weapon+1","Cleave","Panacea","Clash","Spot Weakness","True Grit"],"special_seed":0,"relics":["Burning Blood","NeowsBlessing","MawBank","Self Forming Clay","Vajra","Question Card"],"potions_floor_usage":[14,16],"damage_taken":[{"damage":0.0,"enemies":"Cultist","floor":1.0,"turns":1.0},{"damage":0.0,"enemies":"2 Louse","floor":2.0,"turns":1.0},{"damage":0.0,"enemies":"Jaw Worm","floor":4.0,"turns":1.0},{"damage":0.0,"enemies":"2 Fungi Beasts","floor":5.0,"turns":2.0},{"damage":33.0,"enemies":"Lagavulin","floor":7.0,"turns":9.0},{"damage":22,"enemies":"Gremlin Nob","floor":10,"turns":4},{"damage":8,"enemies":"Large Slime","floor":12,"turns":4},{"damage":1,"enemies":"Exordium Thugs","floor":13,"turns":3},{"damage":6,"enemies":"Looter","floor":14,"turns":2},{"damage":20,"enemies":"Hexaghost","floor":16,"turns":9}],"seed_played":"-5419410858313130262","potions_obtained":[{"floor":4.0,"key":"Strength Potion"},{"floor":12,"key":"FearPotion"},{"floor":13,"key":"Swift Potion"},{"floor":14,"key":"Fire Potion"}],"is_trial":false,"path_per_floor":["M","M","T","M","M","R","E","?","T","E","$","M","M","M","R","B"],"character_chosen":"IRONCLAD","items_purchased":["Secret Weapon","Cleave","Panacea"],"campfire_rested":0,"item_purchase_floors":[11,11,11],"current_hp_per_floor":[78,80,80,80,80,80,53,53,53,37,37,35,40,40,40,20],"gold":79,"neow_bonus":"THREE_ENEMY_KILL","is_prod":false,"is_daily":false,"chose_seed":false,"campfire_upgraded":2,"win_rate":0,"timestamp":1552633457,"path_taken":["M","M","?","?","M","R","E","?","T","E","$","M","M","M","R","BOSS"],"build_version":"2019-01-23","purchased_purges":1,"victory":false,"max_hp_per_floor":[80,80,80,80,80,80,80,80,80,80,80,80,80,80,80,80],"card_choices":[{"not_picked":["Rupture","Battle Trance"],"picked":"Clash","floor":1.0},{"not_picked":["Perfected Strike","Carnage"],"picked":"Whirlwind","floor":2.0},{"not_picked":["Armaments","Wild Strike"],"picked":"Flex","floor":4.0},{"not_picked":["Searing Blow","Headbutt"],"picked":"Shrug It Off","floor":5.0},{"not_picked":["Rupture","Second Wind"],"picked":"Seeing Red","floor":7.0},{"not_picked":["Blood for Blood","Carnage"],"picked":"Clothesline","floor":10},{"not_picked":["Corruption","Warcry","Anger"],"picked":"Clash","floor":12},{"not_picked":["Cleave","Combust","Pummel"],"picked":"Spot Weakness","floor":13},{"not_picked":["Bludgeon","Shrug It Off","Armaments"],"picked":"True Grit","floor":14}],"player_experience":303617,"relics_obtained":[{"floor":3.0,"key":"MawBank"},{"floor":7.0,"key":"Self Forming Clay"},{"floor":9,"key":"Vajra"},{"floor":10,"key":"Question Card"}],"event_choices":[{"damage_healed":0,"gold_gain":30,"player_choice":"Searched \u00272\u0027 times","damage_taken":0,"max_hp_gain":0,"max_hp_loss":0,"event_name":"Dead Adventurer","floor":8,"gold_loss":0}],"is_beta":false,"boss_relics":[],"items_purged_floors":[11],"is_endless":false,"potions_floor_spawned":[4,12,13,14],"killed_by":"Hexaghost","ascension_level":8}