{"gold_per_floor":[111,111,211,231,248,248,266,255,255,255,282,293,293,309,309,410,410,430,430,445,445,360,390,420,420,420,446,446,5,5,25,25,123,123,142,142,60,74,87,120,120,150,224,224,270,270,270,288,288,288],"floor_reached":51,"playtime":4490,"items_purged":[],"score":925,"play_id":"db62dbad-2553-4d36-b08b-c28d88261968","local_time":"20181128175606","is_ascension_mode":true,"campfire_choices":[{"data":"Backflip","floor":6,"key":"SMITH"},{"data":"Neutralize","floor":10,"key":"SMITH"},{"data":"Survivor","floor":13,"key":"SMITH"},{"data":"Slice","floor":15,"key":"SMITH"},{"data":"Venomology","floor":25,"key":"SMITH"},{"data":"Caltrops","floor":30,"key":"SMITH"},{"data":"Defend_G","floor":32,"key":"SMITH"},{"data":"PiercingWail","floor":41,"key":"SMITH"},{"data":"Defend_G","floor":44,"key":"SMITH"},{"data":"Phantasmal Killer","floor":49,"key":"PURGE"}],"neow_cost":"PERCENT_DAMAGE","seed_source_timestamp":14806471101154,"circlet_count":0,"master_deck":["Defend_G+1","Defend_G+1","Defend_G+1","Defend_G+1","Strike_G","Strike_G","Strike_G","Strike_G","Strike_G","Survivor+1","Neutralize+1","Backflip+1","Slice+1","Slice","PiercingWail+1","Corpse Explosion","Slice","Deflect+1","Venomology+1","Backflip+1","Malaise+1","Madness+1","Caltrops+1","PiercingWail+1","Backflip+1","A Thousand Cuts+1","Deflect+1","Backflip+1","Finesse+1","Caltrops+1","Flechettes+1","Flechettes+1","Blur+1","Corpse Explosion+1","Enlightenment+1"],"relics":["Ring of the Snake","FossilizedHelix","Gremlin Horn","Bronze Scales","Runic Pyramid","Pen Nib","Calipers","Bag of Marbles","Red Mask","Toxic Egg 2","Prayer Wheel","Thread and Needle","Eternal Feather","Torii","Strawberry","Pantograph","Peace Pipe","Lantern"],"potions_floor_usage":[7,11,16,23,23,28,31,31,33,38,39,39,39,42,45,48,50,50],"damage_taken":[{"damage":0,"enemies":"Small Slimes","floor":1,"turns":4},{"damage":0,"enemies":"Cultist","floor":4,"turns":4},{"damage":0,"enemies":"Jaw Worm","floor":5,"turns":3},{"damage":4,"enemies":"Lots of Slimes","floor":7,"turns":7},{"damage":0,"enemies":"Exordium Thugs","floor":8,"turns":4},{"damage":0,"enemies":"Gremlin Nob","floor":11,"turns":4},{"damage":0,"enemies":"Large Slime","floor":12,"turns":6},{"damage":0,"enemies":"2 Fungi Beasts","floor":14,"turns":3},{"damage":17,"enemies":"Hexaghost","floor":16,"turns":12},{"damage":0,"enemies":"2 Thieves","floor":18,"turns":3},{"damage":0,"enemies":"3 Byrds","floor":20,"turns":3},{"damage":20,"enemies":"Slavers","floor":23,"turns":3},{"damage":0,"enemies":"Masked Bandits","floor":24,"turns":2},{"damage":18,"enemies":"Gremlin Leader","floor":27,"turns":11},{"damage":0,"enemies":"Cultist and Chosen","floor":28,"turns":1},{"damage":0,"enemies":"Snake Plant","floor":31,"turns":2},{"damage":0,"enemies":"Automaton","floor":33,"turns":17},{"damage":0,"enemies":"3 Shapes","floor":35,"turns":5},{"damage":0,"enemies":"Orb Walker","floor":38,"turns":5},{"damage":14,"enemies":"Transient","floor":39,"turns":5},{"damage":20,"enemies":"Nemesis","floor":40,"turns":9},{"damage":0,"enemies":"Reptomancer","floor":42,"turns":8},{"damage":19,"enemies":"2 Orb Walkers","floor":45,"turns":3},{"damage":6,"enemies":"Spire Growth","floor":48,"turns":5},{"damage":1,"enemies":"Time Eater","floor":50,"turns":13}],"seed_played":"1865943925365814982","potions_obtained":[{"floor":5,"key":"GhostInAJar"},{"floor":7,"key":"SmokeBomb"},{"floor":8,"key":"FearPotion"},{"floor":14,"key":"FearPotion"},{"floor":16,"key":"Strength Potion"},{"floor":18,"key":"Regen Potion"},{"floor":27,"key":"Swift Potion"},{"floor":31,"key":"AttackPotion"},{"floor":40,"key":"AttackPotion"},{"floor":42,"key":"Strength Potion"},{"floor":45,"key":"AttackPotion"}],"is_trial":false,"path_per_floor":["M","?","?","M","M","R","M","M","T","R","E","M","R","M","R","B",null,"M","?","M","T","?","E","?","R","T","E","M","$","R","M","R","B",null,"M","?","$","M","M","E","R","E","T","R","?","?","T","M","R","B",null],"character_chosen":"THE_SILENT","items_purchased":["Thread and Needle","Madness+1","Caltrops","Finesse+1"],"campfire_rested":0,"item_purchase_floors":[29,29,29,37],"current_hp_per_floor":[49,35,35,35,35,35,31,31,31,31,31,31,31,31,31,14,70,70,70,70,70,70,59,59,59,59,41,41,41,41,41,41,41,70,70,70,70,70,56,36,54,61,61,77,58,58,58,52,73,76],"gold":288,"neow_bonus":"ONE_RARE_RELIC","is_prod":false,"is_daily":false,"chose_seed":false,"campfire_upgraded":9,"win_rate":0,"timestamp":1543395366,"path_taken":["M","?","?","M","M","R","M","M","T","R","E","?","R","M","R","BOSS","M","?","?","?","?","E","?","R","T","E","M","$","R","M","R","BOSS","M","?","$","M","?","E","R","E","T","R","?","?","?","M","R","BOSS"],"build_version":"2018-11-15","purchased_purges":0,"victory":true,"max_hp_per_floor":[70,70,70,70,70,70,70,70,70,70,70,70,70,70,70,70,70,70,70,70,70,70,70,70,70,70,70,70,70,70,70,70,70,70,70,70,70,70,70,70,70,77,77,77,77,77,77,77,77,77],"card_choices":[{"not_picked":["Infinite Blades","Backstab"],"picked":"Backflip","floor":1},{"not_picked":["Deadly Poison","Backstab"],"picked":"Slice","floor":4},{"not_picked":["Eviscerate","Flechettes","Underhanded Strike"],"picked":"SKIP","floor":5},{"not_picked":["Sucker Punch","Cloak And Dagger","Poisoned Stab"],"picked":"SKIP","floor":7},{"not_picked":["Flying Knee","Phantasmal Killer","Underhanded Strike"],"picked":"SKIP","floor":8},{"not_picked":["Deadly Poison","Flying Knee"],"picked":"Slice","floor":11},{"not_picked":["After Image","Blur"],"picked":"PiercingWail","floor":12},{"not_picked":["Outmaneuver","Bane","Dagger Spray"],"picked":"SKIP","floor":14},{"not_picked":["Storm of Steel","Doppelganger"],"picked":"Corpse Explosion","floor":16},{"not_picked":["Deflect","Flying Knee+1"],"picked":"Slice","floor":18},{"not_picked":["Outmaneuver","Blade Dance"],"picked":"Deflect+1","floor":20},{"not_picked":["Escape Plan","Leg Sweep"],"picked":"Venomology","floor":23},{"not_picked":["Poisoned Stab","Outmaneuver+1"],"picked":"Backflip+1","floor":24},{"not_picked":["Flying Knee","Envenom"],"picked":"Malaise+1","floor":27},{"not_picked":["Skewer+1","Endless Agony+1"],"picked":"PiercingWail+1","floor":31},{"not_picked":["Cloak And Dagger+1","Underhanded Strike"],"picked":"Backflip+1","floor":31},{"not_picked":["Doppelganger+1","Grand Finale"],"picked":"A Thousand Cuts","floor":33},{"not_picked":["Slice+1","Quick Slash"],"picked":"Deflect+1","floor":35},{"not_picked":["Outmaneuver+1","Catalyst+1"],"picked":"Backflip+1","floor":35},{"not_picked":["Deflect+1","Dodge and Roll+1"],"picked":"Caltrops+1","floor":38},{"not_picked":["Dagger Throw","Bane+1"],"picked":"Flechettes+1","floor":38},{"not_picked":["Quick Slash","Masterful Stab+1"],"picked":"Flechettes+1","floor":39},{"not_picked":["Terror+1","Backstab","Dagger Spray"],"picked":"SKIP","floor":39},{"not_picked":["PiercingWail+1","Bane"],"picked":"Blur+1","floor":40},{"not_picked":["Accuracy+1","Deadly Poison+1","Predator+1"],"picked":"SKIP","floor":42},{"not_picked":["Outmaneuver+1","Bane+1"],"picked":"Corpse Explosion+1","floor":45},{"not_picked":["Finesse+1","Chrysalis+1"],"picked":"Enlightenment+1","floor":46},{"not_picked":["Dash+1","Acrobatics+1","Blade Dance+1"],"picked":"SKIP","floor":48},{"not_picked":["Underhanded Strike","Dagger Throw","Choke+1"],"picked":"SKIP","floor":48}],"player_experience":107918,"relics_obtained":[{"floor":9,"key":"Gremlin Horn"},{"floor":11,"key":"Bronze Scales"},{"floor":21,"key":"Pen Nib"},{"floor":23,"key":"Bag of Marbles"},{"floor":24,"key":"Red Mask"},{"floor":26,"key":"Toxic Egg 2"},{"floor":27,"key":"Prayer Wheel"},{"floor":40,"key":"Torii"},{"floor":42,"key":"Strawberry"},{"floor":43,"key":"Pantograph"},{"floor":45,"key":"Peace Pipe"},{"floor":47,"key":"Lantern"}],"event_choices":[{"damage_healed":0,"gold_gain":0,"player_choice":"Entered Light","damage_taken":14,"max_hp_gain":0,"max_hp_loss":0,"event_name":"Shining Light","floor":2,"gold_loss":0,"cards_upgraded":["Defend_G","Defend_G"]},{"damage_healed":0,"gold_gain":100,"player_choice":"Pray","damage_taken":0,"max_hp_gain":0,"max_hp_loss":0,"event_name":"Golden Shrine","floor":3,"gold_loss":0},{"damage_healed":0,"gold_gain":0,"cards_transformed":["Defend_G"],"player_choice":"Transformed","damage_taken":0,"max_hp_gain":0,"max_hp_loss":0,"event_name":"Transmorgrifier","floor":19,"gold_loss":0,"cards_obtained":["Phantasmal Killer"]},{"damage_healed":0,"gold_gain":0,"player_choice":"Obtained Relic","damage_taken":0,"relics_obtained":["Calipers"],"max_hp_gain":0,"max_hp_loss":0,"event_name":"Addict","floor":22,"gold_loss":85},{"damage_healed":0,"gold_gain":0,"player_choice":"Fought Bandits","damage_taken":0,"max_hp_gain":0,"max_hp_loss":0,"event_name":"Masked Bandits","floor":24,"gold_loss":0},{"damage_healed":0,"gold_gain":0,"player_choice":"Upgraded","damage_taken":0,"max_hp_gain":0,"max_hp_loss":0,"event_name":"Upgrade Shrine","floor":36,"gold_loss":0,"cards_upgraded":["A Thousand Cuts"]},{"damage_healed":0,"gold_gain":0,"player_choice":"Fight","damage_taken":0,"max_hp_gain":0,"max_hp_loss":0,"event_name":"Mysterious Sphere","floor":45,"gold_loss":0},{"damage_healed":0,"gold_gain":0,"player_choice":"Memory 1","damage_taken":0,"max_hp_gain":0,"max_hp_loss":0,"event_name":"SensoryStone","floor":46,"gold_loss":0}],"is_beta":false,"boss_relics":[{"not_picked":["Cursed Key","Ring of the Serpent"],"picked":"Runic Pyramid"},{"not_picked":["Coffee Dripper","Snecko Eye"],"picked":"Eternal Feather"}],"items_purged_floors":[],"is_endless":false,"potions_floor_spawned":[5,7,8,14,16,18,27,28,31,40,42,45],"ascension_level":2}