{"gold_per_floor":[99,99,99,99,20,20,20,20,20,20,20,20,20,20,20,20,20,20,20,20,0,0,0],"floor_reached":23,"playtime":856,"items_purged":[],"score":390,"play_id":"7c611703-bcf3-440a-8adb-1a1cb6f4dd39","local_time":"20190327083903","is_ascension_mode":true,"campfire_choices":[{"data":"Creative AI","floor":6.0,"key":"SMITH"},{"data":"Coolheaded","floor":8.0,"key":"SMITH"},{"data":"Self Repair","floor":11.0,"key":"SMITH"},{"data":"Darkness","floor":13.0,"key":"SMITH"},{"floor":15.0,"key":"RECALL"}],"neow_cost":"NONE","seed_source_timestamp":1224457588295472,"circlet_count":0,"master_deck":["AscendersBane","Strike_B","Strike_B","Defend_B","Defend_B","Defend_B","Defend_B","Zap","Dualcast","Chill","Creative AI+1","Self Repair+1","Coolheaded+1","Ball Lightning","Cold Snap","Darkness+1","Electrodynamics","Coolheaded"],"special_seed":0,"relics":["Ectoplasm","Vajra","Bag of Marbles","Sundial","Coffee Dripper"],"potions_floor_usage":[18],"damage_taken":[{"damage":1.0,"enemies":"Cultist","floor":1.0,"turns":4.0},{"damage":7.0,"enemies":"Small Slimes","floor":4.0,"turns":3.0},{"damage":2.0,"enemies":"Lagavulin","floor":7.0,"turns":8.0},{"damage":7.0,"enemies":"3 Sentries","floor":10.0,"turns":11.0},{"damage":21,"enemies":"Slime Boss","floor":16,"turns":6},{"damage":4,"enemies":"Shell Parasite","floor":18,"turns":5},{"damage":22,"enemies":"2 Thieves","floor":21,"turns":4},{"damage":27,"enemies":"Snake Plant","floor":22,"turns":5},{"damage":17,"enemies":"Slavers","floor":23,"turns":1}],"seed_played":"-7845325184052007991","potions_obtained":[{"floor":4.0,"key":"Energy Potion"},{"floor":7.0,"key":"FocusPotion"},{"floor":16,"key":"Swift Potion"},{"floor":22,"key":"Swift Potion"}],"is_trial":false,"path_per_floor":["M","?","?","M","$","R","E","R","T","E","R","?","R","?","R","B",null,"M","?","T","M","M","E"],"character_chosen":"DEFECT","items_purchased":["Coolheaded","Ball Lightning"],"campfire_rested":0,"item_purchase_floors":[5,5],"current_hp_per_floor":[63,63,63,56,56,56,61,61,61,61,61,61,61,61,61,50,66,71,51,51,29,12,0],"gold":0,"neow_bonus":"BOSS_RELIC","is_prod":false,"is_daily":false,"chose_seed":false,"campfire_upgraded":4,"win_rate":0,"timestamp":1553690343,"path_taken":["M","?","?","?","?","R","E","R","T","E","R","?","R","?","R","BOSS","M","?","?","M","M","E"],"build_version":"2019-03-15","purchased_purges":0,"victory":false,"max_hp_per_floor":[71,71,71,71,71,71,71,71,71,71,71,71,71,71,71,71,71,71,76,76,76,76,76],"card_choices":[{"not_picked":["Sweeping Beam","White Noise"],"picked":"Chill","floor":1.0},{"not_picked":["Chill","Hello World"],"picked":"Self Repair","floor":4.0},{"not_picked":["Stack","Lockon","Streamline"],"picked":"SKIP","floor":7.0},{"not_picked":["Streamline","Go for the Eyes"],"picked":"Cold Snap","floor":10.0},{"not_picked":["Meteor Strike","Hyperbeam"],"picked":"Electrodynamics","floor":16},{"not_picked":["Steam","Sweeping Beam"],"picked":"Coolheaded","floor":18},{"not_picked":["Streamline","Beam Cell","Stack"],"picked":"SKIP","floor":21},{"not_picked":["Tempest+1","Force Field","Rebound"],"picked":"SKIP","floor":22}],"player_experience":1315634,"relics_obtained":[{"floor":7.0,"key":"Vajra"},{"floor":9.0,"key":"Bag of Marbles"},{"floor":10.0,"key":"Sundial"}],"event_choices":[{"damage_healed":0.0,"max_hp_gain":0.0,"max_hp_loss":0.0,"gold_gain":0.0,"event_name":"Liars Game","player_choice":"Ignored","floor":2.0,"gold_loss":0.0,"damage_taken":0.0},{"damage_healed":0.0,"max_hp_gain":0.0,"max_hp_loss":0.0,"gold_gain":0.0,"cards_transformed":["Strike_B"],"event_name":"Transmorgrifier","player_choice":"Transformed","floor":3.0,"gold_loss":0.0,"damage_taken":0.0,"cards_obtained":["Creative AI"]},{"damage_healed":0.0,"max_hp_gain":0.0,"max_hp_loss":0.0,"gold_gain":0.0,"cards_transformed":["Strike_B"],"event_name":"Living Wall","player_choice":"Change","floor":12.0,"gold_loss":0.0,"damage_taken":0.0,"cards_obtained":["Darkness"]},{"damage_healed":0.0,"max_hp_gain":0.0,"max_hp_loss":0.0,"gold_gain":0.0,"event_name":"The Cleric","player_choice":"Leave","floor":14.0,"gold_loss":0.0,"damage_taken":0.0},{"damage_healed":0,"gold_gain":0,"player_choice":"Shed Blood","damage_taken":25,"max_hp_gain":5,"max_hp_loss":0,"event_name":"Forgotten Altar","floor":19,"gold_loss":0}],"is_beta":true,"boss_relics":[{"not_picked":["Lizard Tail","Calling Bell"],"picked":"Coffee Dripper"}],"items_purged_floors":[],"is_endless":false,"potions_floor_spawned":[4,7,16,22],"killed_by":"Slavers","ascension_level":20}