{"gold_per_floor":[118,132,151,168,93,93,103,128,154,154,165,21,33,47,47,149,149,167,183,194,45,59,59,77,77,77,77,104,114,130,141,141,141],"floor_reached":33,"playtime":2657,"items_purged":["Strike_R"],"score":302,"play_id":"9064c9a2-47f8-4b35-8e2c-8d5d7fc1c61d","local_time":"20181124125527","is_ascension_mode":false,"campfire_choices":[{"data":"Bash","floor":6,"key":"SMITH"},{"data":"Sword Boomerang","floor":10,"key":"SMITH"},{"data":"Cleave","floor":15,"key":"SMITH"},{"floor":23,"key":"REST"},{"floor":27,"key":"REST"},{"data":"Disarm","floor":32,"key":"SMITH"}],"neow_cost":"NONE","seed_source_timestamp":12159294934675,"circlet_count":0,"master_deck":["Strike_R","Strike_R","Strike_R","Strike_R","Defend_R","Defend_R","Defend_R","Defend_R","Bash+1","Metallicize","Cleave+1","Rampage","Anger","Combust","Sword Boomerang+1","Dual Wield","Bludgeon","Thunderclap","Feed+1","Anger+1","Hemokinesis+1","Headbutt","Shockwave+1","Pummel+1","Disarm+1","Pommel Strike","Headbutt"],"relics":["Burning Blood","Boot","Happy Flower","Philosopher\u0027s Stone","Anchor","Red Skull","Juzu Bracelet"],"potions_floor_usage":[8,28,33],"damage_taken":[{"damage":9,"enemies":"Cultist","floor":1,"turns":4},{"damage":4,"enemies":"Jaw Worm","floor":2,"turns":5},{"damage":7,"enemies":"Small Slimes","floor":3,"turns":3},{"damage":11,"enemies":"3 Louse","floor":4,"turns":2},{"damage":4,"enemies":"Blue Slaver","floor":7,"turns":4},{"damage":11,"enemies":"Gremlin Nob","floor":8,"turns":3},{"damage":2,"enemies":"Large Slime","floor":11,"turns":5},{"damage":2,"enemies":"3 Louse","floor":13,"turns":2},{"damage":7,"enemies":"Looter","floor":14,"turns":2},{"damage":28,"enemies":"Slime Boss","floor":16,"turns":8},{"damage":23,"enemies":"3 Byrds","floor":18,"turns":3},{"damage":31,"enemies":"2 Thieves","floor":19,"turns":3},{"damage":16,"enemies":"Centurion and Healer","floor":20,"turns":4},{"damage":19,"enemies":"3 Cultists","floor":22,"turns":4},{"damage":37,"enemies":"Shelled Parasite and Fungi","floor":24,"turns":5},{"damage":8,"enemies":"Gremlin Leader","floor":28,"turns":4},{"damage":2,"enemies":"Cultist and Chosen","floor":29,"turns":4},{"damage":5,"enemies":"Centurion and Healer","floor":30,"turns":8},{"damage":9,"enemies":"Snake Plant","floor":31,"turns":3},{"damage":75,"enemies":"Collector","floor":33,"turns":5}],"seed_played":"2353861598456437816","potions_obtained":[{"floor":1,"key":"AttackPotion"},{"floor":3,"key":"SpeedPotion"},{"floor":8,"key":"Regen Potion"},{"floor":20,"key":"Dexterity Potion"},{"floor":24,"key":"FearPotion"},{"floor":28,"key":"Ancient Potion"}],"is_trial":false,"path_per_floor":["M","M","M","M","$","R","M","E","T","R","M","$","M","M","R","B",null,"M","M","M","$","M","R","M","?","T","R","E","M","M","M","R","B"],"character_chosen":"IRONCLAD","items_purchased":["Bludgeon","Anchor"],"campfire_rested":2,"item_purchase_floors":[12,21],"current_hp_per_floor":[85,87,86,81,81,81,83,78,78,78,82,82,86,85,85,63,88,74,52,42,42,29,57,26,26,26,54,64,72,77,74,74,0],"gold":141,"neow_bonus":"TEN_PERCENT_HP_BONUS","is_prod":false,"is_daily":false,"chose_seed":false,"campfire_upgraded":4,"win_rate":0.0,"timestamp":1543031727,"path_taken":["M","M","M","M","$","R","M","E","T","R","M","$","M","M","R","BOSS","M","M","M","$","?","R","M","?","T","R","E","M","M","M","R","BOSS"],"build_version":"2018-11-15","purchased_purges":1,"victory":false,"max_hp_per_floor":[88,88,88,88,88,88,88,88,88,88,88,88,88,88,88,88,88,91,94,94,94,94,94,94,94,94,94,94,98,102,102,102,102],"card_choices":[{"not_picked":["True Grit","Blood for Blood"],"picked":"Metallicize","floor":1},{"not_picked":["Blood for Blood","Clothesline"],"picked":"Cleave","floor":2},{"not_picked":["Armaments","Twin Strike"],"picked":"Rampage","floor":3},{"not_picked":["Shrug It Off","Pommel Strike"],"picked":"Anger","floor":4},{"not_picked":["Heavy Blade","True Grit"],"picked":"Combust","floor":7},{"not_picked":["Shrug It Off","Bloodletting"],"picked":"Sword Boomerang","floor":8},{"not_picked":["Iron Wave","Clash"],"picked":"Dual Wield","floor":11},{"not_picked":["Blood for Blood","Limit Break","Rupture"],"picked":"SKIP","floor":13},{"not_picked":["Clothesline","Burning Pact"],"picked":"Thunderclap","floor":14},{"not_picked":["Limit Break","Berserk"],"picked":"Feed","floor":16},{"not_picked":["Ghostly Armor","Whirlwind"],"picked":"Anger+1","floor":18},{"not_picked":["Perfected Strike","Warcry"],"picked":"Hemokinesis+1","floor":19},{"not_picked":["Fire Breathing","Anger"],"picked":"Headbutt","floor":20},{"not_picked":["Searing Blow+1","Armaments"],"picked":"Shockwave+1","floor":22},{"not_picked":["Anger","Headbutt","Rupture"],"picked":"SKIP","floor":24},{"not_picked":["Dual Wield+1","Ghostly Armor"],"picked":"Pummel+1","floor":28},{"not_picked":["Entrench","Dual Wield"],"picked":"Disarm","floor":29},{"not_picked":["Warcry","Power Through+1"],"picked":"Pommel Strike","floor":30},{"not_picked":["Fiend Fire","Intimidate"],"picked":"Headbutt","floor":31}],"player_experience":37963,"relics_obtained":[{"floor":8,"key":"Boot"},{"floor":9,"key":"Happy Flower"},{"floor":26,"key":"Red Skull"},{"floor":28,"key":"Juzu Bracelet"}],"event_choices":[{"damage_healed":0,"gold_gain":0,"player_choice":"Forge","damage_taken":0,"max_hp_gain":0,"max_hp_loss":0,"event_name":"Accursed Blacksmith","floor":25,"gold_loss":0,"cards_upgraded":["Feed"]}],"is_beta":false,"boss_relics":[{"not_picked":["Runic Cube","Calling Bell"],"picked":"Philosopher\u0027s Stone"}],"items_purged_floors":[5],"is_endless":false,"potions_floor_spawned":[1,3,8,20,24,28],"killed_by":"Collector","ascension_level":0}