{"gold_per_floor":[118,49,63,80,80,100,118,118,118,143,89,89,105,105,105,207,207,221,146,1,17,116,116,116,116,140,152,37,83,100,120,120,120],"floor_reached":33,"playtime":2879,"items_purged":[],"score":237,"play_id":"8b32acdb-cf98-4c94-9df2-00e76b27e468","local_time":"20190325034944","is_ascension_mode":false,"campfire_choices":[{"data":"Dualcast","floor":8,"key":"SMITH"},{"floor":12,"key":"REST"},{"data":"Hologram","floor":15,"key":"SMITH"},{"floor":23,"key":"REST"},{"floor":32,"key":"REST"}],"neow_cost":"NONE","seed_source_timestamp":441249426248272,"circlet_count":0,"master_deck":["Strike_B","Strike_B","Strike_B","Strike_B","Defend_B","Defend_B","Defend_B","Defend_B","Zap","Dualcast+1","Glacier","Cold Snap","Blizzard","Coolheaded","BootSequence","Leap","Hologram+1","Core Surge","Glacier","Conserve Battery","Cold Snap","Melter","Conserve Battery+1","Capacitor+1","Cold Snap"],"relics":["Cracked Core","Singing Bowl","Odd Mushroom","Orrery","Orichalcum","MutagenicStrength","Dream Catcher","Tiny Chest","Lantern"],"potions_floor_usage":[33],"damage_taken":[{"damage":0,"enemies":"Cultist","floor":1,"turns":4},{"damage":0,"enemies":"Small Slimes","floor":3,"turns":2},{"damage":0,"enemies":"2 Louse","floor":4,"turns":3},{"damage":4,"enemies":"Exordium Wildlife","floor":6,"turns":5},{"damage":0,"enemies":"Gremlin Gang","floor":7,"turns":6},{"damage":22,"enemies":"The Mushroom Lair","floor":10,"turns":6},{"damage":0,"enemies":"Red Slaver","floor":13,"turns":3},{"damage":54,"enemies":"Slime Boss","floor":16,"turns":13},{"damage":8,"enemies":"Shell Parasite","floor":18,"turns":11},{"damage":4,"enemies":"2 Thieves","floor":19,"turns":5},{"damage":9,"enemies":"Cultist and Chosen","floor":21,"turns":12},{"damage":17,"enemies":"Snake Plant","floor":27,"turns":8},{"damage":12,"enemies":"Centurion and Healer","floor":30,"turns":9},{"damage":2,"enemies":"Snecko","floor":31,"turns":10},{"damage":100,"enemies":"Automaton","floor":33,"turns":24}],"seed_played":"-768480844566713281","potions_obtained":[{"floor":4,"key":"FocusPotion"},{"floor":6,"key":"FocusPotion"},{"floor":10,"key":"Energy Potion"},{"floor":27,"key":"Dexterity Potion"}],"is_trial":false,"path_per_floor":["M","$","M","M","$","M","M","R","T","?","$","R","M","$","R","B",null,"M","M","$","M","?","R","?","$","T","M","$","T","M","M","R","B"],"character_chosen":"DEFECT","items_purchased":["Blizzard","Hologram","Orichalcum","Tiny Chest"],"campfire_rested":3,"item_purchase_floors":[2,11,20,28],"current_hp_per_floor":[75,75,75,75,75,71,71,71,71,51,51,74,76,76,76,22,85,79,77,77,68,68,89,89,89,89,72,72,72,60,58,84,0],"gold":120,"neow_bonus":"THREE_CARDS","is_prod":false,"is_daily":false,"chose_seed":false,"campfire_upgraded":2,"win_rate":0,"timestamp":1553482184,"path_taken":["M","$","M","?","?","M","M","R","T","?","$","R","M","$","R","BOSS","M","M","$","M","?","R","?","?","T","?","?","?","M","M","R","BOSS"],"build_version":"2019-01-23","purchased_purges":0,"victory":false,"max_hp_per_floor":[75,75,75,75,75,75,75,75,75,77,77,77,79,79,79,79,85,87,89,89,89,89,89,89,89,89,89,89,89,89,89,89,89],"card_choices":[{"not_picked":["Recycle","Sweeping Beam"],"picked":"Glacier","floor":0},{"not_picked":["Steam","FTL"],"picked":"Cold Snap","floor":1},{"not_picked":["Stack","Turbo"],"picked":"Coolheaded","floor":3},{"not_picked":["Rip and Tear","Hyperbeam","Stack"],"picked":"SKIP","floor":4},{"not_picked":["Sweeping Beam","Darkness"],"picked":"BootSequence","floor":6},{"not_picked":["Barrage","Coolheaded"],"picked":"Leap","floor":7},{"not_picked":["Fission","Beam Cell","Go for the Eyes"],"picked":"Singing Bowl","floor":10},{"not_picked":["Leap","Steam","Loop"],"picked":"Singing Bowl","floor":13},{"not_picked":["Fission","Thunder Strike"],"picked":"Core Surge","floor":16},{"not_picked":["Redo","Beam Cell","Tempest"],"picked":"Singing Bowl","floor":17},{"not_picked":["Streamline","Beam Cell","Doom and Gloom"],"picked":"Singing Bowl","floor":17},{"not_picked":["Heatsinks","Redo"],"picked":"Glacier","floor":17},{"not_picked":["Gash","Hologram","Steam"],"picked":"Singing Bowl","floor":17},{"not_picked":["Beam Cell","Streamline"],"picked":"Conserve Battery","floor":17},{"not_picked":["Biased Cognition","Ball Lightning","Capacitor"],"picked":"Singing Bowl","floor":18},{"not_picked":["Recycle","Sweeping Beam","Redo"],"picked":"Singing Bowl","floor":19},{"not_picked":["Compile Driver+1","Beam Cell"],"picked":"Cold Snap","floor":21},{"not_picked":["Ball Lightning","Streamline"],"picked":"Melter","floor":27},{"not_picked":["Heatsinks","Barrage"],"picked":"Conserve Battery+1","floor":30},{"not_picked":["Ball Lightning","Loop"],"picked":"Capacitor+1","floor":31},{"not_picked":["Leap+1","Turbo"],"picked":"Cold Snap","floor":32}],"player_experience":411061,"relics_obtained":[{"floor":9,"key":"Singing Bowl"},{"floor":10,"key":"Odd Mushroom"},{"floor":26,"key":"Dream Catcher"},{"floor":29,"key":"Lantern"}],"event_choices":[{"damage_healed":0,"gold_gain":0,"player_choice":"Fought Mushrooms","damage_taken":0,"max_hp_gain":0,"max_hp_loss":0,"event_name":"Mushrooms","floor":10,"gold_loss":0},{"damage_healed":0,"gold_gain":99,"player_choice":"Stole From Cult","damage_taken":0,"max_hp_gain":0,"max_hp_loss":0,"event_name":"Nest","floor":22,"gold_loss":0},{"damage_healed":0,"gold_gain":0,"player_choice":"Inject Mutagens","damage_taken":0,"relics_obtained":["MutagenicStrength"],"max_hp_gain":0,"max_hp_loss":0,"event_name":"Drug Dealer","floor":24,"gold_loss":0}],"is_beta":false,"boss_relics":[{"not_picked":["Pandora\u0027s Box","Empty Cage"],"picked":"Orrery"}],"items_purged_floors":[],"is_endless":false,"potions_floor_spawned":[4,6,10,27,30],"killed_by":"Automaton","ascension_level":0}