{"gold_per_floor":[109,109,11,11,11,11,27,78,78,93,112,122,136,162,162,162],"floor_reached":16,"playtime":864,"items_purged":["Defend_R"],"score":92,"play_id":"7191e0e8-ffe9-4306-88cd-2fc9e6819216","local_time":"20181011233828","is_ascension_mode":false,"campfire_choices":[{"floor":6,"key":"REST"},{"floor":15,"key":"REST"}],"neow_cost":"PERCENT_DAMAGE","seed_source_timestamp":801682730656503,"circlet_count":0,"master_deck":["Strike_R","Strike_R","Strike_R","Strike_R","Defend_R","Defend_R","Bash","Shrug It Off"],"relics":["Burning Blood","Lantern","Strawberry","Letter Opener","Odd Mushroom"],"potions_floor_usage":[7,16],"damage_taken":[{"damage":5,"enemies":"2 Louse","floor":1,"turns":3},{"damage":1,"enemies":"Jaw Worm","floor":7,"turns":4},{"damage":0,"enemies":"Small Slimes","floor":10,"turns":3},{"damage":4,"enemies":"2 Fungi Beasts","floor":11,"turns":4},{"damage":0,"enemies":"Large Slime","floor":12,"turns":5},{"damage":3,"enemies":"Exordium Wildlife","floor":13,"turns":4},{"damage":22,"enemies":"The Mushroom Lair","floor":14,"turns":5},{"damage":60,"enemies":"Slime Boss","floor":16,"turns":9}],"seed_played":"4217296435047676989","potions_obtained":[{"floor":1,"key":"BloodPotion"},{"floor":7,"key":"Ancient Potion"},{"floor":12,"key":"EssenceOfSteel"},{"floor":13,"key":"Swift Potion"}],"is_trial":false,"path_per_floor":["M","?","$","?","$","R","M","T","T","M","M","M","M","?","R"],"character_chosen":"IRONCLAD","items_purchased":["Shrug It Off"],"campfire_rested":2,"item_purchase_floors":[3],"current_hp_per_floor":[57,24,24,24,24,48,61,68,68,74,76,82,85,69,87,27],"gold":162,"neow_bonus":"REMOVE_TWO","is_prod":false,"is_daily":false,"chose_seed":false,"campfire_upgraded":0,"win_rate":0,"timestamp":1539293908,"path_taken":["M","?","$","?","$","R","M","?","T","M","?","M","M","?","R","BOSS"],"build_version":"2018-10-04v2","purchased_purges":1,"victory":false,"max_hp_per_floor":[80,80,80,80,80,80,80,87,87,87,87,87,87,87,87,87],"card_choices":[{"not_picked":["Rupture","True Grit","Armaments"],"picked":"SKIP","floor":1},{"not_picked":["Iron Wave","Rage","Shrug It Off"],"picked":"SKIP","floor":7},{"not_picked":["Iron Wave","Seeing Red","Second Wind"],"picked":"SKIP","floor":10},{"not_picked":["Thunderclap","Pommel Strike","Inflame"],"picked":"SKIP","floor":11},{"not_picked":["Combust","Body Slam","Sentinel"],"picked":"SKIP","floor":12},{"not_picked":["Combust","Clothesline","Entrench"],"picked":"SKIP","floor":13}],"player_experience":231625,"relics_obtained":[{"floor":8,"key":"Strawberry"},{"floor":9,"key":"Letter Opener"},{"floor":14,"key":"Odd Mushroom"}],"event_choices":[{"event_name":"Scrap Ooze","player_choice":"success","floor":2,"damage_taken":33},{"event_name":"The Cleric","player_choice":"Leave","floor":4,"damage_taken":0},{"event_name":"Mushrooms","player_choice":"Fought Mushrooms","floor":14,"damage_taken":0}],"is_beta":false,"boss_relics":[],"items_purged_floors":[3],"is_endless":false,"potions_floor_spawned":[1,7,12,13],"killed_by":"Slime Boss","ascension_level":0}