{"gold_per_floor":[111,41,61,20,20,20,54,54,54,54,54,64,96,115,115,213,213,231,248,265,281,298,298,573,573,573,585,612,36,48,75,75,75],"floor_reached":33,"playtime":1202,"items_purged":[],"score":425,"play_id":"355e3d78-5303-46ae-a3b5-916348f3674b","local_time":"20190308142304","is_ascension_mode":true,"campfire_choices":[{"data":"Noxious Fumes","floor":6,"key":"SMITH"},{"data":"Venomology","floor":8,"key":"SMITH"},{"data":"Neutralize","floor":10,"key":"SMITH"},{"data":"Dagger Spray","floor":15,"key":"SMITH"},{"data":"After Image","floor":23,"key":"SMITH"},{"floor":25,"key":"REST"},{"data":"Survivor","floor":27,"key":"SMITH"},{"data":"Backflip","floor":32,"key":"SMITH"}],"neow_cost":"NONE","seed_source_timestamp":3244922239279,"circlet_count":0,"master_deck":["Defend_G+1","Defend_G","Defend_G","Defend_G+1","Defend_G","Strike_G","Strike_G","Strike_G","Strike_G","Strike_G","Survivor+1","Neutralize+1","Dagger Spray+1","Noxious Fumes+1","Venomology+1","Sucker Punch+1","Sucker Punch+1","Masterful Stab+1","After Image+1","Quick Slash+1","Slice+1","Bane+1","Regret","Slice+1","Flash of Steel+1","Skewer+1","Backflip+1"],"relics":["Ring of the Snake","NeowsBlessing","Regal Pillow","War Paint","Blue Candle","Molten Egg 2","Shuriken","Busted Crown","MawBank","ClockworkSouvenir","Mercury Hourglass","Bronze Scales"],"potions_floor_usage":[13,13,13,16,16,18,18,19,19,20,20,21,22,22,33,33,33],"damage_taken":[{"damage":0,"enemies":"2 Louse","floor":1,"turns":1},{"damage":0,"enemies":"Small Slimes","floor":3,"turns":1},{"damage":0,"enemies":"Gremlin Nob","floor":7,"turns":1},{"damage":0,"enemies":"Cultist","floor":12,"turns":4},{"damage":0,"enemies":"Lagavulin","floor":13,"turns":6},{"damage":2,"enemies":"Exordium Thugs","floor":14,"turns":4},{"damage":22,"enemies":"Hexaghost","floor":16,"turns":9},{"damage":0,"enemies":"Chosen","floor":18,"turns":5},{"damage":0,"enemies":"3 Byrds","floor":19,"turns":3},{"damage":15,"enemies":"Snake Plant","floor":20,"turns":4},{"damage":6,"enemies":"Chosen and Byrds","floor":21,"turns":6},{"damage":17,"enemies":"Shelled Parasite and Fungi","floor":22,"turns":5},{"damage":13,"enemies":"Centurion and Healer","floor":28,"turns":6},{"damage":0,"enemies":"Cultist and Chosen","floor":30,"turns":4},{"damage":12,"enemies":"Gremlin Leader","floor":31,"turns":5},{"damage":51,"enemies":"Automaton","floor":33,"turns":6}],"seed_played":"4182233752322918287","potions_obtained":[{"floor":1,"key":"Strength Potion"},{"floor":3,"key":"GamblersBrew"},{"floor":7,"key":"Dexterity Potion"},{"floor":16,"key":"SpeedPotion"},{"floor":18,"key":"Explosive Potion"},{"floor":21,"key":"Regen Potion"},{"floor":30,"key":"Swift Potion"},{"floor":31,"key":"Ancient Potion"}],"is_trial":false,"path_per_floor":["M","$","M","?","?","R","E","R","T","R","?","M","E","M","R","B",null,"M","M","M","M","M","R","?","R","T","R","M","$","M","E","R","B"],"character_chosen":"THE_SILENT","items_purchased":["Noxious Fumes","ClockworkSouvenir","Mercury Hourglass","Slice+1","Flash of Steel+1"],"campfire_rested":1,"item_purchase_floors":[2,29,29,29,29],"current_hp_per_floor":[63,63,63,63,51,51,51,51,51,51,51,51,51,49,49,27,59,59,59,44,38,35,35,35,70,70,70,57,57,57,45,45,0],"gold":75,"neow_bonus":"THREE_ENEMY_KILL","is_prod":false,"is_daily":false,"chose_seed":false,"campfire_upgraded":7,"win_rate":0,"timestamp":1552026184,"path_taken":["M","$","M","?","?","R","E","R","T","R","?","M","E","M","R","BOSS","M","M","M","M","M","R","?","R","T","R","M","$","M","E","R","BOSS"],"build_version":"2019-01-23","purchased_purges":0,"victory":false,"max_hp_per_floor":[70,70,70,70,70,70,70,70,70,70,70,70,70,70,70,70,70,70,70,70,70,70,70,70,70,70,70,70,70,70,70,70,70],"card_choices":[{"not_picked":["Predator","Prepared"],"picked":"Dagger Spray","floor":1},{"not_picked":["Endless Agony","Deflect","Bane"],"picked":"SKIP","floor":3},{"not_picked":["Expertise","Backstab"],"picked":"Venomology","floor":7},{"not_picked":["Poisoned Stab+1","Underhanded Strike+1"],"picked":"Sucker Punch+1","floor":12},{"not_picked":["Cloak And Dagger","Outmaneuver"],"picked":"Sucker Punch+1","floor":13},{"not_picked":["Outmaneuver","Poisoned Stab+1"],"picked":"Masterful Stab+1","floor":14},{"not_picked":["Bullet Time","Venomology"],"picked":"After Image","floor":16},{"not_picked":["Dodge and Roll"],"picked":"SKIP","floor":18},{"not_picked":["Deadly Poison"],"picked":"SKIP","floor":19},{"not_picked":["Deadly Poison"],"picked":"SKIP","floor":19},{"not_picked":[],"picked":"Quick Slash+1","floor":20},{"not_picked":[],"picked":"Slice+1","floor":21},{"not_picked":[],"picked":"Bane+1","floor":22},{"not_picked":["Outmaneuver"],"picked":"SKIP","floor":28},{"not_picked":[],"picked":"Skewer+1","floor":30},{"not_picked":[],"picked":"Backflip","floor":31}],"player_experience":255182,"relics_obtained":[{"floor":7,"key":"War Paint"},{"floor":9,"key":"Blue Candle"},{"floor":13,"key":"Shuriken"},{"floor":26,"key":"MawBank"},{"floor":31,"key":"Bronze Scales"}],"event_choices":[{"damage_healed":0,"gold_gain":0,"player_choice":"Left Gold","damage_taken":0,"max_hp_gain":0,"max_hp_loss":0,"event_name":"World of Goop","floor":4,"gold_loss":41},{"damage_healed":0,"gold_gain":0,"player_choice":"Success","damage_taken":12,"relics_obtained":["Regal Pillow"],"max_hp_gain":0,"max_hp_loss":0,"event_name":"Scrap Ooze","floor":5,"gold_loss":0},{"damage_healed":0,"gold_gain":0,"player_choice":"Gave Potion","damage_taken":0,"relics_obtained":["Molten Egg 2"],"max_hp_gain":0,"max_hp_loss":0,"event_name":"WeMeetAgain","floor":11,"gold_loss":0},{"damage_healed":0,"gold_gain":275,"player_choice":"Desecrate","damage_taken":0,"max_hp_gain":0,"max_hp_loss":0,"event_name":"Golden Shrine","floor":24,"gold_loss":0,"cards_obtained":["Regret"]}],"is_beta":false,"boss_relics":[{"not_picked":["Ring of the Serpent","Black Star"],"picked":"Busted Crown"}],"items_purged_floors":[],"is_endless":false,"potions_floor_spawned":[1,3,7,16,18,21,30,31],"killed_by":"Automaton","ascension_level":6}