{"gold_per_floor":[360,114,128,128,138,138,38,38,38,38,48,48,48,58,58,160,160,171,187,187,187,187,187,112,112,135,10,10,41,41,53,53,53],"floor_reached":33,"playtime":797,"items_purged":["Shame","Strike_R","Defend_R"],"score":389,"play_id":"1e7fa2fc-2578-4ba7-802d-79fde2d956f0","local_time":"20190323234120","is_ascension_mode":true,"campfire_choices":[{"data":"Warcry","floor":6.0,"key":"SMITH"},{"data":"Warcry","floor":8.0,"key":"SMITH"},{"data":"Anger","floor":10.0,"key":"SMITH"},{"data":"Searing Blow+1","floor":13.0,"key":"SMITH"},{"data":"Searing Blow+2","floor":15.0,"key":"SMITH"},{"data":"Searing Blow+3","floor":23.0,"key":"SMITH"},{"data":"Searing Blow+4","floor":25.0,"key":"SMITH"},{"data":"Searing Blow+5","floor":30.0,"key":"SMITH"},{"floor":32,"key":"REST"}],"neow_cost":"CURSE","seed_source_timestamp":26038494841658,"circlet_count":0,"master_deck":["AscendersBane","Strike_R","Strike_R","Strike_R","Defend_R+1","Defend_R","Defend_R+1","Bash","Dropkick","Warcry+1","Anger+1","Uppercut+1","Thunderclap","Warcry+1","Searing Blow+6","Combust+1","Disarm"],"special_seed":0,"relics":["Burning Blood","Bronze Scales","Velvet Choker","Dream Catcher","War Paint","Orichalcum"],"potions_floor_usage":[33,33],"damage_taken":[{"damage":13.0,"enemies":"Small Slimes","floor":1.0,"turns":5.0},{"damage":1.0,"enemies":"Cultist","floor":3.0,"turns":3.0},{"damage":6.0,"enemies":"2 Louse","floor":5.0,"turns":2.0},{"damage":3.0,"enemies":"Looter","floor":11.0,"turns":2.0},{"damage":5.0,"enemies":"2 Fungi Beasts","floor":14.0,"turns":3.0},{"damage":32.0,"enemies":"Slime Boss","floor":16.0,"turns":7.0},{"damage":2.0,"enemies":"Chosen","floor":18.0,"turns":4.0},{"damage":15.0,"enemies":"Shell Parasite","floor":19.0,"turns":4.0},{"damage":34.0,"enemies":"Book of Stabbing","floor":29.0,"turns":3.0},{"damage":15.0,"enemies":"Snake Plant","floor":31.0,"turns":3.0},{"damage":16,"enemies":"Collector","floor":33,"turns":6}],"seed_played":"8644853983071318233","potions_obtained":[{"floor":3.0,"key":"Strength Potion"},{"floor":18.0,"key":"Fire Potion"},{"floor":31.0,"key":"Dexterity Potion"}],"is_trial":false,"path_per_floor":["M","$","M","?","M","R","$","R","T","R","M","?","R","M","R","B",null,"M","M","?","?","?","R","?","R","T","$","?","E","R","M","R","B"],"character_chosen":"IRONCLAD","items_purchased":["Warcry","Anger","Uppercut"],"campfire_rested":1,"item_purchase_floors":[2,2,2],"current_hp_per_floor":[65,65,70,70,70,70,70,70,70,70,73,73,73,74,74,48,72,76,67,67,52,52,52,52,52,52,52,52,24,24,15,40,24],"gold":53,"neow_bonus":"TWO_FIFTY_GOLD","is_prod":false,"is_daily":false,"chose_seed":false,"campfire_upgraded":8,"win_rate":0,"timestamp":1553352080,"path_taken":["M","$","M","?","?","R","?","R","T","R","M","?","R","M","R","BOSS","M","?","?","?","?","R","?","R","T","$","?","E","R","M","R","BOSS"],"build_version":"2019-01-23","purchased_purges":3,"victory":false,"max_hp_per_floor":[80,80,80,80,80,80,80,80,80,80,80,80,80,80,80,80,80,80,80,80,85,85,85,85,85,85,85,85,85,85,85,85,85],"card_choices":[{"not_picked":["Hemokinesis","Power Through"],"picked":"Dropkick","floor":1.0},{"not_picked":["Body Slam","Flex"],"picked":"Thunderclap","floor":3.0},{"not_picked":["Shrug It Off","Bloodletting"],"picked":"Warcry","floor":5.0},{"not_picked":["Reckless Charge","Feel No Pain"],"picked":"Searing Blow","floor":11.0},{"not_picked":["Wild Strike","Armaments","Clash"],"picked":"SKIP","floor":14.0},{"not_picked":["Heavy Blade","Combust","Wild Strike"],"picked":"SKIP","floor":18.0},{"not_picked":["Metallicize+1","Second Wind"],"picked":"Combust+1","floor":19.0},{"not_picked":["Reckless Charge","Bloodletting+1","Wild Strike"],"picked":"SKIP","floor":29.0},{"not_picked":["Perfected Strike+1","Flex","Hemokinesis"],"picked":"SKIP","floor":31.0},{"not_picked":["True Grit","Clash"],"picked":"Disarm","floor":32}],"player_experience":381374,"relics_obtained":[{"floor":9.0,"key":"Bronze Scales"},{"floor":26.0,"key":"War Paint"},{"floor":29.0,"key":"Orichalcum"}],"event_choices":[{"damage_healed":0.0,"max_hp_gain":0.0,"max_hp_loss":0.0,"gold_gain":0.0,"event_name":"Accursed Blacksmith","player_choice":"Forge","floor":4.0,"gold_loss":0.0,"damage_taken":0.0,"cards_upgraded":["Uppercut"]},{"damage_healed":0.0,"max_hp_gain":0.0,"max_hp_loss":0.0,"gold_gain":0.0,"event_name":"Upgrade Shrine","player_choice":"Upgraded","floor":12.0,"gold_loss":0.0,"damage_taken":0.0,"cards_upgraded":["Searing Blow"]},{"damage_healed":0.0,"max_hp_gain":0.0,"max_hp_loss":0.0,"gold_gain":0.0,"event_name":"Ghosts","player_choice":"Ignored","floor":20.0,"gold_loss":0.0,"damage_taken":0.0},{"damage_healed":0.0,"max_hp_gain":5.0,"max_hp_loss":0.0,"gold_gain":0.0,"event_name":"Forgotten Altar","player_choice":"Shed Blood","floor":21.0,"gold_loss":0.0,"damage_taken":20.0},{"damage_healed":0.0,"max_hp_gain":0.0,"max_hp_loss":0.0,"gold_gain":0.0,"event_name":"The Mausoleum","player_choice":"Opened","floor":22.0,"gold_loss":0.0,"damage_taken":0.0,"relics_obtained":["Dream Catcher"]},{"cards_removed":["Strike_R"],"damage_healed":0.0,"max_hp_gain":0.0,"max_hp_loss":0.0,"gold_gain":0.0,"event_name":"Beggar","player_choice":"Gave Gold","floor":24.0,"gold_loss":75.0,"damage_taken":0.0},{"damage_healed":0.0,"max_hp_gain":0.0,"max_hp_loss":0.0,"gold_gain":0.0,"event_name":"FaceTrader","player_choice":"Leave","floor":28.0,"gold_loss":0.0,"damage_taken":0.0}],"is_beta":false,"boss_relics":[{"not_picked":["Coffee Dripper","Fusion Hammer"],"picked":"Velvet Choker"}],"items_purged_floors":[2,7,27],"is_endless":false,"potions_floor_spawned":[3,18,31],"killed_by":"Collector","ascension_level":11}