{"gold_per_floor":[110,125,125,137,149,183,183,183,264,293,19,19,36,54,54,149,149,161,171,190,115,36,36,52,52,77,77,96,110,110,125,125,228,228,244,0,0,12,24,24,39,50,50,50,24,44,61,71,71,71],"floor_reached":50,"playtime":3657,"items_purged":[],"score":487,"play_id":"3541face-4a72-4a0a-bd75-41519013f012","local_time":"20181222124550","is_ascension_mode":false,"campfire_choices":[{"floor":12,"key":"REST"},{"floor":15,"key":"REST"},{"data":"Corpse Explosion","floor":23,"key":"SMITH"},{"floor":25,"key":"REST"},{"data":"Deadly Poison","floor":30,"key":"SMITH"},{"data":"Deadly Poison","floor":32,"key":"SMITH"},{"floor":40,"key":"REST"},{"floor":49,"key":"REST"}],"neow_cost":"NONE","seed_source_timestamp":70492998286638,"circlet_count":0,"master_deck":["Defend_G","Defend_G","Defend_G","Defend_G","Defend_G","Strike_G","Strike_G","Strike_G","Survivor","Neutralize","Poisoned Stab+1","Well Laid Plans","Deadly Poison+1","Deadly Poison+1","Deadly Poison+1","Slice","Deflect","Crippling Poison","Crippling Poison","Blur","Poisoned Stab","Corpse Explosion+1","Doubt","Decay","Doubt","Dodge and Roll","Slice","Escape Plan","Well Laid Plans","Well Laid Plans","Escape Plan","Deflect","Poisoned Stab+1","PiercingWail+1","Slice","Outmaneuver+1","Deflect+1","Noxious Fumes"],"relics":["Ring of the Snake","Regal Pillow","Mango","Bottled Lightning","Dream Catcher","Snake Skull","Calling Bell","The Specimen","Pantograph","Pen Nib","Vajra","Velvet Choker","Red Mask","Kunai","Letter Opener"],"potions_floor_usage":[6,16,20,20,28,41,46,48,50],"damage_taken":[{"damage":5,"enemies":"Small Slimes","floor":1,"turns":4},{"damage":0,"enemies":"Jaw Worm","floor":2,"turns":4},{"damage":0,"enemies":"2 Louse","floor":4,"turns":3},{"damage":24,"enemies":"Gremlin Gang","floor":5,"turns":8},{"damage":21,"enemies":"Lagavulin","floor":6,"turns":6},{"damage":22,"enemies":"Gremlin Nob","floor":10,"turns":4},{"damage":20,"enemies":"Large Slime","floor":13,"turns":5},{"damage":3,"enemies":"Looter","floor":14,"turns":3},{"damage":10,"enemies":"Slime Boss","floor":16,"turns":10},{"damage":14,"enemies":"Shell Parasite","floor":18,"turns":6},{"damage":11,"enemies":"Spheric Guardian","floor":19,"turns":5},{"damage":22,"enemies":"Centurion and Healer","floor":20,"turns":5},{"damage":9,"enemies":"Cultist and Chosen","floor":24,"turns":6},{"damage":12,"enemies":"Snake Plant","floor":28,"turns":3},{"damage":7,"enemies":"Chosen and Byrds","floor":29,"turns":5},{"damage":0,"enemies":"3 Cultists","floor":31,"turns":3},{"damage":79,"enemies":"Automaton","floor":33,"turns":11},{"damage":13,"enemies":"Orb Walker","floor":35,"turns":4},{"damage":17,"enemies":"3 Darklings","floor":38,"turns":3},{"damage":46,"enemies":"Jaw Worm Horde","floor":39,"turns":5},{"damage":2,"enemies":"Sphere and 2 Shapes","floor":41,"turns":3},{"damage":8,"enemies":"Transient","floor":42,"turns":5},{"damage":29,"enemies":"Spire Growth","floor":46,"turns":5},{"damage":0,"enemies":"4 Shapes","floor":47,"turns":3},{"damage":8,"enemies":"3 Darklings","floor":48,"turns":4},{"damage":89,"enemies":"Awakened One","floor":50,"turns":8}],"seed_played":"3826492478181910582","potions_obtained":[{"floor":2,"key":"FearPotion"},{"floor":14,"key":"GhostInAJar"},{"floor":16,"key":"Regen Potion"},{"floor":18,"key":"Explosive Potion"},{"floor":19,"key":"Swift Potion"},{"floor":24,"key":"Swift Potion"},{"floor":39,"key":"Explosive Potion"},{"floor":41,"key":"GhostInAJar"},{"floor":46,"key":"Strength Potion"},{"floor":47,"key":"SkillPotion"}],"is_trial":false,"path_per_floor":["M","M","?","M","M","E","?","?","T","E","$","R","M","M","R","B",null,"M","M","M","?","$","R","M","R","T","?","M","M","R","M","R","B",null,"M","?","?","M","M","R","M","M","T","?","$","M","M","M","R","B"],"character_chosen":"THE_SILENT","items_purchased":["Snake Skull","Deflect","Crippling Poison","Escape Plan","Slice"],"campfire_rested":5,"item_purchase_floors":[11,11,11,22,45],"current_hp_per_floor":[65,65,65,65,41,34,34,34,34,12,12,52,32,29,69,59,84,70,59,49,49,49,49,40,80,80,80,68,61,61,61,61,5,84,71,71,71,54,8,48,46,38,38,38,38,9,9,1,41,0],"gold":71,"neow_bonus":"RANDOM_COMMON_RELIC","is_prod":false,"is_daily":false,"chose_seed":false,"campfire_upgraded":3,"win_rate":0.0,"timestamp":1545479150,"path_taken":["M","M","?","M","M","E","?","?","T","E","$","R","M","M","R","BOSS","M","M","?","?","$","R","M","R","T","?","M","M","R","M","R","BOSS","M","?","?","M","?","R","M","M","T","?","?","?","M","M","R","BOSS"],"build_version":"2018-12-20","purchased_purges":0,"victory":false,"max_hp_per_floor":[70,70,70,70,70,84,84,84,84,84,84,84,84,84,84,84,84,84,84,84,84,84,84,84,84,84,84,84,84,84,84,84,84,84,84,84,84,84,84,84,84,84,84,84,84,84,84,84,84,84],"card_choices":[{"not_picked":["Leg Sweep","Escape Plan"],"picked":"Poisoned Stab","floor":1},{"not_picked":["Underhanded Strike","Poisoned Stab"],"picked":"Well Laid Plans","floor":2},{"not_picked":["Dodge and Roll","Endless Agony"],"picked":"Deadly Poison","floor":4},{"not_picked":["Outmaneuver","Dagger Throw"],"picked":"Deadly Poison","floor":5},{"not_picked":["Riddle With Holes","Tactician"],"picked":"Deadly Poison","floor":6},{"not_picked":["Dagger Spray","Quick Slash"],"picked":"Slice","floor":10},{"not_picked":["Flying Knee","Leg Sweep"],"picked":"Crippling Poison","floor":12},{"not_picked":["Poisoned Stab","Dodge and Roll","Blade Dance"],"picked":"SKIP","floor":13},{"not_picked":["Dagger Throw","Wraith Form v2"],"picked":"Blur","floor":14},{"not_picked":["Reflex","Calculated Gamble"],"picked":"Poisoned Stab","floor":15},{"not_picked":["Die Die Die","Phantasmal Killer"],"picked":"Corpse Explosion","floor":16},{"not_picked":["Blade Dance","Terror","Underhanded Strike"],"picked":"SKIP","floor":18},{"not_picked":["Masterful Stab","Underhanded Strike"],"picked":"Dodge and Roll","floor":19},{"not_picked":["Dagger Throw+1","Outmaneuver"],"picked":"Slice","floor":20},{"not_picked":["Eviscerate","Blade Dance"],"picked":"Well Laid Plans","floor":24},{"not_picked":["Leg Sweep","Quick Slash"],"picked":"Well Laid Plans","floor":25},{"not_picked":["Calculated Gamble","Prepared+1"],"picked":"Escape Plan","floor":28},{"not_picked":["Tactician","Reflex","Infinite Blades"],"picked":"SKIP","floor":29},{"not_picked":["Caltrops","Quick Slash+1"],"picked":"Deflect","floor":31},{"not_picked":["Distraction","Deflect"],"picked":"Poisoned Stab+1","floor":35},{"not_picked":["Backflip","Backstab+1","Acrobatics"],"picked":"SKIP","floor":38},{"not_picked":["Dagger Throw+1","Bane","Prepared+1"],"picked":"SKIP","floor":39},{"not_picked":["Leg Sweep+1","Flechettes"],"picked":"PiercingWail+1","floor":41},{"not_picked":["Poisoned Stab","Dagger Throw+1","Phantasmal Killer"],"picked":"SKIP","floor":42},{"not_picked":["Prepared+1","Acrobatics+1"],"picked":"Outmaneuver+1","floor":46},{"not_picked":["Masterful Stab","Quick Slash+1","Dagger Throw"],"picked":"SKIP","floor":47},{"not_picked":["All Out Attack","Prepared"],"picked":"Deflect+1","floor":48},{"not_picked":["Predator+1","Bane"],"picked":"Noxious Fumes","floor":49}],"player_experience":30928,"relics_obtained":[{"floor":6,"key":"Mango"},{"floor":9,"key":"Bottled Lightning"},{"floor":10,"key":"Dream Catcher"},{"floor":17,"key":"The Specimen"},{"floor":17,"key":"Pantograph"},{"floor":17,"key":"Pen Nib"},{"floor":26,"key":"Vajra"},{"floor":43,"key":"Letter Opener"}],"event_choices":[{"damage_healed":0,"gold_gain":0,"player_choice":"Grow","damage_taken":0,"max_hp_gain":0,"max_hp_loss":0,"event_name":"Living Wall","floor":3,"gold_loss":0,"cards_upgraded":["Poisoned Stab"]},{"damage_healed":0,"gold_gain":0,"player_choice":"Fled","damage_taken":0,"max_hp_gain":0,"max_hp_loss":0,"event_name":"Scrap Ooze","floor":7,"gold_loss":0},{"damage_healed":0,"gold_gain":0,"player_choice":"Forge","damage_taken":0,"max_hp_gain":0,"max_hp_loss":0,"event_name":"Accursed Blacksmith","floor":8,"gold_loss":0,"cards_upgraded":["Deadly Poison"]},{"cards_removed":["Strike_G"],"damage_healed":0,"gold_gain":0,"player_choice":"Gave Gold","damage_taken":0,"max_hp_gain":0,"max_hp_loss":0,"event_name":"Beggar","floor":21,"gold_loss":75},{"cards_removed":["Strike_G"],"damage_healed":0,"gold_gain":0,"player_choice":"Purged","damage_taken":0,"max_hp_gain":0,"max_hp_loss":0,"event_name":"Purifier","floor":27,"gold_loss":0},{"damage_healed":0,"gold_gain":0,"player_choice":"Paid","damage_taken":0,"relics_obtained":["Red Mask"],"max_hp_gain":0,"max_hp_loss":0,"event_name":"Tomb of Lord Red Mask","floor":36,"gold_loss":244},{"damage_healed":0,"gold_gain":0,"player_choice":"Gave Potion","damage_taken":0,"relics_obtained":["Kunai"],"max_hp_gain":0,"max_hp_loss":0,"event_name":"WeMeetAgain","floor":37,"gold_loss":0},{"damage_healed":0,"gold_gain":0,"player_choice":"Ignored","damage_taken":0,"max_hp_gain":0,"max_hp_loss":0,"event_name":"The Moai Head","floor":44,"gold_loss":0}],"is_beta":false,"boss_relics":[{"not_picked":["Sozu","Astrolabe"],"picked":"Calling Bell"},{"not_picked":["Lizard Tail","Runic Pyramid"],"picked":"Velvet Choker"}],"items_purged_floors":[],"is_endless":false,"potions_floor_spawned":[1,2,14,16,18,19,24,39,41,46,47],"killed_by":"Awakened One","ascension_level":0}