{"gold_per_floor":[110,29,46,46,65,65,82,82,82,82,93,106,106,120,120,225,225,241,241,260,260,114,147,147,159,159,174,193,193,41,56,56,157,157,174,185,60,72,102,102],"floor_reached":40,"playtime":1976,"items_purged":["Strike_R","Defend_R","Strike_R"],"score":427,"play_id":"c39d487c-0b10-4b52-bda5-76cc4ab02757","local_time":"20181002184238","is_ascension_mode":false,"campfire_choices":[{"data":"Bash","floor":6.0,"key":"SMITH"},{"data":"Dropkick","floor":8.0,"key":"SMITH"},{"data":"Cleave","floor":13.0,"key":"SMITH"},{"floor":15.0,"key":"REST"},{"floor":24,"key":"REST"},{"floor":32,"key":"REST"}],"neow_cost":"NONE","seed_source_timestamp":0,"circlet_count":0,"master_deck":["Strike_R","Strike_R","Defend_R","Defend_R","Defend_R","Bash+1","Cleave+1","Dropkick+1","Shrug It Off"],"special_seed":0,"relics":["Burning Blood","Paper Frog","Darkstone Periapt","Busted Crown","MutagenicStrength","Kunai","Pear","White Beast Statue","Tiny Chest"],"potions_floor_usage":[23,27,31,35,40,40],"damage_taken":[{"damage":6.0,"enemies":"Jaw Worm","floor":1.0,"turns":3.0},{"damage":3.0,"enemies":"Small Slimes","floor":3.0,"turns":3.0},{"damage":6.0,"enemies":"Cultist","floor":5.0,"turns":3.0},{"damage":0.0,"enemies":"2 Fungi Beasts","floor":7.0,"turns":2.0},{"damage":8.0,"enemies":"Red Slaver","floor":11.0,"turns":2.0},{"damage":2.0,"enemies":"3 Louse","floor":12.0,"turns":3.0},{"damage":2.0,"enemies":"Blue Slaver","floor":14.0,"turns":2.0},{"damage":68.0,"enemies":"Slime Boss","floor":16.0,"turns":10.0},{"damage":10.0,"enemies":"2 Thieves","floor":18.0,"turns":4.0},{"damage":10.0,"enemies":"Chosen","floor":20.0,"turns":5.0},{"damage":32,"enemies":"Slavers","floor":23,"turns":4},{"damage":2,"enemies":"3 Cultists","floor":25,"turns":4},{"damage":8,"enemies":"Centurion and Healer","floor":27,"turns":5},{"damage":5,"enemies":"Cultist and Chosen","floor":28,"turns":4},{"damage":16,"enemies":"Sentry and Sphere","floor":31,"turns":4},{"damage":50,"enemies":"Automaton","floor":33,"turns":14},{"damage":4,"enemies":"Orb Walker","floor":35,"turns":3},{"damage":0,"enemies":"3 Shapes","floor":36,"turns":4},{"damage":24,"enemies":"Transient","floor":38,"turns":5},{"damage":101,"enemies":"Nemesis","floor":40,"turns":6}],"seed_played":"2574638146878194707","potions_obtained":[{"floor":3.0,"key":"Explosive Potion"},{"floor":5.0,"key":"Strength Potion"},{"floor":14.0,"key":"SkillPotion"},{"floor":16.0,"key":"Ancient Potion"},{"floor":23,"key":"Strength Potion"},{"floor":28,"key":"SkillPotion"},{"floor":33,"key":"Weak Potion"},{"floor":35,"key":"Dexterity Potion"},{"floor":36,"key":"Regen Potion"}],"is_trial":false,"path_per_floor":["M","$","M","$","M","R","M","R","T","?","M","M","R","M","R","B",null,"M","?","M","?","$","E","R","M","T","M","M","?","$","M","R","B",null,"M","M","$","M","T"],"character_chosen":"IRONCLAD","items_purchased":["Dropkick","LiquidBronze","Shrug It Off"],"campfire_rested":3,"item_purchase_floors":[2,22,30],"current_hp_per_floor":[80,80,80,80,80,80,80,80,80,68,66,70,70,74,80,18,80,76,76,72,72,72,46,70,74,84,82,83,65,65,55,83,39,95,95,95,95,77,77,0],"gold":102,"neow_bonus":"REMOVE_CARD","is_prod":false,"is_daily":false,"chose_seed":false,"campfire_upgraded":3,"win_rate":0,"timestamp":1538498558,"path_taken":["M","$","M","$","M","R","M","R","T","?","M","M","R","M","R","BOSS","M","?","M","?","$","E","R","?","T","M","M","?","$","M","R","BOSS","M","M","$","M","?","E"],"build_version":"2018-09-27","purchased_purges":3,"victory":false,"max_hp_per_floor":[80,80,80,80,80,80,80,80,80,80,80,80,80,80,80,80,80,80,80,80,80,80,80,80,80,90,90,90,95,95,95,95,95,95,95,95,95,95,95,95],"card_choices":[{"not_picked":["Wild Strike","Blood for Blood"],"picked":"Cleave","floor":1.0},{"not_picked":["Whirlwind","Wild Strike","Sword Boomerang"],"picked":"SKIP","floor":3.0},{"not_picked":["Entrench","Disarm","Sword Boomerang"],"picked":"SKIP","floor":5.0},{"not_picked":["Clash","Intimidate","True Grit"],"picked":"SKIP","floor":7.0},{"not_picked":["Armaments","Wild Strike","Combust"],"picked":"SKIP","floor":11.0},{"not_picked":["Perfected Strike","Limit Break","Sentinel"],"picked":"SKIP","floor":12.0},{"not_picked":["Heavy Blade","Rage","Clothesline"],"picked":"SKIP","floor":14.0},{"not_picked":["Clash"],"picked":"SKIP","floor":18.0},{"not_picked":["Iron Wave"],"picked":"SKIP","floor":20.0},{"not_picked":["Rampage"],"picked":"SKIP","floor":23},{"not_picked":["Clash"],"picked":"SKIP","floor":25},{"not_picked":["Thunderclap"],"picked":"SKIP","floor":27},{"not_picked":["Warcry"],"picked":"SKIP","floor":28},{"not_picked":["Power Through"],"picked":"SKIP","floor":31},{"not_picked":["Clash"],"picked":"SKIP","floor":35},{"not_picked":["Battle Trance"],"picked":"SKIP","floor":36},{"not_picked":["Evolve"],"picked":"SKIP","floor":38}],"player_experience":204060,"relics_obtained":[{"floor":9.0,"key":"Paper Frog"},{"floor":23,"key":"Kunai"},{"floor":26,"key":"Pear"},{"floor":39,"key":"Tiny Chest"}],"event_choices":[{"event_name":"Scrap Ooze","player_choice":"success","floor":10.0,"damage_taken":12.0},{"event_name":"Match and Keep!","player_choice":"0 cards matched","floor":19.0,"damage_taken":0.0},{"event_name":"Drug Dealer","player_choice":"Inject Mutagens","floor":21,"damage_taken":0},{"event_name":"Forgotten Altar","player_choice":"Shed Blood","floor":29,"damage_taken":0}],"is_beta":false,"boss_relics":[{"not_picked":["Ectoplasm","Sozu"],"picked":"Busted Crown"},{"not_picked":["Philosopher\u0027s Stone","Runic Cube"],"picked":"White Beast Statue"}],"items_purged_floors":[22,30,37],"is_endless":false,"potions_floor_spawned":[3,5,14,16,23,28,33,35,36,38],"killed_by":"Nemesis","ascension_level":0}