{"gold_per_floor":[366,366,380,66,66,94,113,138,138,151,151,167,177,252,252,355,355,374,289,289,289,307,338,357,357,357,357,387,387,400,400,400,400],"floor_reached":33,"playtime":3484,"items_purged":["Strike_G"],"score":295,"play_id":"69fa77bc-fbc4-488d-a563-876a15db71c7","local_time":"20181211030256","is_ascension_mode":false,"campfire_choices":[{"data":"Terror","floor":11,"key":"SMITH"},{"data":"Blade Dance","floor":15,"key":"SMITH"},{"data":"Finisher","floor":25,"key":"SMITH"},{"floor":27,"key":"RECALL"},{"data":"Well Laid Plans","floor":32,"key":"SMITH"}],"neow_cost":"PERCENT_DAMAGE","seed_source_timestamp":2329011578893090,"circlet_count":0,"master_deck":["Defend_G+1","Defend_G+1","Defend_G+1","Defend_G+1","Defend_G+1","Strike_G+1","Strike_G+1","Strike_G+1","Survivor","Neutralize","Well Laid Plans+1","Predator","Terror+1","Sucker Punch","Blade Dance+1","Bullet Time","PiercingWail+1","Finisher+1","Choke+1","Regret","Blur+1","Distraction+1","Blur+1"],"relics":["Ring of the Snake","Bag of Preparation","Meat on the Bone","Pear","Boot","Regal Pillow","Cursed Key","Toxic Egg 2","Blood Vial","Mercury Hourglass","Lantern","Omamori"],"potions_floor_usage":[6,28,33,33,33,33,33],"damage_taken":[{"damage":16,"enemies":"Jaw Worm","floor":1,"turns":8},{"damage":0,"enemies":"2 Louse","floor":3,"turns":3},{"damage":20,"enemies":"Gremlin Nob","floor":6,"turns":5},{"damage":0,"enemies":"Small Slimes","floor":7,"turns":3},{"damage":29,"enemies":"3 Sentries","floor":8,"turns":17},{"damage":0,"enemies":"Exordium Wildlife","floor":10,"turns":4},{"damage":0,"enemies":"Looter","floor":12,"turns":4},{"damage":0,"enemies":"Red Slaver","floor":13,"turns":3},{"damage":21,"enemies":"The Guardian","floor":16,"turns":15},{"damage":13,"enemies":"2 Thieves","floor":18,"turns":5},{"damage":0,"enemies":"Shell Parasite","floor":22,"turns":3},{"damage":9,"enemies":"Gremlin Leader","floor":23,"turns":6},{"damage":7,"enemies":"Shelled Parasite and Fungi","floor":24,"turns":4},{"damage":31,"enemies":"Book of Stabbing","floor":28,"turns":5},{"damage":2,"enemies":"Centurion and Healer","floor":30,"turns":3},{"damage":58,"enemies":"Champ","floor":33,"turns":12}],"seed_played":"2276279488833941641","potions_obtained":[{"floor":1,"key":"PowerPotion"},{"floor":6,"key":"PowerPotion"},{"floor":8,"key":"EntropicBrew"},{"floor":13,"key":"SpeedPotion"},{"floor":16,"key":"FearPotion"},{"floor":24,"key":"SteroidPotion"},{"floor":30,"key":"Swift Potion"}],"is_trial":false,"path_per_floor":["M","?","M","$","?","E","M","E","T","M","R","M","M","?","R","B",null,"M","?","?","?","M","E","M","R","T","R","E","?","M","?","R","B"],"character_chosen":"THE_SILENT","items_purchased":["Meat on the Bone"],"campfire_rested":0,"item_purchase_floors":[4],"current_hp_per_floor":[33,26,26,26,26,28,40,23,23,35,35,47,47,36,36,27,80,67,67,67,67,69,62,57,57,57,57,40,40,52,52,52,0],"gold":400,"neow_bonus":"TWO_FIFTY_GOLD","is_prod":false,"is_daily":false,"chose_seed":false,"campfire_upgraded":4,"win_rate":1,"timestamp":1544518976,"path_taken":["M","?","M","$","?","E","M","E","T","M","R","M","M","?","R","BOSS","M","?","?","?","?","E","M","R","T","R","E","?","M","?","R","BOSS"],"build_version":"2018-12-06","purchased_purges":1,"victory":false,"max_hp_per_floor":[70,70,70,70,70,80,80,80,80,80,80,80,80,80,80,80,80,80,80,80,80,80,80,80,80,80,80,80,80,80,80,80,80],"card_choices":[{"not_picked":["Backflip","Catalyst"],"picked":"Well Laid Plans","floor":1},{"not_picked":["Riddle With Holes","Prepared"],"picked":"Predator","floor":3},{"not_picked":["Quick Slash","Eviscerate","Predator"],"picked":"SKIP","floor":6},{"not_picked":["Deadly Poison","Deflect"],"picked":"Terror","floor":7},{"not_picked":["Well Laid Plans","Bouncing Flask"],"picked":"Sucker Punch","floor":8},{"not_picked":["Eviscerate","Dagger Spray","Catalyst"],"picked":"SKIP","floor":10},{"not_picked":["Quick Slash","Sucker Punch"],"picked":"Blade Dance","floor":12},{"not_picked":["Quick Slash","Bouncing Flask","Dodge and Roll"],"picked":"SKIP","floor":13},{"not_picked":["Malaise","Burst"],"picked":"Bullet Time","floor":16},{"not_picked":["Tactician","Outmaneuver"],"picked":"PiercingWail+1","floor":18},{"not_picked":["Masterful Stab+1","Deadly Poison+1"],"picked":"Finisher","floor":22},{"not_picked":["Underhanded Strike","Deflect+1","Prepared+1"],"picked":"SKIP","floor":23},{"not_picked":["Dagger Spray","Riddle With Holes"],"picked":"Choke+1","floor":24},{"not_picked":["A Thousand Cuts","Underhanded Strike"],"picked":"Blur+1","floor":28},{"not_picked":["Footwork","Dagger Throw"],"picked":"Distraction+1","floor":30}],"player_experience":72639,"relics_obtained":[{"floor":6,"key":"Pear"},{"floor":8,"key":"Boot"},{"floor":9,"key":"Regal Pillow"},{"floor":23,"key":"Mercury Hourglass"},{"floor":26,"key":"Lantern"},{"floor":28,"key":"Omamori"}],"event_choices":[{"damage_healed":0,"gold_gain":0,"player_choice":"Success","damage_taken":7,"relics_obtained":["Bag of Preparation"],"max_hp_gain":0,"max_hp_loss":0,"event_name":"Scrap Ooze","floor":2,"gold_loss":0},{"cards_removed":["Strike_G"],"damage_healed":0,"gold_gain":0,"player_choice":"Forget","damage_taken":0,"max_hp_gain":0,"max_hp_loss":0,"event_name":"Living Wall","floor":5,"gold_loss":0},{"damage_healed":0,"gold_gain":75,"player_choice":"Gather Gold","damage_taken":11,"max_hp_gain":0,"max_hp_loss":0,"event_name":"World of Goop","floor":14,"gold_loss":0},{"damage_healed":0,"gold_gain":0,"player_choice":"Obtained Relic","damage_taken":0,"relics_obtained":["Toxic Egg 2"],"max_hp_gain":0,"max_hp_loss":0,"event_name":"Addict","floor":19,"gold_loss":85},{"damage_healed":0,"gold_gain":0,"player_choice":"Opened","damage_taken":0,"relics_obtained":["Blood Vial"],"max_hp_gain":0,"max_hp_loss":0,"event_name":"The Mausoleum","floor":20,"gold_loss":0,"cards_obtained":["Writhe"]},{"cards_removed":["Writhe"],"damage_healed":0,"gold_gain":0,"player_choice":"Removed Curses","damage_taken":0,"max_hp_gain":0,"max_hp_loss":0,"event_name":"Fountain of Cleansing","floor":21,"gold_loss":0},{"damage_healed":0,"gold_gain":0,"player_choice":"Simplicity","damage_taken":0,"max_hp_gain":0,"max_hp_loss":0,"event_name":"Back to Basics","floor":29,"gold_loss":0,"cards_upgraded":["Defend_G","Defend_G","Defend_G","Defend_G","Defend_G","Strike_G","Strike_G","Strike_G"]},{"damage_healed":0,"gold_gain":0,"player_choice":"Copied","damage_taken":0,"max_hp_gain":0,"max_hp_loss":0,"event_name":"Duplicator","floor":31,"gold_loss":0,"cards_obtained":["Blur"]}],"is_beta":false,"boss_relics":[{"not_picked":["Coffee Dripper","Astrolabe"],"picked":"Cursed Key"}],"items_purged_floors":[4],"is_endless":false,"potions_floor_spawned":[1,6,8,13,16,23,24,30],"killed_by":"Champ","ascension_level":0}