{"gold_per_floor":[114,131,141,151,70,70,70,70,70,80,12,12,29,39,39,140,140,159,176,176,176,91,91,91,91,118,129,159,176,176,190,190,293,293,309,326,340,78,178,178,196,145,169,187,204,222,242,259,259,259],"floor_reached":51,"playtime":3418,"items_purged":[],"score":792,"play_id":"183b2182-8f1e-4eb2-b0cf-b32b39554f5b","local_time":"20190325021136","is_ascension_mode":false,"campfire_choices":[{"data":"Cleave","floor":6.0,"key":"SMITH"},{"data":"Corruption","floor":8.0,"key":"SMITH"},{"floor":15.0,"key":"REST"},{"floor":23.0,"key":"REST"},{"data":"Flame Barrier","floor":25.0,"key":"SMITH"},{"floor":30.0,"key":"REST"},{"data":"Feel No Pain","floor":32.0,"key":"SMITH"},{"data":"Barricade","floor":40,"key":"SMITH"},{"floor":49,"key":"REST"}],"neow_cost":"NONE","seed_source_timestamp":434332790771728,"circlet_count":0,"master_deck":["Strike_R+1","Strike_R+1","Strike_R+1","Defend_R+1","Defend_R+1","Defend_R+1","Bash","Cleave+1","Pommel Strike","Metallicize","Clothesline","Corruption+1","Battle Trance","Rupture","Burning Pact","Flame Barrier+1","Iron Wave","Demon Form","Armaments+1","Havoc+1","Brutality","Offering","Parasite","Shrug It Off","Warcry","Feel No Pain+1","Barricade+1","Ghostly Armor+1","True Grit","Shrug It Off","True Grit","Armaments","Parasite","Havoc","Power Through+1","Corruption+1","True Grit+1"],"special_seed":0,"relics":["Burning Blood","FossilizedHelix","Cursed Key","Dead Branch","Dream Catcher","Ginger","Black Star","Lee\u0027s Waffle","Art of War"],"potions_floor_usage":[47,47,50],"damage_taken":[{"damage":0.0,"enemies":"2 Louse","floor":1.0,"turns":2.0},{"damage":6.0,"enemies":"Cultist","floor":2.0,"turns":3.0},{"damage":7.0,"enemies":"Small Slimes","floor":3.0,"turns":3.0},{"damage":15.0,"enemies":"Gremlin Gang","floor":4.0,"turns":5.0},{"damage":15.0,"enemies":"2 Fungi Beasts","floor":10.0,"turns":3.0},{"damage":4.0,"enemies":"Blue Slaver","floor":13.0,"turns":4.0},{"damage":15.0,"enemies":"3 Louse","floor":14.0,"turns":3.0},{"damage":61.0,"enemies":"Hexaghost","floor":16.0,"turns":13.0},{"damage":18.0,"enemies":"3 Byrds","floor":18.0,"turns":6.0},{"damage":21.0,"enemies":"Spheric Guardian","floor":19.0,"turns":5.0},{"damage":2.0,"enemies":"Snecko","floor":27.0,"turns":4.0},{"damage":43.0,"enemies":"Slavers","floor":28.0,"turns":3.0},{"damage":17.0,"enemies":"Cultist and Chosen","floor":29.0,"turns":3.0},{"damage":9.0,"enemies":"Shelled Parasite and Fungi","floor":31.0,"turns":5.0},{"damage":16.0,"enemies":"Automaton","floor":33.0,"turns":4.0},{"damage":42.0,"enemies":"3 Darklings","floor":35.0,"turns":8.0},{"damage":6.0,"enemies":"3 Shapes","floor":36.0,"turns":3.0},{"damage":3,"enemies":"Transient","floor":37,"turns":5},{"damage":17,"enemies":"Sphere and 2 Shapes","floor":41,"turns":5},{"damage":13,"enemies":"Spire Growth","floor":44,"turns":5},{"damage":23,"enemies":"Jaw Worm Horde","floor":45,"turns":4},{"damage":45,"enemies":"Writhing Mass","floor":46,"turns":5},{"damage":17,"enemies":"Transient","floor":47,"turns":5},{"damage":0,"enemies":"Sphere and 2 Shapes","floor":48,"turns":3},{"damage":23,"enemies":"Time Eater","floor":50,"turns":7}],"seed_played":"3854671258433888721","potions_obtained":[{"floor":2.0,"key":"BloodPotion"},{"floor":13.0,"key":"Poison Potion"},{"floor":18.0,"key":"Weak Potion"},{"floor":33.0,"key":"GamblersBrew"},{"floor":36.0,"key":"Regen Potion"},{"floor":46,"key":"SkillPotion"}],"is_trial":false,"path_per_floor":["M","M","M","M","$","R","?","R","T","M","$","?","M","M","R","B",null,"M","M","?","?","?","R","?","R","T","M","E","M","R","M","R","B",null,"M","M","M","$","?","R","M","$","T","M","M","M","M","M","R","B",null],"character_chosen":"IRONCLAD","items_purchased":["Corruption","Rupture","Shrug It Off","Lee\u0027s Waffle","Armaments"],"campfire_rested":4,"item_purchase_floors":[5,11,38,38,42],"current_hp_per_floor":[88,88,87,78,78,78,88,88,88,79,79,79,81,72,88,33,88,76,61,61,61,61,87,87,87,87,88,59,48,74,71,71,61,88,52,52,55,95,95,95,84,84,84,77,60,21,24,30,58,41],"gold":259,"neow_bonus":"TEN_PERCENT_HP_BONUS","is_prod":false,"is_daily":false,"chose_seed":false,"campfire_upgraded":5,"win_rate":0,"timestamp":1553476296,"path_taken":["M","M","M","M","$","R","?","R","T","?","$","?","?","M","R","BOSS","M","M","?","?","?","R","?","R","T","M","E","M","R","M","R","BOSS","M","M","M","$","?","R","?","$","T","M","M","M","?","M","R","BOSS"],"build_version":"2019-01-23","purchased_purges":0,"victory":true,"max_hp_per_floor":[88,88,88,88,88,88,88,88,88,88,88,88,88,88,88,88,88,88,88,88,88,88,88,88,88,88,88,88,88,88,88,88,88,88,88,88,88,95,95,95,95,95,95,95,95,95,95,95,95,95],"card_choices":[{"not_picked":["Warcry","Body Slam"],"picked":"Cleave","floor":1.0},{"not_picked":["Sword Boomerang","Havoc"],"picked":"Pommel Strike","floor":2.0},{"not_picked":["Thunderclap","Cleave"],"picked":"Metallicize","floor":3.0},{"not_picked":["Warcry","Ghostly Armor"],"picked":"Clothesline","floor":4.0},{"not_picked":["Clothesline","Anger"],"picked":"Battle Trance","floor":10.0},{"not_picked":["Headbutt","Carnage"],"picked":"Flame Barrier","floor":13.0},{"not_picked":["Exhume","Bloodletting"],"picked":"Iron Wave","floor":14.0},{"not_picked":["Limit Break","Fiend Fire"],"picked":"Demon Form","floor":16.0},{"not_picked":["Inflame","Flex"],"picked":"Armaments+1","floor":18.0},{"not_picked":["True Grit","Thunderclap+1"],"picked":"Havoc+1","floor":19.0},{"not_picked":["Battle Trance+1","Perfected Strike"],"picked":"Shrug It Off","floor":27.0},{"not_picked":["Sever Soul","Flex","Thunderclap"],"picked":"SKIP","floor":28.0},{"not_picked":["Iron Wave","Headbutt"],"picked":"Warcry","floor":29.0},{"not_picked":["Clash","True Grit+1"],"picked":"Feel No Pain","floor":31.0},{"not_picked":["Limit Break","Berserk"],"picked":"Barricade","floor":33.0},{"not_picked":["Inflame","Rampage+1"],"picked":"Ghostly Armor+1","floor":35.0},{"not_picked":["Pommel Strike+1","Sword Boomerang"],"picked":"True Grit","floor":36.0},{"not_picked":["Hemokinesis","Wild Strike+1","Rampage"],"picked":"SKIP","floor":37},{"not_picked":["Flex+1","Carnage"],"picked":"True Grit","floor":41},{"not_picked":["Cleave+1","Clothesline"],"picked":"Havoc","floor":44},{"not_picked":["Cleave+1","Warcry+1"],"picked":"Power Through+1","floor":45},{"not_picked":["Bloodletting","Headbutt","Dark Embrace"],"picked":"SKIP","floor":46},{"not_picked":["Metallicize","Body Slam+1"],"picked":"Corruption+1","floor":47},{"not_picked":["Reckless Charge","Sword Boomerang+1"],"picked":"True Grit+1","floor":48}],"player_experience":407643,"relics_obtained":[{"floor":9.0,"key":"FossilizedHelix"},{"floor":26.0,"key":"Dream Catcher"},{"floor":28.0,"key":"Ginger"},{"floor":43,"key":"Art of War"}],"event_choices":[{"damage_healed":10.0,"max_hp_gain":0.0,"max_hp_loss":0.0,"gold_gain":0.0,"event_name":"Wheel of Change","player_choice":"Full Heal","floor":7.0,"gold_loss":0.0,"damage_taken":0.0},{"damage_healed":0.0,"max_hp_gain":0.0,"max_hp_loss":0.0,"gold_gain":0.0,"cards_transformed":["Strike_R"],"event_name":"Transmorgrifier","player_choice":"Transformed","floor":12.0,"gold_loss":0.0,"damage_taken":0.0,"cards_obtained":["Burning Pact"]},{"damage_healed":0.0,"max_hp_gain":0.0,"max_hp_loss":0.0,"gold_gain":0.0,"cards_transformed":["Strike_R","Defend_R"],"event_name":"Drug Dealer","player_choice":"Became Test Subject","floor":20.0,"gold_loss":0.0,"damage_taken":0.0,"cards_obtained":["Brutality","Offering"]},{"damage_healed":0.0,"max_hp_gain":0.0,"max_hp_loss":0.0,"gold_gain":0.0,"event_name":"Ghosts","player_choice":"Ignored","floor":21.0,"gold_loss":0.0,"damage_taken":0.0},{"damage_healed":0.0,"max_hp_gain":0.0,"max_hp_loss":0.0,"gold_gain":0.0,"event_name":"Addict","player_choice":"Obtained Relic","floor":22.0,"gold_loss":85.0,"damage_taken":0.0,"relics_obtained":["Dead Branch"]},{"damage_healed":0.0,"max_hp_gain":0.0,"max_hp_loss":0.0,"gold_gain":0.0,"event_name":"Back to Basics","player_choice":"Simplicity","floor":24.0,"gold_loss":0.0,"damage_taken":0.0,"cards_upgraded":["Strike_R","Strike_R","Strike_R","Defend_R","Defend_R","Defend_R"]},{"damage_healed":0,"gold_gain":100,"player_choice":"Pray","damage_taken":0,"max_hp_gain":0,"max_hp_loss":0,"event_name":"Golden Shrine","floor":39,"gold_loss":0}],"is_beta":false,"boss_relics":[{"not_picked":["Eternal Feather","Tiny House"],"picked":"Cursed Key"},{"not_picked":["Runic Dome","Black Blood"],"picked":"Black Star"}],"items_purged_floors":[],"is_endless":false,"potions_floor_spawned":[2,13,18,19,33,36,41,45,46],"ascension_level":0}