{"gold_per_floor":[117,117,117,67,86,113,188,188,188,204,216,250,70,83,83,179,179,195,195,195,206,206,206,131,150,150,163,174,184,283,283,283,378,378,388,401,401,401,401,435,454,479,479,509,193,212,212,212,212,212,212,212,29,54,54],"floor_reached":55,"playtime":3685,"items_purged":["Shame","Strike_R"],"score":865,"play_id":"0a221c01-07b4-4624-83a6-94da8bb4e372","local_time":"20190327194853","is_ascension_mode":false,"campfire_choices":[{"data":"Shrug It Off","floor":8,"key":"SMITH"},{"data":"Apotheosis","floor":15,"key":"SMITH"},{"floor":23,"key":"RECALL"},{"floor":32,"key":"REST"},{"floor":47,"key":"REST"},{"floor":49,"key":"REST"},{"floor":52,"key":"REST"}],"neow_cost":"NONE","seed_source_timestamp":32641390084439,"circlet_count":0,"master_deck":["Strike_R","Strike_R","Defend_R","Defend_R","Defend_R+1","Defend_R+1","Bash+1","Shrug It Off+1","Clash","Twin Strike","Anger+1","Warcry","Clothesline","Seeing Red","Demon Form","Apotheosis+1","Dual Wield","Bludgeon","Rampage+1","Spot Weakness","Battle Trance","Battle Trance","Flame Barrier+1","Fiend Fire","Shrug It Off+1","Shrug It Off","Shrug It Off+1","Disarm","Limit Break","Whirlwind","Limit Break","Heavy Blade+1","Offering","Inflame","Disarm+1"],"relics":["Burning Blood","NeowsBlessing","Bronze Scales","Prayer Wheel","Whetstone","Kunai","War Paint","Sozu","Happy Flower","Enchiridion","Bottled Tornado","Fusion Hammer","Darkstone Periapt","Mummified Hand","Bag of Preparation","Ancient Tea Set","Shuriken"],"potions_floor_usage":[27,33],"damage_taken":[{"damage":0,"enemies":"Small Slimes","floor":1,"turns":1},{"damage":0,"enemies":"2 Louse","floor":5,"turns":1},{"damage":0,"enemies":"Gremlin Nob","floor":6,"turns":1},{"damage":1,"enemies":"Jaw Worm","floor":10,"turns":2},{"damage":0,"enemies":"Looter","floor":11,"turns":2},{"damage":25,"enemies":"3 Sentries","floor":12,"turns":7},{"damage":0,"enemies":"Large Slime","floor":14,"turns":4},{"damage":8,"enemies":"Slime Boss","floor":16,"turns":7},{"damage":2,"enemies":"Chosen","floor":18,"turns":3},{"damage":6,"enemies":"Shell Parasite","floor":21,"turns":3},{"damage":12,"enemies":"Shelled Parasite and Fungi","floor":25,"turns":4},{"damage":15,"enemies":"Chosen and Byrds","floor":27,"turns":3},{"damage":0,"enemies":"3 Cultists","floor":28,"turns":3},{"damage":23,"enemies":"Shelled Parasite and Fungi","floor":29,"turns":3},{"damage":15,"enemies":"Champ","floor":33,"turns":6},{"damage":6,"enemies":"3 Darklings","floor":35,"turns":4},{"damage":2,"enemies":"Orb Walker","floor":36,"turns":4},{"damage":14,"enemies":"Reptomancer","floor":40,"turns":5},{"damage":0,"enemies":"Writhing Mass","floor":41,"turns":6},{"damage":4,"enemies":"Giant Head","floor":42,"turns":6},{"damage":0,"enemies":"Reptomancer","floor":44,"turns":6},{"damage":38,"enemies":"3 Darklings","floor":46,"turns":3},{"damage":62,"enemies":"Donu and Deca","floor":50,"turns":6},{"damage":47,"enemies":"Shield and Spear","floor":54,"turns":6},{"damage":55,"enemies":"The Heart","floor":55,"turns":5}],"seed_played":"-6621381711622145537","potions_obtained":[{"floor":5,"key":"FearPotion"},{"floor":10,"key":"SneckoOil"},{"floor":11,"key":"SkillPotion"}],"is_trial":false,"path_per_floor":["M","?","?","?","M","E","?","R","T","M","M","E","$","M","R","B",null,"M","?","?","M","?","R","$","M","T","M","M","M","?","?","R","B",null,"M","M","?","?","?","E","M","E","T","E","$","M","R","?","R","B",null,"R","$","E","B"],"character_chosen":"IRONCLAD","items_purchased":["Apotheosis","Limit Break","Ancient Tea Set","Offering","Inflame"],"campfire_rested":4,"item_purchase_floors":[13,45,45,53,53],"current_hp_per_floor":[80,77,77,77,80,80,69,69,69,74,80,61,61,67,67,65,80,80,65,65,65,49,49,49,43,43,34,40,23,23,23,48,39,85,85,85,85,85,85,77,83,85,85,85,85,53,78,78,85,29,85,85,85,44,0],"gold":54,"neow_bonus":"THREE_ENEMY_KILL","is_prod":false,"is_daily":false,"chose_seed":false,"campfire_upgraded":2,"win_rate":0,"timestamp":1553712533,"path_taken":["M","?","?","?","M","E","?","R","T","M","M","E","$","M","R","BOSS","M","?","?","M","?","R","$","M","T","M","M","?","?","?","R","BOSS","M","M","?","?","?","E","M","E","T","E","$","?","R","?","R","BOSS","R","$","E","BOSS"],"build_version":"2019-01-23","purchased_purges":2,"victory":false,"max_hp_per_floor":[80,80,80,80,80,80,80,80,80,80,80,80,80,80,80,80,80,80,85,85,85,85,85,85,85,85,85,85,85,85,85,85,85,85,85,85,85,85,85,85,85,85,85,85,85,85,85,85,85,85,85,85,85,85,85],"card_choices":[{"not_picked":["Pommel Strike","Bloodletting"],"picked":"Shrug It Off","floor":1},{"not_picked":["Twin Strike","Pommel Strike"],"picked":"Clash","floor":5},{"not_picked":["Hemokinesis","Headbutt"],"picked":"Twin Strike","floor":5},{"not_picked":["True Grit","Flex"],"picked":"Anger","floor":6},{"not_picked":["Perfected Strike","Clash"],"picked":"Warcry","floor":10},{"not_picked":["Heavy Blade","Impervious"],"picked":"Clothesline","floor":10},{"not_picked":["Anger","Perfected Strike"],"picked":"Seeing Red","floor":11},{"not_picked":["Clothesline","Fire Breathing","Searing Blow"],"picked":"SKIP","floor":11},{"not_picked":["Disarm","Cleave"],"picked":"Demon Form","floor":12},{"not_picked":["Body Slam","Perfected Strike"],"picked":"Dual Wield","floor":14},{"not_picked":["Iron Wave","Flex","Body Slam"],"picked":"SKIP","floor":14},{"not_picked":["Impervious","Demon Form"],"picked":"Bludgeon","floor":16},{"not_picked":["True Grit+1","Perfected Strike+1"],"picked":"Rampage+1","floor":18},{"not_picked":["Flex","Pummel","Clash"],"picked":"SKIP","floor":18},{"not_picked":["Fire Breathing","Headbutt"],"picked":"Spot Weakness","floor":21},{"not_picked":["Body Slam","Headbutt","Cleave"],"picked":"SKIP","floor":21},{"not_picked":["Intimidate","Shrug It Off+1"],"picked":"Battle Trance","floor":25},{"not_picked":["Reckless Charge+1","Metallicize","Power Through"],"picked":"SKIP","floor":25},{"not_picked":["Thunderclap","Fire Breathing"],"picked":"Battle Trance","floor":27},{"not_picked":["Cleave","Thunderclap","Body Slam"],"picked":"SKIP","floor":27},{"not_picked":["Clothesline+1","Ghostly Armor","Sword Boomerang+1"],"picked":"SKIP","floor":28},{"not_picked":["Juggernaut","Thunderclap","Flex+1"],"picked":"SKIP","floor":28},{"not_picked":["Clash+1","Dropkick+1"],"picked":"Flame Barrier+1","floor":29},{"not_picked":["Intimidate","Warcry","Perfected Strike"],"picked":"SKIP","floor":29},{"not_picked":["Barricade","Dark Embrace"],"picked":"Fiend Fire","floor":33},{"not_picked":["Bloodletting+1","Dual Wield+1"],"picked":"Shrug It Off+1","floor":35},{"not_picked":["Anger+1","Thunderclap"],"picked":"Shrug It Off","floor":35},{"not_picked":["Armaments+1","Sever Soul","Flex+1"],"picked":"SKIP","floor":36},{"not_picked":["Thunderclap+1","Rupture","Body Slam+1"],"picked":"SKIP","floor":36},{"not_picked":["Demon Form","Cleave+1"],"picked":"Shrug It Off+1","floor":40},{"not_picked":["Perfected Strike+1","Body Slam"],"picked":"Disarm","floor":41},{"not_picked":["Sword Boomerang+1","Metallicize","Burning Pact"],"picked":"SKIP","floor":41},{"not_picked":["Carnage+1","Juggernaut"],"picked":"Limit Break","floor":42},{"not_picked":["Iron Wave","Thunderclap+1"],"picked":"Whirlwind","floor":44},{"not_picked":["Inflame+1","Pommel Strike+1"],"picked":"Heavy Blade+1","floor":46},{"not_picked":["Headbutt","Thunderclap","True Grit+1"],"picked":"SKIP","floor":46},{"not_picked":["Flex+1","Clash"],"picked":"Disarm+1","floor":54}],"player_experience":93449,"relics_obtained":[{"floor":6,"key":"Whetstone"},{"floor":9,"key":"Kunai"},{"floor":12,"key":"War Paint"},{"floor":22,"key":"Enchiridion"},{"floor":26,"key":"Bottled Tornado"},{"floor":40,"key":"Darkstone Periapt"},{"floor":42,"key":"Mummified Hand"},{"floor":44,"key":"Bag of Preparation"},{"floor":54,"key":"Shuriken"}],"event_choices":[{"damage_healed":0,"gold_gain":0,"player_choice":"Success","damage_taken":3,"relics_obtained":["Bronze Scales"],"max_hp_gain":0,"max_hp_loss":0,"event_name":"Scrap Ooze","floor":2,"gold_loss":0},{"damage_healed":0,"gold_gain":0,"player_choice":"Box","damage_taken":0,"relics_obtained":["Prayer Wheel"],"max_hp_gain":0,"max_hp_loss":0,"event_name":"Big Fish","floor":3,"gold_loss":0,"cards_obtained":["Regret"]},{"cards_removed":["Regret"],"damage_healed":0,"gold_gain":0,"player_choice":"Card Removal","damage_taken":0,"max_hp_gain":0,"max_hp_loss":0,"event_name":"The Cleric","floor":4,"gold_loss":50},{"damage_healed":0,"gold_gain":75,"player_choice":"Gather Gold","damage_taken":11,"max_hp_gain":0,"max_hp_loss":0,"event_name":"World of Goop","floor":7,"gold_loss":0},{"damage_healed":0,"gold_gain":0,"player_choice":"Shed Blood","damage_taken":20,"max_hp_gain":5,"max_hp_loss":0,"event_name":"Forgotten Altar","floor":19,"gold_loss":0},{"damage_healed":0,"gold_gain":0,"player_choice":"Stole Relic","damage_taken":0,"relics_obtained":["Happy Flower"],"max_hp_gain":0,"max_hp_loss":0,"event_name":"Addict","floor":20,"gold_loss":0,"cards_obtained":["Shame"]},{"damage_healed":0,"gold_gain":0,"player_choice":"Obtained Book","damage_taken":16,"max_hp_gain":0,"max_hp_loss":0,"event_name":"Cursed Tome","floor":22,"gold_loss":0},{"damage_healed":0,"gold_gain":99,"player_choice":"Stole From Cult","damage_taken":0,"max_hp_gain":0,"max_hp_loss":0,"event_name":"Nest","floor":30,"gold_loss":0},{"cards_removed":["Strike_R"],"damage_healed":0,"gold_gain":0,"player_choice":"Elegance","damage_taken":0,"max_hp_gain":0,"max_hp_loss":0,"event_name":"Back to Basics","floor":31,"gold_loss":0},{"damage_healed":0,"gold_gain":0,"player_choice":"Ignored","damage_taken":0,"max_hp_gain":0,"max_hp_loss":0,"event_name":"Mysterious Sphere","floor":37,"gold_loss":0},{"damage_healed":0,"gold_gain":0,"player_choice":"Ignored","damage_taken":0,"max_hp_gain":0,"max_hp_loss":0,"event_name":"Tomb of Lord Red Mask","floor":38,"gold_loss":0},{"cards_removed":["Strike_R"],"damage_healed":0,"gold_gain":0,"player_choice":"Card Removal","damage_taken":0,"max_hp_gain":0,"max_hp_loss":0,"event_name":"Wheel of Change","floor":39,"gold_loss":0},{"damage_healed":0,"gold_gain":0,"player_choice":"Bought 0 Potions","damage_taken":0,"max_hp_gain":0,"max_hp_loss":0,"event_name":"The Woman in Blue","floor":48,"gold_loss":0}],"is_beta":false,"boss_relics":[{"not_picked":["Runic Pyramid","Eternal Feather"],"picked":"Sozu"},{"not_picked":["Astrolabe","Lizard Tail"],"picked":"Fusion Hammer"}],"items_purged_floors":[24,45],"is_endless":false,"potions_floor_spawned":[5,10,11,25,29,33,36,40,44,46,54],"killed_by":"The Heart","ascension_level":0}