{"gold_per_floor":[147,147,147,161,185,185,206,206,206,227,242,262,287,307,307,427,427,440,29,43,142,142,142,0,23,23,43,61,61,104,122,122,122],"floor_reached":33,"playtime":795,"items_purged":[],"score":311,"play_id":"f19f4416-1882-41d2-b54f-4498ae0f2543","local_time":"20190318231909","is_ascension_mode":false,"campfire_choices":[{"data":"Twin Strike","floor":6,"key":"SMITH"},{"data":"Sword Boomerang","floor":8,"key":"SMITH"},{"data":"Twin Strike","floor":15,"key":"SMITH"},{"floor":23,"key":"REST"},{"floor":29,"key":"REST"},{"floor":32,"key":"REST"}],"neow_cost":"NONE","seed_source_timestamp":295574536528371,"circlet_count":0,"master_deck":["Strike_R","Strike_R","Strike_R","Strike_R","Strike_R","Defend_R","Defend_R","Defend_R","Defend_R","Bash+1","Twin Strike+1","Flex","Sword Boomerang+1","Twin Strike","Pommel Strike","Twin Strike+1","Thunderclap","Double Tap","Cleave","Pommel Strike","Heavy Blade","Dropkick","Uppercut+1","Shrug It Off","Shrug It Off","Offering","Sword Boomerang","Thunderclap"],"relics":["Burning Blood","Tiny Chest","Golden Idol","Dream Catcher","Gremlin Horn","White Beast Statue","Lantern","MealTicket","Enchiridion","Strawberry","Matryoshka","Meat on the Bone"],"potions_floor_usage":[16,16,18,27,28,28,30,33,33,33],"damage_taken":[{"damage":2,"enemies":"Small Slimes","floor":1,"turns":5},{"damage":1,"enemies":"Jaw Worm","floor":4,"turns":3},{"damage":0,"enemies":"Cultist","floor":7,"turns":2},{"damage":2,"enemies":"Exordium Wildlife","floor":10,"turns":2},{"damage":0,"enemies":"Looter","floor":11,"turns":4},{"damage":8,"enemies":"2 Fungi Beasts","floor":12,"turns":3},{"damage":2,"enemies":"Large Slime","floor":13,"turns":4},{"damage":9,"enemies":"Gremlin Gang","floor":14,"turns":3},{"damage":0,"enemies":"Slime Boss","floor":16,"turns":4},{"damage":1,"enemies":"Chosen","floor":18,"turns":4},{"damage":19,"enemies":"Shell Parasite","floor":20,"turns":3},{"damage":40,"enemies":"Shelled Parasite and Fungi","floor":27,"turns":5},{"damage":2,"enemies":"Sentry and Sphere","floor":28,"turns":3},{"damage":28,"enemies":"Book of Stabbing","floor":30,"turns":4},{"damage":18,"enemies":"Centurion and Healer","floor":31,"turns":4},{"damage":78,"enemies":"Automaton","floor":33,"turns":8}],"seed_played":"3279127936512915460","potions_obtained":[{"floor":7,"key":"Strength Potion"},{"floor":12,"key":"SpeedPotion"},{"floor":13,"key":"EssenceOfSteel"},{"floor":14,"key":"LiquidBronze"},{"floor":16,"key":"EssenceOfSteel"},{"floor":18,"key":"SteroidPotion"},{"floor":20,"key":"GamblersBrew"},{"floor":27,"key":"Block Potion"},{"floor":28,"key":"FearPotion"},{"floor":30,"key":"LiquidBronze"},{"floor":31,"key":"BloodPotion"}],"is_trial":false,"path_per_floor":["M","?","?","M","T","R","M","R","T","M","M","M","M","M","R","B",null,"M","$","M","?","?","R","?","T","T","M","M","R","E","M","R","B"],"character_chosen":"IRONCLAD","items_purchased":["Lantern","Pommel Strike","MealTicket"],"campfire_rested":3,"item_purchase_floors":[19,19,19],"current_hp_per_floor":[80,80,74,74,74,74,74,74,74,74,74,72,74,71,71,74,74,74,74,61,61,45,67,67,74,74,40,44,68,46,46,70,0],"gold":122,"neow_bonus":"RANDOM_COMMON_RELIC","is_prod":false,"is_daily":false,"chose_seed":false,"campfire_upgraded":3,"win_rate":0,"timestamp":1552947549,"path_taken":["M","?","?","M","?","R","M","R","T","M","M","M","M","M","R","BOSS","M","$","?","?","?","R","?","?","T","?","M","R","E","M","R","BOSS"],"build_version":"2019-01-23","purchased_purges":0,"victory":false,"max_hp_per_floor":[80,80,74,74,74,74,74,74,74,74,74,74,74,74,74,74,74,74,74,74,74,74,74,74,81,81,81,81,81,81,81,81,81],"card_choices":[{"not_picked":["True Grit","Rampage"],"picked":"Twin Strike","floor":1},{"not_picked":["Metallicize","Second Wind"],"picked":"Flex","floor":4},{"not_picked":["Warcry","Havoc"],"picked":"Sword Boomerang","floor":7},{"not_picked":["Hemokinesis","Havoc"],"picked":"Twin Strike","floor":10},{"not_picked":["Havoc","Feel No Pain","Rage"],"picked":"SKIP","floor":11},{"not_picked":["Wild Strike","Shrug It Off"],"picked":"Pommel Strike","floor":12},{"not_picked":["Armaments","Bloodletting"],"picked":"Twin Strike","floor":13},{"not_picked":["Flex","Body Slam"],"picked":"Thunderclap","floor":14},{"not_picked":["Berserk","Juggernaut"],"picked":"Double Tap","floor":16},{"not_picked":["Inflame","Dual Wield"],"picked":"Cleave","floor":18},{"not_picked":["Warcry","Clash"],"picked":"Heavy Blade","floor":20},{"not_picked":["True Grit+1","Corruption"],"picked":"Dropkick","floor":23},{"not_picked":["Combust","Feel No Pain"],"picked":"Uppercut+1","floor":27},{"not_picked":["Hemokinesis","Clash"],"picked":"Shrug It Off","floor":28},{"not_picked":["Headbutt","Armaments+1"],"picked":"Shrug It Off","floor":29},{"not_picked":["Wild Strike","Dropkick"],"picked":"Offering","floor":30},{"not_picked":["Warcry+1","Intimidate"],"picked":"Sword Boomerang","floor":31},{"not_picked":["Havoc","Body Slam"],"picked":"Thunderclap","floor":32}],"player_experience":308157,"relics_obtained":[{"floor":5,"key":"Dream Catcher"},{"floor":9,"key":"Gremlin Horn"},{"floor":22,"key":"Enchiridion"},{"floor":25,"key":"Strawberry"},{"floor":26,"key":"Matryoshka"},{"floor":30,"key":"Meat on the Bone"}],"event_choices":[{"damage_healed":0,"gold_gain":0,"player_choice":"Grow","damage_taken":0,"max_hp_gain":0,"max_hp_loss":0,"event_name":"Living Wall","floor":2,"gold_loss":0,"cards_upgraded":["Bash"]},{"damage_healed":0,"gold_gain":0,"player_choice":"Lose Max HP","damage_taken":0,"relics_obtained":["Golden Idol"],"max_hp_gain":0,"max_hp_loss":6,"event_name":"Golden Idol","floor":3,"gold_loss":0},{"damage_healed":0,"gold_gain":99,"player_choice":"Stole From Cult","damage_taken":0,"max_hp_gain":0,"max_hp_loss":0,"event_name":"Nest","floor":21,"gold_loss":0},{"damage_healed":0,"gold_gain":0,"player_choice":"Obtained Book","damage_taken":16,"max_hp_gain":0,"max_hp_loss":0,"event_name":"Cursed Tome","floor":22,"gold_loss":0},{"damage_healed":0,"gold_gain":0,"player_choice":"Paid Fearfully","damage_taken":0,"max_hp_gain":0,"max_hp_loss":0,"event_name":"Masked Bandits","floor":24,"gold_loss":142}],"is_beta":false,"boss_relics":[{"not_picked":["Velvet Choker","Orrery"],"picked":"White Beast Statue"}],"items_purged_floors":[],"is_endless":false,"potions_floor_spawned":[7,12,13,14,16,18,20,27,28,30,31],"killed_by":"Automaton","ascension_level":0}