{"gold_per_floor":[19,36,53,53,23,23,37,37,37,88,119,119,144,158,158,282,282,302,302,80,179,79,79],"floor_reached":23,"playtime":1270,"items_purged":[],"score":189,"play_id":"6d7b1b22-fecd-430a-8fe7-06e3c5cb3710","local_time":"20190323181729","is_ascension_mode":false,"campfire_choices":[{"data":"Footwork","floor":6,"key":"SMITH"},{"floor":12,"key":"REST"},{"data":"Escape Plan","floor":15,"key":"SMITH"}],"neow_cost":"NO_GOLD","seed_source_timestamp":322075205271825,"circlet_count":0,"master_deck":["Defend_G","Defend_G","Defend_G","Defend_G","Defend_G","Strike_G","Strike_G","Strike_G","Strike_G","Strike_G","Survivor","Neutralize","Footwork+1","Dagger Throw","Escape Plan","Injury","Deflect","Dodge and Roll","Escape Plan+1","Glass Knife","Backflip","Dash","Flechettes","Footwork","Dagger Throw"],"special_seed":0,"relics":["Ring of the Snake","Incense Burner","Golden Idol","Boot","Bag of Marbles","Singing Bowl","Velvet Choker","Omamori"],"potions_floor_usage":[14,16],"damage_taken":[{"damage":4,"enemies":"2 Louse","floor":1,"turns":4},{"damage":1,"enemies":"Jaw Worm","floor":2,"turns":5},{"damage":0,"enemies":"Cultist","floor":3,"turns":4},{"damage":3,"enemies":"Looter","floor":5,"turns":4},{"damage":0,"enemies":"Exordium Wildlife","floor":7,"turns":7},{"damage":16,"enemies":"Gremlin Nob","floor":11,"turns":6},{"damage":6,"enemies":"Large Slime","floor":13,"turns":10},{"damage":2,"enemies":"Lots of Slimes","floor":14,"turns":5},{"damage":70,"enemies":"Slime Boss","floor":16,"turns":31},{"damage":0,"enemies":"3 Byrds","floor":18,"turns":6},{"damage":77,"enemies":"Gremlin Leader","floor":23,"turns":11}],"seed_played":"7916904844639206177","potions_obtained":[{"floor":1,"key":"Energy Potion"},{"floor":11,"key":"Swift Potion"},{"floor":13,"key":"Regen Potion"}],"is_trial":false,"path_per_floor":["M","M","M","?","M","R","M","?","T","T","E","R","M","M","R","B",null,"M","?","$","?","$","E"],"character_chosen":"THE_SILENT","items_purchased":["Omamori","Flechettes","Footwork","Dagger Throw"],"campfire_rested":1,"item_purchase_floors":[20,20,22,22],"current_hp_per_floor":[66,65,65,65,62,62,62,62,62,62,46,67,63,74,74,4,74,74,74,74,74,74,0],"gold":79,"neow_bonus":"ONE_RARE_RELIC","is_prod":false,"is_daily":false,"chose_seed":false,"campfire_upgraded":2,"win_rate":0.0,"timestamp":1553361449,"path_taken":["M","M","M","?","M","R","M","?","T","?","E","R","M","M","R","BOSS","M","?","$","?","$","E"],"build_version":"2019-01-23","purchased_purges":0,"victory":false,"max_hp_per_floor":[70,70,70,70,70,70,70,70,70,70,70,70,72,74,74,74,74,74,74,74,74,74,74],"card_choices":[{"not_picked":["Slice","Finisher"],"picked":"Footwork","floor":1},{"not_picked":["Acrobatics","Blade Dance"],"picked":"Dagger Throw","floor":2},{"not_picked":["Eviscerate","Predator"],"picked":"Escape Plan","floor":3},{"not_picked":["Underhanded Strike","Expertise"],"picked":"Deflect","floor":5},{"not_picked":["Skewer","Blade Dance"],"picked":"Dodge and Roll","floor":7},{"not_picked":["Deadly Poison","Heel Hook"],"picked":"Escape Plan","floor":11},{"not_picked":["Prepared","Bane","Storm of Steel"],"picked":"Singing Bowl","floor":13},{"not_picked":["Dagger Spray","PiercingWail","Prepared"],"picked":"Singing Bowl","floor":14},{"not_picked":["Grand Finale","Night Terror"],"picked":"Glass Knife","floor":16},{"not_picked":["Outmaneuver","Underhanded Strike+1"],"picked":"Backflip","floor":18}],"player_experience":372084,"relics_obtained":[{"floor":9,"key":"Boot"},{"floor":10,"key":"Bag of Marbles"},{"floor":11,"key":"Singing Bowl"}],"event_choices":[{"damage_healed":0,"gold_gain":0,"player_choice":"Take Wound","damage_taken":0,"relics_obtained":["Golden Idol"],"max_hp_gain":0,"max_hp_loss":0,"event_name":"Golden Idol","floor":4,"gold_loss":0,"cards_obtained":["Injury"]},{"damage_healed":0,"gold_gain":0,"player_choice":"Ignored","damage_taken":0,"max_hp_gain":0,"max_hp_loss":0,"event_name":"Liars Game","floor":8,"gold_loss":0},{"damage_healed":0,"gold_gain":0,"player_choice":"Read","damage_taken":0,"max_hp_gain":0,"max_hp_loss":0,"event_name":"The Library","floor":19,"gold_loss":0,"cards_obtained":["Dash"]},{"damage_healed":0,"gold_gain":99,"player_choice":"Stole From Cult","damage_taken":0,"max_hp_gain":0,"max_hp_loss":0,"event_name":"Nest","floor":21,"gold_loss":0}],"is_beta":false,"boss_relics":[{"not_picked":["Empty Cage","HoveringKite"],"picked":"Velvet Choker"}],"items_purged_floors":[],"is_endless":false,"potions_floor_spawned":[1,11,13],"killed_by":"Gremlin Leader","ascension_level":0}