{"gold_per_floor":[215,14,24,44,72,72,100,110,135,151,2,15,33,33,33,133,133,88,88,88,88,88,88,88,88,88,88,88,88,88,88,88,88,88,88,88,88,88,88,88,88,88,88,64,64,64,64,64,64,64],"floor_reached":51,"playtime":3325,"items_purged":[],"score":889,"play_id":"23ec31d0-1c8b-417e-a870-56f0d8f99a6d","local_time":"20180930212610","is_ascension_mode":false,"campfire_choices":[{"data":"Wild Strike","floor":6.0,"key":"SMITH"},{"data":"True Grit","floor":15.0,"key":"SMITH"},{"data":"RitualDagger","floor":23.0,"key":"SMITH"},{"data":"Perfected Strike","floor":25.0,"key":"SMITH"},{"data":"Cleave","floor":29.0,"key":"SMITH"},{"floor":32.0,"key":"REST"},{"floor":42,"key":"REST"},{"floor":47,"key":"REST"},{"floor":49,"key":"REST"}],"neow_cost":"NONE","seed_source_timestamp":0,"circlet_count":0,"master_deck":["Strike_R","Strike_R","Strike_R","Strike_R","Strike_R","Defend_R","Defend_R","Defend_R","Defend_R","Bash","Pommel Strike","Sword Boomerang","Headbutt","Wild Strike+1","Pommel Strike","True Grit+1","Wild Strike","Twin Strike","Shrug It Off","RitualDagger+1","Headbutt+1","Perfected Strike+1","Cleave+1","Pommel Strike+1","Pommel Strike","Perfected Strike","True Grit+1","Wild Strike+1","Perfected Strike+1","Shrug It Off+1","Wild Strike+1","Perfected Strike","Armaments+1","Pommel Strike","Cleave+1","Iron Wave+1","Wild Strike+1","Armaments+1"],"special_seed":0,"relics":["Burning Blood","Toolbox","Blood Vial","Pen Nib","Dream Catcher","Strawberry","Ectoplasm","Meat on the Bone","Smiling Mask","Runic Cube","Charon\u0027s Ashes","StoneCalendar","Sundial","Ice Cream"],"potions_floor_usage":[33,33,39,40,46,50,50],"damage_taken":[{"damage":6.0,"enemies":"Cultist","floor":1.0,"turns":3.0},{"damage":0.0,"enemies":"2 Louse","floor":3.0,"turns":2.0},{"damage":6.0,"enemies":"Jaw Worm","floor":4.0,"turns":3.0},{"damage":10.0,"enemies":"Looter","floor":5.0,"turns":3.0},{"damage":26.0,"enemies":"Lagavulin","floor":7.0,"turns":5.0},{"damage":7.0,"enemies":"Gremlin Gang","floor":8.0,"turns":3.0},{"damage":11.0,"enemies":"Large Slime","floor":10.0,"turns":5.0},{"damage":2.0,"enemies":"Blue Slaver","floor":12.0,"turns":2.0},{"damage":6.0,"enemies":"3 Louse","floor":13.0,"turns":2.0},{"damage":47.0,"enemies":"Slime Boss","floor":16.0,"turns":10.0},{"damage":11.0,"enemies":"2 Thieves","floor":18.0,"turns":3.0},{"damage":2.0,"enemies":"Spheric Guardian","floor":20.0,"turns":3.0},{"damage":10.0,"enemies":"Chosen and Byrds","floor":21.0,"turns":4.0},{"damage":0.0,"enemies":"Snecko","floor":22.0,"turns":2.0},{"damage":28.0,"enemies":"Shelled Parasite and Fungi","floor":24.0,"turns":4.0},{"damage":1.0,"enemies":"Chosen and Byrds","floor":27.0,"turns":3.0},{"damage":0.0,"enemies":"Snake Plant","floor":28.0,"turns":1.0},{"damage":28.0,"enemies":"Book of Stabbing","floor":30.0,"turns":3.0},{"damage":0.0,"enemies":"Snecko","floor":31.0,"turns":1.0},{"damage":58,"enemies":"Automaton","floor":33,"turns":6},{"damage":15,"enemies":"3 Shapes","floor":35,"turns":3},{"damage":16,"enemies":"3 Darklings","floor":36,"turns":3},{"damage":8,"enemies":"4 Shapes","floor":37,"turns":3},{"damage":0,"enemies":"Spire Growth","floor":38,"turns":2},{"damage":11,"enemies":"3 Darklings","floor":39,"turns":3},{"damage":10,"enemies":"2 Orb Walkers","floor":40,"turns":2},{"damage":24,"enemies":"Mind Bloom Boss Battle","floor":41,"turns":4},{"damage":40,"enemies":"Nemesis","floor":46,"turns":5},{"damage":13,"enemies":"Reptomancer","floor":48,"turns":2},{"damage":43,"enemies":"Time Eater","floor":50,"turns":4}],"seed_played":"-1404481423294320820","potions_obtained":[{"floor":3.0,"key":"Poison Potion"},{"floor":4.0,"key":"SteroidPotion"},{"floor":7.0,"key":"Poison Potion"},{"floor":13.0,"key":"Ancient Potion"},{"floor":16.0,"key":"Poison Potion"},{"floor":18.0,"key":"Explosive Potion"},{"floor":22.0,"key":"Explosive Potion"},{"floor":24.0,"key":"PowerPotion"},{"floor":31.0,"key":"Fire Potion"},{"floor":33,"key":"Poison Potion"},{"floor":37,"key":"Regen Potion"},{"floor":38,"key":"EssenceOfSteel"},{"floor":41,"key":"Weak Potion"},{"floor":46,"key":"Explosive Potion"},{"floor":48,"key":"PowerPotion"}],"is_trial":false,"path_per_floor":["M","$","M","M","M","R","E","M","T","M","$","M","M","?","R","B",null,"M","?","M","M","M","R","M","R","T","M","M","R","E","M","R","B",null,"M","M","M","M","M","E","?","R","T","$","?","E","R","M","R","B"],"character_chosen":"IRONCLAD","items_purchased":["Toolbox","Dream Catcher","Pommel Strike"],"campfire_rested":4,"item_purchase_floors":[2,11,44],"current_hp_per_floor":[80,80,80,80,76,76,56,57,57,54,54,60,62,69,69,30,87,82,76,82,80,87,87,65,65,65,72,80,80,60,68,87,47,87,78,70,70,78,80,78,62,87,87,87,87,53,79,74,87,50],"gold":64,"neow_bonus":"HUNDRED_GOLD","is_prod":false,"is_daily":false,"chose_seed":false,"campfire_upgraded":5,"win_rate":0,"timestamp":1538335570,"path_taken":["M","$","M","M","M","R","E","M","T","M","$","M","M","?","R","BOSS","M","?","M","M","M","R","M","R","T","M","M","R","E","M","R","BOSS","M","M","M","?","M","E","?","R","T","$","?","E","R","M","R","BOSS"],"build_version":"2018-09-27","purchased_purges":0,"victory":true,"max_hp_per_floor":[80,80,80,80,80,80,80,80,80,80,80,80,80,87,87,87,87,87,87,87,87,87,87,87,87,87,87,87,87,87,87,87,87,87,87,87,87,87,87,87,87,87,87,87,87,87,87,87,87,87],"card_choices":[{"not_picked":["Thunderclap","Twin Strike"],"picked":"Pommel Strike","floor":1.0},{"not_picked":["Body Slam","Evolve"],"picked":"Sword Boomerang","floor":3.0},{"not_picked":["Clothesline","Infernal Blade"],"picked":"Headbutt","floor":4.0},{"not_picked":["Armaments","Body Slam"],"picked":"Wild Strike","floor":5.0},{"not_picked":["Heavy Blade","Double Tap"],"picked":"Pommel Strike","floor":7.0},{"not_picked":["Infernal Blade","Uppercut","Heavy Blade"],"picked":"SKIP","floor":8.0},{"not_picked":["Uppercut","Sever Soul"],"picked":"True Grit","floor":10.0},{"not_picked":["Clash","Headbutt"],"picked":"Wild Strike","floor":12.0},{"not_picked":["Sword Boomerang","Body Slam"],"picked":"Twin Strike","floor":13.0},{"not_picked":["Bloodletting","Flex"],"picked":"Shrug It Off","floor":18.0},{"not_picked":["Warcry","Heavy Blade"],"picked":"Headbutt+1","floor":20.0},{"not_picked":["Armaments","Flex"],"picked":"Perfected Strike","floor":21.0},{"not_picked":["Power Through","Entrench"],"picked":"Cleave","floor":22.0},{"not_picked":["Hemokinesis","Power Through","Immolate"],"picked":"SKIP","floor":24.0},{"not_picked":["Cleave+1","Flex"],"picked":"Pommel Strike+1","floor":27.0},{"not_picked":["Heavy Blade","Infernal Blade+1"],"picked":"Pommel Strike","floor":28.0},{"not_picked":["Clothesline+1","Burning Pact"],"picked":"Perfected Strike","floor":30.0},{"not_picked":["Havoc","Ghostly Armor"],"picked":"True Grit+1","floor":31.0},{"not_picked":["Iron Wave","Inflame"],"picked":"Wild Strike+1","floor":32.0},{"not_picked":["Wild Strike","Evolve"],"picked":"Perfected Strike+1","floor":35},{"not_picked":["Body Slam","Iron Wave+1"],"picked":"Shrug It Off+1","floor":36},{"not_picked":["Power Through+1","Reckless Charge"],"picked":"Wild Strike+1","floor":37},{"not_picked":["Barricade","Warcry+1"],"picked":"Perfected Strike","floor":38},{"not_picked":["Anger+1","Sword Boomerang"],"picked":"Armaments+1","floor":39},{"not_picked":["Reaper","Heavy Blade+1","Anger+1"],"picked":"SKIP","floor":40},{"not_picked":["Demon Form","Fire Breathing+1"],"picked":"Cleave+1","floor":46},{"not_picked":["Rupture","Sentinel+1"],"picked":"Iron Wave+1","floor":47},{"not_picked":["Rage+1","Second Wind"],"picked":"Wild Strike+1","floor":48},{"not_picked":["Heavy Blade","Cleave"],"picked":"Armaments+1","floor":49}],"player_experience":186685,"relics_obtained":[{"floor":7.0,"key":"Blood Vial"},{"floor":9.0,"key":"Pen Nib"},{"floor":26.0,"key":"Meat on the Bone"},{"floor":30.0,"key":"Smiling Mask"},{"floor":40,"key":"Charon\u0027s Ashes"},{"floor":41,"key":"StoneCalendar"},{"floor":43,"key":"Sundial"},{"floor":46,"key":"Ice Cream"}],"event_choices":[{"event_name":"WeMeetAgain","player_choice":"Potion","floor":14.0,"damage_taken":0.0},{"event_name":"Nest","player_choice":"Joined the Cult","floor":19.0,"damage_taken":0.0},{"event_name":"MindBloom","player_choice":"Fight","floor":41,"damage_taken":0},{"event_name":"FaceTrader","player_choice":"Leave","floor":45,"damage_taken":0}],"is_beta":false,"boss_relics":[{"not_picked":["Philosopher\u0027s Stone","Fusion Hammer"],"picked":"Ectoplasm"},{"not_picked":["Busted Crown","Cursed Key"],"picked":"Runic Cube"}],"items_purged_floors":[],"is_endless":false,"potions_floor_spawned":[3,4,7,13,16,18,22,24,31,33,37,38,41,46,48],"ascension_level":0}