{"gold_per_floor":[213,213,230,45,58,83,101,101,101,101,131,131,150,168,168,273,273,286,211,224,124,138,138],"floor_reached":23,"playtime":1979,"items_purged":["Strike_R","Strike_R"],"score":276,"play_id":"9d04b000-245b-49d2-aa89-2169b348ca07","local_time":"20190131161827","is_ascension_mode":true,"campfire_choices":[{"data":"Limit Break","floor":8,"key":"SMITH"},{"data":"Warcry","floor":10,"key":"SMITH"},{"data":"Heavy Blade","floor":12,"key":"SMITH"},{"floor":15,"key":"REST"}],"neow_cost":"NONE","seed_source_timestamp":22309033021175,"circlet_count":0,"master_deck":["Strike_R","Strike_R","Strike_R","Defend_R","Defend_R","Defend_R","Defend_R","Bash","Spot Weakness","Warcry+1","Limit Break+1","Heavy Blade+1","Heavy Blade","Heavy Blade","Warcry","Feed","Warcry","Headbutt","Heavy Blade","True Grit","True Grit+1"],"relics":["Burning Blood","Shovel","Gremlin Horn","Bottled Lightning","Orrery"],"potions_floor_usage":[3,11,16,18,18,23],"damage_taken":[{"damage":11,"enemies":"Small Slimes","floor":1,"turns":5},{"damage":1,"enemies":"Cultist","floor":3,"turns":4},{"damage":4,"enemies":"Jaw Worm","floor":5,"turns":3},{"damage":32,"enemies":"Gremlin Nob","floor":6,"turns":4},{"damage":11,"enemies":"Blue Slaver","floor":7,"turns":3},{"damage":26,"enemies":"Lagavulin","floor":11,"turns":7},{"damage":7,"enemies":"Exordium Wildlife","floor":13,"turns":3},{"damage":14,"enemies":"Red Slaver","floor":14,"turns":2},{"damage":14,"enemies":"The Guardian","floor":16,"turns":9},{"damage":3,"enemies":"3 Byrds","floor":18,"turns":4},{"damage":19,"enemies":"Chosen","floor":20,"turns":4},{"damage":64,"enemies":"Sentry and Sphere","floor":22,"turns":6},{"damage":19,"enemies":"Gremlin Leader","floor":23,"turns":4}],"seed_played":"-4891191235737495765","potions_obtained":[{"floor":1,"key":"Ancient Potion"},{"floor":2,"key":"PowerPotion"},{"floor":2,"key":"Explosive Potion"},{"floor":2,"key":"LiquidBronze"},{"floor":6,"key":"Fire Potion"},{"floor":11,"key":"SneckoOil"},{"floor":13,"key":"Dexterity Potion"},{"floor":22,"key":"Fire Potion"}],"is_trial":false,"path_per_floor":["?","$"],"character_chosen":"IRONCLAD","items_purchased":["Limit Break","Heavy Blade"],"campfire_rested":1,"item_purchase_floors":[4,4],"current_hp_per_floor":[75,75,80,80,80,54,49,49,49,49,29,29,28,20,44,36,80,83,83,70,70,12,0],"gold":138,"neow_bonus":"HUNDRED_GOLD","is_prod":false,"is_daily":false,"chose_seed":false,"campfire_upgraded":3,"win_rate":0,"timestamp":1548969507,"path_taken":["M","?","M","$","M","E","M","R","T","R","E","R","M","M","R","BOSS","M","?","M","$","M","E"],"build_version":"2019-01-23","purchased_purges":2,"victory":false,"max_hp_per_floor":[80,80,80,80,80,80,80,80,80,80,80,80,80,80,80,80,80,83,83,83,83,83,83],"card_choices":[{"not_picked":["Flame Barrier","Twin Strike"],"picked":"Spot Weakness","floor":1},{"not_picked":["Rampage","Perfected Strike"],"picked":"Warcry","floor":3},{"not_picked":["Clothesline","Carnage","Pommel Strike"],"picked":"SKIP","floor":5},{"not_picked":["True Grit","Fiend Fire"],"picked":"Heavy Blade","floor":6},{"not_picked":["Sentinel","Pommel Strike"],"picked":"Heavy Blade","floor":7},{"not_picked":["Shrug It Off","Exhume","Blood for Blood"],"picked":"SKIP","floor":11},{"not_picked":["Seeing Red","Cleave"],"picked":"Warcry","floor":13},{"not_picked":["Thunderclap","Feel No Pain","Infernal Blade"],"picked":"SKIP","floor":14},{"not_picked":["Dark Embrace","Berserk"],"picked":"Feed","floor":16},{"not_picked":["Heavy Blade","Fire Breathing"],"picked":"Warcry","floor":17},{"not_picked":["Pummel","Perfected Strike"],"picked":"Headbutt","floor":17},{"not_picked":["Body Slam","Sentinel"],"picked":"Heavy Blade","floor":17},{"not_picked":["Armaments","Iron Wave"],"picked":"True Grit","floor":18},{"not_picked":["Armaments","Wild Strike"],"picked":"True Grit+1","floor":20},{"not_picked":["Sentinel+1","Havoc","Seeing Red"],"picked":"SKIP","floor":22}],"player_experience":31685,"relics_obtained":[{"floor":6,"key":"Shovel"},{"floor":9,"key":"Gremlin Horn"},{"floor":11,"key":"Bottled Lightning"}],"event_choices":[{"damage_healed":0,"gold_gain":0,"player_choice":"Got Potions","damage_taken":0,"max_hp_gain":0,"max_hp_loss":0,"event_name":"Lab","floor":2,"gold_loss":0}],"is_beta":false,"boss_relics":[{"not_picked":["Calling Bell","Fusion Hammer"],"picked":"Orrery"}],"items_purged_floors":[19,21],"is_endless":false,"potions_floor_spawned":[1,6,11,13,22],"killed_by":"Gremlin Leader","ascension_level":2}