{"gold_per_floor":[116,116,126,142,155,155,170,42,42,61,92,92,102,133,133,232,232,250,40,36,51,51,81,91,91,91,91,111,111,131,142,142,242,242,260,270,46,60,60,85,105,105,105,134,134,150,199,233,233,233],"floor_reached":51,"playtime":11914,"items_purged":["Strike_B"],"score":948,"play_id":"85eb408a-6fdf-4163-9abb-da33e0f9f647","local_time":"20181123134550","is_ascension_mode":false,"campfire_choices":[{"floor":6,"key":"REST"},{"data":"Genetic Algorithm","floor":12,"key":"SMITH"},{"data":"Defend_B","floor":15,"key":"SMITH"},{"floor":27,"key":"REST"},{"data":"Defragment","floor":32,"key":"SMITH"},{"data":"Buffer","floor":42,"key":"SMITH"},{"data":"Loop","floor":45,"key":"SMITH"},{"data":"Seek","floor":49,"key":"SMITH"}],"neow_cost":"NONE","seed_source_timestamp":2474516961064,"circlet_count":0,"master_deck":["Strike_B","Strike_B","Strike_B","Defend_B","Defend_B","Defend_B","Defend_B+1","Zap","Dualcast","Coolheaded+1","Capacitor","Auto Shields+1","Loop+1","Cold Snap","Cold Snap","Loop","Genetic Algorithm+1","Steam","Leap","Buffer+1","Leap","Blind","Defragment+1","Leap","Go for the Eyes","Double Energy","Chaos+1","Capacitor+1","Leap","Steam+1","BootSequence","Zap","Stack","Static Discharge","Seek+1","Barrage+1","Conserve Battery+1","Echo Form","Blizzard","Parasite","Barrage","Finesse","Streamline+1","Loop","Creative AI","Coolheaded","Leap+1","Cold Snap+1"],"relics":["FrozenCore","Dream Catcher","Incense Burner","Mango","Gambling Chip","Runic Pyramid","Centennial Puzzle","Nunchaku","Bronze Scales","Juzu Bracelet","Mummified Hand","Pantograph","Torii","War Paint"],"potions_floor_usage":[14,16,21,33,33,47,47,50],"damage_taken":[{"damage":5,"enemies":"Small Slimes","floor":1,"turns":4},{"damage":0,"enemies":"2 Louse","floor":3,"turns":4},{"damage":6,"enemies":"Jaw Worm","floor":4,"turns":5},{"damage":23,"enemies":"Exordium Thugs","floor":5,"turns":7},{"damage":4,"enemies":"Looter","floor":7,"turns":4},{"damage":13,"enemies":"Exordium Wildlife","floor":10,"turns":8},{"damage":0,"enemies":"Lagavulin","floor":11,"turns":10},{"damage":1,"enemies":"Blue Slaver","floor":13,"turns":6},{"damage":0,"enemies":"3 Sentries","floor":14,"turns":7},{"damage":52,"enemies":"Slime Boss","floor":16,"turns":25},{"damage":48,"enemies":"3 Byrds","floor":18,"turns":12},{"damage":9,"enemies":"2 Thieves","floor":20,"turns":4},{"damage":0,"enemies":"Centurion and Healer","floor":21,"turns":39},{"damage":33,"enemies":"Slavers","floor":23,"turns":13},{"damage":6,"enemies":"Snake Plant","floor":24,"turns":10},{"damage":6,"enemies":"3 Cultists","floor":28,"turns":8},{"damage":0,"enemies":"Snecko","floor":30,"turns":8},{"damage":0,"enemies":"Chosen and Byrds","floor":31,"turns":8},{"damage":0,"enemies":"Automaton","floor":33,"turns":22},{"damage":0,"enemies":"3 Shapes","floor":35,"turns":20},{"damage":1,"enemies":"Orb Walker","floor":36,"turns":6},{"damage":12,"enemies":"Writhing Mass","floor":38,"turns":15},{"damage":7,"enemies":"Reptomancer","floor":40,"turns":16},{"damage":0,"enemies":"4 Shapes","floor":41,"turns":10},{"damage":0,"enemies":"Giant Head","floor":44,"turns":21},{"damage":0,"enemies":"Spire Growth","floor":46,"turns":7},{"damage":5,"enemies":"2 Orb Walkers","floor":47,"turns":6},{"damage":0,"enemies":"Nemesis","floor":48,"turns":12},{"damage":17,"enemies":"Awakened One","floor":50,"turns":14}],"seed_played":"-1466252632696369949","potions_obtained":[{"floor":4,"key":"Dexterity Potion"},{"floor":10,"key":"FearPotion"},{"floor":11,"key":"Explosive Potion"},{"floor":14,"key":"Dexterity Potion"},{"floor":20,"key":"Regen Potion"},{"floor":24,"key":"EssenceOfSteel"},{"floor":33,"key":"SkillPotion"},{"floor":36,"key":"Swift Potion"},{"floor":38,"key":"SkillPotion"}],"is_trial":false,"path_per_floor":["M","?","M","M","M","R","M","$","T","M","E","R","M","E","R","B",null,"M","$","M","M","?","E","M","?","T","R","M","?","M","M","R","B",null,"M","M","$","M","?","E","M","R","T","E","R","M","?","E","R","B",null],"character_chosen":"DEFECT","items_purchased":["Cold Snap","Blind","Defragment","Leap","FocusPotion","Echo Form","Blizzard"],"campfire_rested":2,"item_purchase_floors":[8,19,19,19,37,37,37],"current_hp_per_floor":[70,70,70,64,41,63,59,59,59,46,60,60,59,59,59,7,89,41,41,32,47,47,14,8,37,37,63,57,57,57,57,57,57,89,89,88,88,76,76,69,69,69,69,69,69,69,64,64,64,72],"gold":233,"neow_bonus":"RANDOM_COMMON_RELIC","is_prod":false,"is_daily":false,"chose_seed":false,"campfire_upgraded":6,"win_rate":0.0,"timestamp":1542948350,"path_taken":["M","?","M","M","M","R","M","$","T","M","E","R","M","E","R","BOSS","M","$","M","M","?","E","M","?","T","R","M","?","?","M","R","BOSS","M","M","$","M","?","E","M","R","T","E","R","M","?","E","R","BOSS"],"build_version":"2018-11-15","purchased_purges":1,"victory":true,"max_hp_per_floor":[75,75,75,75,75,75,75,75,75,75,89,89,89,89,89,89,89,89,89,89,89,89,89,89,89,89,89,89,89,89,89,89,89,89,89,89,89,89,89,89,89,89,89,89,89,89,89,89,89,89],"card_choices":[{"not_picked":["Capacitor","Go for the Eyes"],"picked":"Coolheaded","floor":1},{"not_picked":["Rip and Tear","Genetic Algorithm"],"picked":"Capacitor","floor":3},{"not_picked":["Coolheaded","Stack"],"picked":"Auto Shields","floor":4},{"not_picked":["Ball Lightning","Turbo"],"picked":"Loop","floor":5},{"not_picked":["Turbo","Gash"],"picked":"Cold Snap","floor":6},{"not_picked":["Compile Driver","Lockon","Rebound"],"picked":"SKIP","floor":7},{"not_picked":["Blizzard","Conserve Battery"],"picked":"Loop","floor":10},{"not_picked":["Turbo","Darkness"],"picked":"Genetic Algorithm","floor":11},{"not_picked":["Gash","Rebound"],"picked":"Steam","floor":13},{"not_picked":["Melter","Fusion"],"picked":"Leap","floor":14},{"not_picked":["Echo Form","Meteor Strike"],"picked":"Buffer","floor":16},{"not_picked":["FTL","Coolheaded+1"],"picked":"Leap","floor":18},{"not_picked":["Beam Cell+1","Gash+1"],"picked":"Go for the Eyes","floor":20},{"not_picked":["Steam Power+1","Coolheaded+1"],"picked":"Double Energy","floor":21},{"not_picked":["Leap","Blizzard"],"picked":"Chaos+1","floor":23},{"not_picked":["Genetic Algorithm","Streamline"],"picked":"Capacitor+1","floor":24},{"not_picked":["Turbo","Force Field"],"picked":"Leap","floor":27},{"not_picked":["Rebound+1","BootSequence+1"],"picked":"Steam+1","floor":28},{"not_picked":["Sweeping Beam","Ball Lightning"],"picked":"Stack","floor":30},{"not_picked":["Rip and Tear","Streamline+1"],"picked":"Static Discharge","floor":31},{"not_picked":["Rainbow","Reboot"],"picked":"Seek","floor":33},{"not_picked":["Stack+1","Reinforced Body"],"picked":"Barrage+1","floor":35},{"not_picked":["Undo","Redo"],"picked":"Conserve Battery+1","floor":36},{"not_picked":["Hologram","Lockon+1"],"picked":"Barrage","floor":38},{"not_picked":["Panacea","Good Instincts"],"picked":"Finesse","floor":39},{"not_picked":["Chill+1","Coolheaded+1"],"picked":"Streamline+1","floor":40},{"not_picked":["Barrage","Streamline"],"picked":"Loop","floor":41},{"not_picked":["Compile Driver+1","Gash"],"picked":"Creative AI","floor":44},{"not_picked":["Beam Cell","Compile Driver+1"],"picked":"Coolheaded","floor":46},{"not_picked":["Conserve Battery+1","Compile Driver"],"picked":"Leap+1","floor":47},{"not_picked":["Sweeping Beam+1","Gash"],"picked":"Cold Snap+1","floor":48}],"player_experience":26049,"relics_obtained":[{"floor":9,"key":"Incense Burner"},{"floor":11,"key":"Mango"},{"floor":14,"key":"Gambling Chip"},{"floor":23,"key":"Nunchaku"},{"floor":26,"key":"Bronze Scales"},{"floor":40,"key":"Juzu Bracelet"},{"floor":43,"key":"Mummified Hand"},{"floor":44,"key":"Pantograph"},{"floor":47,"key":"Torii"},{"floor":48,"key":"War Paint"}],"event_choices":[{"damage_healed":0,"gold_gain":0,"player_choice":"Ignored","damage_taken":0,"max_hp_gain":0,"max_hp_loss":0,"event_name":"Liars Game","floor":2,"gold_loss":0},{"damage_healed":0,"gold_gain":0,"player_choice":"Opened","damage_taken":0,"relics_obtained":["Centennial Puzzle"],"max_hp_gain":0,"max_hp_loss":0,"event_name":"The Mausoleum","floor":22,"gold_loss":0},{"damage_healed":29,"gold_gain":0,"player_choice":"Heal","damage_taken":0,"max_hp_gain":0,"max_hp_loss":0,"event_name":"The Library","floor":25,"gold_loss":0},{"damage_healed":0,"gold_gain":0,"player_choice":"2 cards matched","damage_taken":0,"max_hp_gain":0,"max_hp_loss":0,"event_name":"Match and Keep!","floor":29,"gold_loss":0,"cards_obtained":["BootSequence","Zap"]},{"damage_healed":0,"gold_gain":0,"player_choice":"Memory 1","damage_taken":0,"max_hp_gain":0,"max_hp_loss":0,"event_name":"SensoryStone","floor":39,"gold_loss":0},{"damage_healed":0,"gold_gain":0,"player_choice":"Fight","damage_taken":0,"max_hp_gain":0,"max_hp_loss":0,"event_name":"Mysterious Sphere","floor":47,"gold_loss":0}],"is_beta":false,"boss_relics":[{"not_picked":["Coffee Dripper","White Beast Statue"],"picked":"Runic Pyramid"},{"not_picked":["Inserter","Snecko Eye"],"picked":"FrozenCore"}],"items_purged_floors":[8],"is_endless":false,"potions_floor_spawned":[4,10,11,14,20,24,28,33,36,38,41],"ascension_level":0}