{"gold_per_floor":[115,135,151,170,170,170,181,197,197,67,81,81,98,110,110,208,208,181,181,12,25,25],"floor_reached":22,"playtime":1429,"items_purged":["Strike_B"],"score":182,"play_id":"492caddf-87dd-49d6-ac52-aca185d7a3aa","local_time":"20190224010750","is_ascension_mode":false,"campfire_choices":[{"data":"Zap","floor":6,"key":"SMITH"},{"data":"Go for the Eyes","floor":12,"key":"SMITH"},{"data":"Recycle","floor":15,"key":"SMITH"}],"neow_cost":"NONE","seed_source_timestamp":49837628074600,"circlet_count":0,"master_deck":["Strike_B","Strike_B","Strike_B","Defend_B","Defend_B","Defend_B","Defend_B","Zap+1","Dualcast","Conserve Battery","Gash","Leap","Genetic Algorithm","Self Repair","Go for the Eyes+1","Recycle+1","Turbo","Seek","Conserve Battery","Chrysalis","Redo+1"],"relics":["Smiling Mask","Cursed Key","Nloth\u0027s Gift"],"potions_floor_usage":[8,16,22,22,22],"damage_taken":[{"damage":0,"enemies":"2 Louse","floor":1,"turns":2},{"damage":0,"enemies":"Cultist","floor":2,"turns":3},{"damage":0,"enemies":"Small Slimes","floor":3,"turns":3},{"damage":3,"enemies":"Red Slaver","floor":4,"turns":4},{"damage":0,"enemies":"3 Louse","floor":7,"turns":3},{"damage":10,"enemies":"Exordium Wildlife","floor":8,"turns":4},{"damage":2,"enemies":"Blue Slaver","floor":11,"turns":4},{"damage":13,"enemies":"Large Slime","floor":13,"turns":6},{"damage":0,"enemies":"Exordium Wildlife","floor":14,"turns":5},{"damage":27,"enemies":"The Guardian","floor":16,"turns":17},{"damage":26,"enemies":"2 Thieves","floor":18,"turns":5},{"damage":35,"enemies":"Shell Parasite","floor":21,"turns":13},{"damage":40,"enemies":"Centurion and Healer","floor":22,"turns":10}],"seed_played":"7366680070781444193","potions_obtained":[{"floor":0,"key":"FairyPotion"},{"floor":0,"key":"EntropicBrew"},{"floor":0,"key":"FearPotion"},{"floor":3,"key":"Fire Potion"},{"floor":8,"key":"EssenceOfSteel"},{"floor":16,"key":"Poison Potion"}],"is_trial":false,"path_per_floor":["?","$","?","M"],"character_chosen":"DEFECT","items_purchased":["Self Repair","Chrysalis"],"campfire_rested":0,"item_purchase_floors":[10,20],"current_hp_per_floor":[75,75,75,72,72,72,72,62,62,62,67,67,61,68,68,41,75,56,56,56,28,0],"gold":25,"neow_bonus":"THREE_SMALL_POTIONS","is_prod":false,"is_daily":false,"chose_seed":false,"campfire_upgraded":3,"win_rate":0,"timestamp":1550988470,"path_taken":["M","M","M","M","?","R","M","M","T","?","M","R","M","M","R","BOSS","M","?","$","M","?"],"build_version":"2019-01-23","purchased_purges":1,"victory":false,"max_hp_per_floor":[75,75,75,75,75,75,75,75,75,75,75,75,75,75,75,75,75,75,75,75,75,75],"card_choices":[{"not_picked":["Rebound","Steam"],"picked":"Conserve Battery","floor":1},{"not_picked":["Leap","Hologram"],"picked":"Gash","floor":2},{"not_picked":["Heatsinks","Cold Snap"],"picked":"Leap","floor":3},{"not_picked":["Rebound","Rip and Tear","Streamline"],"picked":"SKIP","floor":4},{"not_picked":["FTL","Chill"],"picked":"Genetic Algorithm","floor":7},{"not_picked":["Rainbow","Blizzard","Steam"],"picked":"SKIP","floor":8},{"not_picked":["Streamline","Barrage"],"picked":"Go for the Eyes","floor":11},{"not_picked":["Heatsinks","Chaos"],"picked":"Recycle","floor":13},{"not_picked":["Ball Lightning","Tempest"],"picked":"Turbo","floor":14},{"not_picked":["Rainbow","Thunder Strike"],"picked":"Seek","floor":16},{"not_picked":["Force Field","Coolheaded+1"],"picked":"Conserve Battery","floor":18},{"not_picked":["Hologram","Storm+1"],"picked":"Redo+1","floor":21}],"player_experience":130680,"relics_obtained":[{"floor":9,"key":"Smiling Mask"}],"event_choices":[{"damage_healed":0,"gold_gain":0,"player_choice":"Ignored","damage_taken":0,"max_hp_gain":0,"max_hp_loss":0,"event_name":"NoteForYourself","floor":5,"gold_loss":0},{"damage_healed":0,"gold_gain":0,"player_choice":"Traded Relic","damage_taken":0,"relics_obtained":["Nloth\u0027s Gift"],"max_hp_gain":0,"max_hp_loss":0,"event_name":"N\u0027loth","floor":19,"relics_lost":["Cracked Core"],"gold_loss":0}],"is_beta":false,"boss_relics":[{"not_picked":["Orrery","FrozenCore"],"picked":"Cursed Key"}],"items_purged_floors":[10],"is_endless":false,"potions_floor_spawned":[3,8,11,14,16,21],"killed_by":"Centurion and Healer","ascension_level":0}