{"gold_per_floor":[11,111,129,139,139,165,165,177,177,195,221,221,235,255,255,359,359,379,138,151,168,168,168,187,218,218,218,235,235,235,235,235,338,338,349,366,41,52,52,52],"floor_reached":40,"playtime":2020,"items_purged":[],"score":470,"play_id":"a73586d3-9428-49e6-862f-8f73f489ee8e","local_time":"20190323203122","is_ascension_mode":false,"campfire_choices":[{"floor":7.0,"key":"REST"},{"floor":12.0,"key":"REST"},{"data":"Adrenaline","floor":15.0,"key":"SMITH"},{"floor":23.0,"key":"REST"},{"floor":30.0,"key":"REST"},{"floor":32.0,"key":"REST"}],"neow_cost":"NO_GOLD","seed_source_timestamp":329190683918548,"circlet_count":0,"master_deck":["Defend_G","Defend_G","Defend_G","Defend_G","Defend_G","Strike_G","Strike_G","Strike_G","Strike_G","Strike_G","Survivor","Neutralize","Corpse Explosion","Flying Knee","Quick Slash","Leg Sweep","Deflect","Deflect","Adrenaline+1","Dagger Throw","Dagger Throw","Bane","Envenom","Slice+1","Dramatic Entrance","Blur","Deadly Poison+1","Bane","Caltrops","Necronomicurse","Dagger Throw","Bouncing Flask","Dodge and Roll+1","After Image","Dagger Throw+1","Quick Slash+1","Well Laid Plans","Deflect","Writhe"],"special_seed":0,"relics":["Ring of the Serpent","Bronze Scales","Dream Catcher","Bottled Flame","Orichalcum","MutagenicStrength","Anchor","Mummified Hand","Necronomicon","Snecko Eye","Bottled Lightning"],"potions_floor_usage":[],"damage_taken":[{"damage":0.0,"enemies":"Small Slimes","floor":1.0,"turns":3.0},{"damage":0.0,"enemies":"Cultist","floor":3.0,"turns":4.0},{"damage":0.0,"enemies":"Jaw Worm","floor":4.0,"turns":3.0},{"damage":20.0,"enemies":"Gremlin Nob","floor":6.0,"turns":4.0},{"damage":0.0,"enemies":"Blue Slaver","floor":8.0,"turns":4.0},{"damage":0.0,"enemies":"3 Louse","floor":10.0,"turns":1.0},{"damage":15.0,"enemies":"Lagavulin","floor":11.0,"turns":9.0},{"damage":0.0,"enemies":"2 Fungi Beasts","floor":13.0,"turns":2.0},{"damage":4.0,"enemies":"Gremlin Gang","floor":14.0,"turns":3.0},{"damage":7.0,"enemies":"Slime Boss","floor":16.0,"turns":7.0},{"damage":5.0,"enemies":"3 Byrds","floor":18.0,"turns":3.0},{"damage":0.0,"enemies":"Spheric Guardian","floor":20.0,"turns":3.0},{"damage":13.0,"enemies":"Snake Plant","floor":21.0,"turns":4.0},{"damage":0.0,"enemies":"3 Cultists","floor":24.0,"turns":2.0},{"damage":31.0,"enemies":"Gremlin Leader","floor":25.0,"turns":4.0},{"damage":0.0,"enemies":"Centurion and Healer","floor":28.0,"turns":5.0},{"damage":40.0,"enemies":"Collector","floor":33.0,"turns":10.0},{"damage":12.0,"enemies":"3 Darklings","floor":35.0,"turns":6.0},{"damage":0.0,"enemies":"Orb Walker","floor":36.0,"turns":3.0},{"damage":18.0,"enemies":"Sphere and 2 Shapes","floor":38.0,"turns":4.0},{"damage":64,"enemies":"Nemesis","floor":40,"turns":7}],"seed_played":"2794972099312125175","potions_obtained":[{"floor":3.0,"key":"AttackPotion"},{"floor":4.0,"key":"Poison Potion"},{"floor":10.0,"key":"SneckoOil"},{"floor":13.0,"key":"GhostInAJar"},{"floor":16.0,"key":"Energy Potion"},{"floor":18.0,"key":"Strength Potion"},{"floor":24.0,"key":"Swift Potion"},{"floor":28.0,"key":"PowerPotion"}],"is_trial":false,"path_per_floor":["M","?","M","M","$","E","R","M","T","M","E","R","M","M","R","B",null,"M","$","M","M","?","R","M","E","T","?","M","?","R","?","R","B",null,"M","M","$","M","?","E"],"character_chosen":"THE_SILENT","items_purchased":["Orichalcum","Dramatic Entrance","Bottled Lightning","Well Laid Plans"],"campfire_rested":5,"item_purchase_floors":[19,19,37,37],"current_hp_per_floor":[70,70,70,70,70,50,70,70,70,70,55,70,70,66,66,59,70,65,65,65,52,52,70,70,39,39,23,23,23,44,44,65,25,70,58,58,58,40,58,0],"gold":52,"neow_bonus":"THREE_RARE_CARDS","is_prod":false,"is_daily":false,"chose_seed":false,"campfire_upgraded":1,"win_rate":0.0,"timestamp":1553369482,"path_taken":["M","?","M","M","$","E","R","?","T","M","E","R","M","M","R","BOSS","M","$","M","M","?","R","M","E","T","?","M","?","R","?","R","BOSS","M","M","$","?","?","E"],"build_version":"2019-01-23","purchased_purges":0,"victory":false,"max_hp_per_floor":[70,70,70,70,70,70,70,70,70,70,70,70,70,70,70,70,70,70,70,70,70,70,70,70,70,70,70,70,70,70,70,70,70,70,70,70,70,70,70,70],"card_choices":[{"not_picked":["Venomology","Grand Finale"],"picked":"Corpse Explosion","floor":0.0},{"not_picked":["PiercingWail","Infinite Blades"],"picked":"Flying Knee","floor":1.0},{"not_picked":["Cloak And Dagger","Dodge and Roll"],"picked":"Quick Slash","floor":3.0},{"not_picked":["Outmaneuver","Dodge and Roll"],"picked":"Leg Sweep","floor":4.0},{"not_picked":["Endless Agony","Finisher"],"picked":"Deflect","floor":6.0},{"not_picked":["PiercingWail","Finisher"],"picked":"Deflect","floor":8.0},{"not_picked":["Terror","Blade Dance","Endless Agony"],"picked":"SKIP","floor":10.0},{"not_picked":["Expertise","Adrenaline","Terror"],"picked":"SKIP","floor":11.0},{"not_picked":["Expertise","Terror"],"picked":"Adrenaline","floor":11.0},{"not_picked":["Expertise","All Out Attack"],"picked":"Dagger Throw","floor":12.0},{"not_picked":["Deflect","Terror"],"picked":"Dagger Throw","floor":13.0},{"not_picked":["Heel Hook","Outmaneuver"],"picked":"Bane","floor":14.0},{"not_picked":["Night Terror","Doppelganger"],"picked":"Envenom","floor":16.0},{"not_picked":["Cloak And Dagger+1","Outmaneuver"],"picked":"Slice+1","floor":18.0},{"not_picked":["Choke","Masterful Stab"],"picked":"Blur","floor":20.0},{"not_picked":["Slice","Infinite Blades"],"picked":"Deadly Poison+1","floor":21.0},{"not_picked":["Caltrops+1","Escape Plan"],"picked":"Bane","floor":24.0},{"not_picked":["Choke","Terror+1"],"picked":"Caltrops","floor":25.0},{"not_picked":["Acrobatics","Masterful Stab"],"picked":"Dagger Throw","floor":28.0},{"not_picked":["Slice","Sucker Punch"],"picked":"Bouncing Flask","floor":30.0},{"not_picked":["Slice","Flechettes+1"],"picked":"Dodge and Roll+1","floor":32.0},{"not_picked":["Storm of Steel","Malaise"],"picked":"After Image","floor":33.0},{"not_picked":["Dodge and Roll+1","Caltrops"],"picked":"Dagger Throw+1","floor":35.0},{"not_picked":["Blade Dance","Cloak And Dagger"],"picked":"Quick Slash+1","floor":36.0},{"not_picked":["Die Die Die","Masterful Stab+1"],"picked":"Deflect","floor":38.0}],"player_experience":378366,"relics_obtained":[{"floor":6.0,"key":"Bronze Scales"},{"floor":9.0,"key":"Dream Catcher"},{"floor":11.0,"key":"Bottled Flame"},{"floor":25.0,"key":"Anchor"},{"floor":26.0,"key":"Mummified Hand"},{"floor":27.0,"key":"Necronomicon"}],"event_choices":[{"damage_healed":0.0,"max_hp_gain":0.0,"max_hp_loss":0.0,"gold_gain":100.0,"event_name":"Wheel of Change","player_choice":"Gold","floor":2.0,"gold_loss":0.0,"damage_taken":0.0},{"damage_healed":0.0,"max_hp_gain":0.0,"max_hp_loss":0.0,"gold_gain":0.0,"event_name":"Drug Dealer","player_choice":"Inject Mutagens","floor":22.0,"gold_loss":0.0,"damage_taken":0.0,"relics_obtained":["MutagenicStrength"]},{"damage_healed":0.0,"max_hp_gain":0.0,"max_hp_loss":0.0,"gold_gain":0.0,"event_name":"Cursed Tome","player_choice":"Obtained Book","floor":27.0,"gold_loss":0.0,"damage_taken":16.0},{"damage_healed":0.0,"max_hp_gain":0.0,"max_hp_loss":0.0,"gold_gain":0.0,"event_name":"Vampires","player_choice":"Ignored","floor":29.0,"gold_loss":0.0,"damage_taken":0.0},{"damage_healed":0.0,"max_hp_gain":0.0,"max_hp_loss":0.0,"gold_gain":0.0,"event_name":"NoteForYourself","player_choice":"Ignored","floor":31.0,"gold_loss":0.0,"damage_taken":0.0},{"damage_healed":18.0,"max_hp_gain":0.0,"max_hp_loss":0.0,"gold_gain":0.0,"event_name":"Winding Halls","player_choice":"Writhe","floor":39.0,"gold_loss":0.0,"damage_taken":0.0,"cards_obtained":["Writhe"]}],"is_beta":false,"boss_relics":[{"not_picked":["HoveringKite","WristBlade"],"picked":"Ring of the Serpent"},{"not_picked":["Pandora\u0027s Box","Orrery"],"picked":"Snecko Eye"}],"items_purged_floors":[],"is_endless":false,"potions_floor_spawned":[3,4,10,13,16,18,21,24,28],"killed_by":"Nemesis","ascension_level":0}