{"gold_per_floor":[214,79,93,93,105,138,138,170,196,196,216,234,234,250,250,250],"floor_reached":16,"playtime":806,"items_purged":[],"score":146,"play_id":"965cf3b3-bcfb-4bd6-a399-5e1b139477d4","local_time":"20190306141710","is_ascension_mode":true,"campfire_choices":[{"floor":10,"key":"REST"},{"data":"Defragment","floor":13,"key":"SMITH"},{"floor":15,"key":"REST"}],"neow_cost":"NONE","seed_source_timestamp":5378444772746,"circlet_count":0,"master_deck":["Strike_B","Strike_B","Strike_B","Strike_B","Defend_B+1","Defend_B","Defend_B","Defend_B","Zap","Dualcast","Leap","Defragment+1","Impatience","Cold Snap","White Noise+1","Consume","Conserve Battery","Seek"],"relics":["Cracked Core","Bag of Preparation","PreservedInsect","Bronze Scales"],"potions_floor_usage":[6,6,16],"damage_taken":[{"damage":7,"enemies":"Jaw Worm","floor":1,"turns":3},{"damage":1,"enemies":"Cultist","floor":3,"turns":3},{"damage":13,"enemies":"Small Slimes","floor":5,"turns":4},{"damage":31,"enemies":"Gremlin Nob","floor":6,"turns":5},{"damage":13,"enemies":"Lagavulin","floor":8,"turns":9},{"damage":0,"enemies":"3 Louse","floor":11,"turns":3},{"damage":5,"enemies":"Exordium Wildlife","floor":12,"turns":7},{"damage":3,"enemies":"Large Slime","floor":14,"turns":6},{"damage":56,"enemies":"Hexaghost","floor":16,"turns":11}],"seed_played":"1739131758907951657","potions_obtained":[{"floor":1,"key":"Dexterity Potion"},{"floor":3,"key":"Energy Potion"},{"floor":12,"key":"Regen Potion"}],"is_trial":false,"path_per_floor":["M","$","M","?","M","E","?","E","T","R","M","M","R","M","R","B"],"character_chosen":"DEFECT","items_purchased":["Defragment","Impatience"],"campfire_rested":2,"item_purchase_floors":[2,2],"current_hp_per_floor":[61,61,60,60,47,16,16,3,3,25,25,20,20,17,39,0],"gold":250,"neow_bonus":"HUNDRED_GOLD","is_prod":false,"is_daily":false,"chose_seed":false,"campfire_upgraded":1,"win_rate":0,"timestamp":1551853030,"path_taken":["M","$","M","?","?","E","?","E","T","R","M","M","R","M","R","BOSS"],"build_version":"2019-01-23","purchased_purges":0,"victory":false,"max_hp_per_floor":[75,75,75,75,75,75,75,75,75,75,75,75,75,75,75,75],"card_choices":[{"not_picked":["Double Energy","Barrage"],"picked":"Leap","floor":1},{"not_picked":["Turbo","Ball Lightning"],"picked":"Cold Snap","floor":3},{"not_picked":["Beam Cell","Compile Driver"],"picked":"White Noise","floor":5},{"not_picked":["Leap","Sweeping Beam"],"picked":"Consume","floor":6},{"not_picked":["Redo","Doom and Gloom"],"picked":"Conserve Battery","floor":8},{"not_picked":["Fusion","Rebound"],"picked":"Seek","floor":11},{"not_picked":["Ball Lightning","Redo","Gash"],"picked":"SKIP","floor":12},{"not_picked":["Steam Power","Reprogram","Chaos"],"picked":"SKIP","floor":14}],"player_experience":242458,"relics_obtained":[{"floor":6,"key":"Bag of Preparation"},{"floor":8,"key":"PreservedInsect"},{"floor":9,"key":"Bronze Scales"}],"event_choices":[{"damage_healed":0,"gold_gain":0,"player_choice":"Upgraded","damage_taken":0,"max_hp_gain":0,"max_hp_loss":0,"event_name":"Upgrade Shrine","floor":4,"gold_loss":0,"cards_upgraded":["Defend_B"]},{"damage_healed":0,"gold_gain":0,"player_choice":"Grow","damage_taken":0,"max_hp_gain":0,"max_hp_loss":0,"event_name":"Living Wall","floor":7,"gold_loss":0,"cards_upgraded":["White Noise"]}],"is_beta":false,"boss_relics":[],"items_purged_floors":[],"is_endless":false,"potions_floor_spawned":[1,3,12],"killed_by":"Hexaghost","ascension_level":6}