{"gold_per_floor":[116,132,132,132,152,152,168,179,179,179,199,124,138,138,138,233,233,249,249,249,249,96,96,96,96,122,212,231,250,265,265],"floor_reached":31,"playtime":1368,"items_purged":["Strike_R","Defend_R"],"score":254,"play_id":"a4396a01-376b-48c4-aea9-de4a8c853db1","local_time":"20190320201535","is_ascension_mode":false,"campfire_choices":[{"data":"Bash","floor":6,"key":"SMITH"},{"floor":10,"key":"REST"},{"floor":15,"key":"REST"},{"data":"Dropkick","floor":23,"key":"SMITH"}],"neow_cost":"NONE","seed_source_timestamp":69903433827384,"circlet_count":0,"master_deck":["Strike_R","Defend_R","Defend_R","Bash+1","Dropkick+1","Clash","Shrug It Off"],"relics":["Burning Blood","Red Skull","Eternal Feather","Strawberry"],"potions_floor_usage":[21,30,30],"damage_taken":[{"damage":2,"enemies":"2 Louse","floor":1,"turns":2},{"damage":11,"enemies":"Jaw Worm","floor":2,"turns":5},{"damage":0,"enemies":"Cultist","floor":5,"turns":3},{"damage":29,"enemies":"Gremlin Gang","floor":7,"turns":6},{"damage":21,"enemies":"3 Louse","floor":8,"turns":4},{"damage":16,"enemies":"Large Slime","floor":11,"turns":5},{"damage":26,"enemies":"Exordium Thugs","floor":13,"turns":5},{"damage":82,"enemies":"Slime Boss","floor":16,"turns":14},{"damage":5,"enemies":"Chosen","floor":18,"turns":4},{"damage":0,"enemies":"Spheric Guardian","floor":21,"turns":2},{"damage":2,"enemies":"Snecko","floor":28,"turns":5},{"damage":21,"enemies":"3 Cultists","floor":29,"turns":6},{"damage":14,"enemies":"Centurion and Healer","floor":30,"turns":6},{"damage":8,"enemies":"Shelled Parasite and Fungi","floor":31,"turns":3}],"seed_played":"7409692391120723508","potions_obtained":[{"floor":2,"key":"FairyPotion"},{"floor":7,"key":"SteroidPotion"},{"floor":8,"key":"SmokeBomb"},{"floor":16,"key":"Energy Potion"},{"floor":29,"key":"SteroidPotion"},{"floor":30,"key":"LiquidBronze"}],"is_trial":false,"path_per_floor":["M","M","?","?","M","R","M","M","T","R","M","$","M","?","R","B",null,"M","?","?","M","$","R","$","?","T","?","M","M","M","M"],"character_chosen":"IRONCLAD","items_purchased":["Shrug It Off"],"campfire_rested":2,"item_purchase_floors":[22],"current_hp_per_floor":[88,83,76,76,82,82,59,44,44,70,60,60,40,40,66,9,88,88,88,88,88,88,88,88,88,95,77,81,66,58,50],"gold":265,"neow_bonus":"TEN_PERCENT_HP_BONUS","is_prod":false,"is_daily":false,"chose_seed":false,"campfire_upgraded":2,"win_rate":0,"timestamp":1553109335,"path_taken":["M","M","?","?","?","R","M","M","T","R","?","$","M","?","R","BOSS","M","?","?","?","$","R","$","?","T","?","?","M","M","M"],"build_version":"2019-01-23","purchased_purges":2,"victory":false,"max_hp_per_floor":[88,88,88,88,88,88,88,88,88,88,88,88,88,88,88,88,88,88,88,88,88,88,88,88,88,95,95,95,95,95,95],"card_choices":[{"not_picked":["Anger","Pommel Strike","Reckless Charge"],"picked":"SKIP","floor":1},{"not_picked":["Sword Boomerang","Rage"],"picked":"Dropkick","floor":2},{"not_picked":["Body Slam","Iron Wave","Havoc"],"picked":"SKIP","floor":5},{"not_picked":["Dual Wield","Cleave","Body Slam"],"picked":"SKIP","floor":7},{"not_picked":["Wild Strike","Shockwave","Twin Strike"],"picked":"SKIP","floor":8},{"not_picked":["Twin Strike","Iron Wave","Sentinel"],"picked":"SKIP","floor":11},{"not_picked":["Seeing Red","Sentinel","Perfected Strike"],"picked":"SKIP","floor":13},{"not_picked":["Havoc+1","Wild Strike","Iron Wave"],"picked":"SKIP","floor":18},{"not_picked":["Bloodletting","Clothesline+1","Dark Embrace"],"picked":"SKIP","floor":28},{"not_picked":["Clash","Ghostly Armor","Flame Barrier+1"],"picked":"SKIP","floor":29},{"not_picked":["Headbutt","Flame Barrier","Spot Weakness+1"],"picked":"SKIP","floor":30}],"player_experience":330303,"relics_obtained":[{"floor":9,"key":"Red Skull"},{"floor":26,"key":"Strawberry"}],"event_choices":[{"cards_removed":["Strike_R"],"damage_healed":0,"gold_gain":0,"player_choice":"Card Removal","damage_taken":7,"max_hp_gain":0,"max_hp_loss":0,"event_name":"Golden Wing","floor":3,"gold_loss":0},{"cards_removed":["Defend_R"],"damage_healed":0,"gold_gain":0,"player_choice":"Purged","damage_taken":0,"max_hp_gain":0,"max_hp_loss":0,"event_name":"Purifier","floor":4,"gold_loss":0},{"cards_removed":["Strike_R"],"damage_healed":0,"gold_gain":0,"player_choice":"Forget","damage_taken":0,"max_hp_gain":0,"max_hp_loss":0,"event_name":"Living Wall","floor":14,"gold_loss":0},{"damage_healed":0,"gold_gain":0,"player_choice":"Read","damage_taken":0,"max_hp_gain":0,"max_hp_loss":0,"event_name":"The Library","floor":19,"gold_loss":0,"cards_obtained":["Clash"]},{"damage_healed":0,"gold_gain":0,"player_choice":"Ignored","damage_taken":0,"max_hp_gain":0,"max_hp_loss":0,"event_name":"Vampires","floor":20,"gold_loss":0},{"cards_removed":["Strike_R"],"damage_healed":0,"gold_gain":0,"player_choice":"Elegance","damage_taken":0,"max_hp_gain":0,"max_hp_loss":0,"event_name":"Back to Basics","floor":25,"gold_loss":0},{"damage_healed":0,"gold_gain":90,"player_choice":"GOLD ","damage_taken":18,"max_hp_gain":0,"max_hp_loss":0,"event_name":"Knowing Skull","floor":27,"potions_obtained":[],"gold_loss":0,"cards_obtained":[]}],"is_beta":false,"boss_relics":[{"not_picked":["Black Star","Fusion Hammer"],"picked":"Eternal Feather"}],"items_purged_floors":[12,22],"is_endless":false,"potions_floor_spawned":[2,7,8,13,16,18,29,30],"killed_by":"Shelled Parasite and Fungi","ascension_level":0}