{"gold_per_floor":[128,150,177,189,211,223,245,257,338,350,362,374,262,297,297,399,399,381,393,393,224,243,243,243,243,321,339,349,365,365,376,376,471,471,489,489,589,424,424,424,439,450,501,501,501,518,111,129,129,129],"floor_reached":51,"playtime":4052,"items_purged":["Defend_B","Defend_B","Defend_B","Defend_B"],"score":649,"play_id":"591f1bd3-9e4c-45d6-96f0-45d9739bbcf3","local_time":"20190224160615","is_ascension_mode":false,"campfire_choices":[{"data":"Reinforced Body","floor":6,"key":"SMITH"},{"data":"Capacitor","floor":8,"key":"SMITH"},{"data":"Zap","floor":10,"key":"SMITH"},{"data":"Hologram","floor":15,"key":"SMITH"},{"data":"Loop","floor":23,"key":"SMITH"},{"data":"Glacier","floor":25,"key":"SMITH"},{"floor":30,"key":"REST"},{"data":"Blizzard","floor":32,"key":"SMITH"},{"data":"Chill","floor":40,"key":"SMITH"},{"data":"Coolheaded","floor":45,"key":"SMITH"},{"data":"Coolheaded","floor":49,"key":"SMITH"}],"neow_cost":"NONE","seed_source_timestamp":15871640711000,"circlet_count":0,"master_deck":["Strike_B","Zap+1","Dualcast+1","Blizzard+1","Reinforced Body+1","Capacitor+1","Ball Lightning","Hologram+1","Reboot","Consume+1","Conserve Battery","FTL","Loop+1","Glacier+1","Chill+1","Coolheaded+1","Leap+1","Core Surge","White Noise+1","Skim","Chill","Coolheaded+1"],"relics":["Cracked Core","MawBank","Ornamental Fan","WingedGreaves","Orrery","Cables","Sozu","Prayer Wheel","Pen Nib","Chemical X"],"potions_floor_usage":[14,14,28,28,31,50],"damage_taken":[{"damage":1,"enemies":"Jaw Worm","floor":1,"turns":3},{"damage":0,"enemies":"Small Slimes","floor":2,"turns":3},{"damage":1,"enemies":"Cultist","floor":3,"turns":3},{"damage":13,"enemies":"Exordium Thugs","floor":5,"turns":5},{"damage":11,"enemies":"Lots of Slimes","floor":7,"turns":6},{"damage":0,"enemies":"Gremlin Nob","floor":14,"turns":3},{"damage":35,"enemies":"The Guardian","floor":16,"turns":10},{"damage":28,"enemies":"2 Thieves","floor":18,"turns":4},{"damage":12,"enemies":"Chosen","floor":19,"turns":5},{"damage":0,"enemies":"Snecko","floor":22,"turns":6},{"damage":1,"enemies":"Centurion and Healer","floor":27,"turns":10},{"damage":33,"enemies":"Cultist and Chosen","floor":28,"turns":7},{"damage":0,"enemies":"Snake Plant","floor":29,"turns":10},{"damage":2,"enemies":"Shelled Parasite and Fungi","floor":31,"turns":6},{"damage":5,"enemies":"Collector","floor":33,"turns":13},{"damage":0,"enemies":"3 Shapes","floor":35,"turns":5},{"damage":0,"enemies":"Mind Bloom Boss Battle","floor":37,"turns":7},{"damage":0,"enemies":"Orb Walker","floor":41,"turns":6},{"damage":9,"enemies":"Spire Growth","floor":42,"turns":7},{"damage":0,"enemies":"4 Shapes","floor":46,"turns":5},{"damage":0,"enemies":"Maw","floor":48,"turns":9},{"damage":17,"enemies":"Time Eater","floor":50,"turns":20}],"seed_played":"-5506990018814043435","potions_obtained":[{"floor":3,"key":"GamblersBrew"},{"floor":7,"key":"AttackPotion"},{"floor":16,"key":"Ancient Potion"},{"floor":22,"key":"Swift Potion"},{"floor":27,"key":"Swift Potion"},{"floor":29,"key":"Regen Potion"}],"is_trial":false,"path_per_floor":["?","?","?","M","?","M","?","M","M","?","?","?","?"],"character_chosen":"DEFECT","items_purchased":["Ball Lightning","Glacier","Skim","Coolheaded","Chemical X"],"campfire_rested":1,"item_purchase_floors":[13,21,38,47,47],"current_hp_per_floor":[74,74,73,66,53,53,42,42,42,42,42,42,42,42,42,7,75,47,35,35,35,35,35,35,35,35,34,1,1,23,36,36,31,75,75,71,71,71,71,71,71,62,62,62,62,62,62,62,62,45],"gold":129,"neow_bonus":"RANDOM_COMMON_RELIC","is_prod":false,"is_daily":false,"chose_seed":false,"campfire_upgraded":10,"win_rate":0,"timestamp":1551042375,"path_taken":["M","M","M","?","M","R","M","R","T","R","?","?","$","E","R","BOSS","M","?","?","$","?","R","?","R","T","?","M","M","R","?","R","BOSS","M","?","?","$","?","R","M","M","T","?","R","M","$","M","R","BOSS"],"build_version":"2019-01-23","purchased_purges":4,"victory":true,"max_hp_per_floor":[75,75,75,75,75,75,75,75,75,75,75,75,75,75,75,75,75,75,75,75,75,75,75,75,75,75,75,75,75,75,75,75,75,75,75,71,71,71,71,71,71,71,71,71,71,71,71,71,71,71],"card_choices":[{"not_picked":["Streamline","Auto Shields","Hello World"],"picked":"SKIP","floor":1},{"not_picked":["Redo","Sunder"],"picked":"Blizzard","floor":2},{"not_picked":["Redo","Steam","Gash"],"picked":"SKIP","floor":3},{"not_picked":["Steam Power","Coolheaded"],"picked":"Reinforced Body","floor":5},{"not_picked":["Blizzard","Ball Lightning"],"picked":"Capacitor","floor":7},{"not_picked":["Reprogram","Melter"],"picked":"Hologram","floor":14},{"not_picked":["Creative AI","Rainbow"],"picked":"Reboot","floor":16},{"not_picked":["Scrape","Leap"],"picked":"Consume","floor":17},{"not_picked":["Lockon","Reinforced Body"],"picked":"Conserve Battery","floor":17},{"not_picked":["Gash","Beam Cell"],"picked":"FTL","floor":17},{"not_picked":["Rebound","Genetic Algorithm"],"picked":"Loop","floor":18},{"not_picked":["Heatsinks","Redo","Force Field"],"picked":"SKIP","floor":19},{"not_picked":["Conserve Battery","Fission","Auto Shields+1"],"picked":"SKIP","floor":22},{"not_picked":["Stack+1","Darkness","Heatsinks"],"picked":"SKIP","floor":27},{"not_picked":["Self Repair","Coolheaded"],"picked":"Chill","floor":28},{"not_picked":["Redo","Streamline"],"picked":"Coolheaded","floor":29},{"not_picked":["Static Discharge","Skim"],"picked":"Leap+1","floor":31},{"not_picked":["Hyperbeam","Electrodynamics"],"picked":"Core Surge","floor":33},{"not_picked":["Sweeping Beam+1","Compile Driver+1"],"picked":"White Noise+1","floor":35},{"not_picked":["Cold Snap+1","Streamline+1","Stack"],"picked":"SKIP","floor":41},{"not_picked":["FTL","Double Energy","Doom and Gloom+1"],"picked":"SKIP","floor":41},{"not_picked":["Leap","Streamline"],"picked":"Chill","floor":42},{"not_picked":["Barrage","Steam+1","Steam Power+1"],"picked":"SKIP","floor":42},{"not_picked":["Steam","Reboot","Compile Driver"],"picked":"SKIP","floor":46},{"not_picked":["Beam Cell","Gash+1","Redo"],"picked":"SKIP","floor":46},{"not_picked":["Heatsinks+1","Gash","Coolheaded"],"picked":"SKIP","floor":48},{"not_picked":["Glacier+1","Sweeping Beam","Scrape+1"],"picked":"SKIP","floor":48}],"player_experience":142256,"relics_obtained":[{"floor":9,"key":"Ornamental Fan"},{"floor":14,"key":"WingedGreaves"},{"floor":26,"key":"Cables"},{"floor":37,"key":"Prayer Wheel"},{"floor":43,"key":"Pen Nib"}],"event_choices":[{"cards_removed":["Strike_B"],"damage_healed":0,"gold_gain":0,"player_choice":"Card Removal","damage_taken":7,"max_hp_gain":0,"max_hp_loss":0,"event_name":"Golden Wing","floor":4,"gold_loss":0},{"damage_healed":0,"gold_gain":0,"player_choice":"Searched \u00270\u0027 times","damage_taken":0,"max_hp_gain":0,"max_hp_loss":0,"event_name":"Dead Adventurer","floor":11,"gold_loss":0},{"damage_healed":0,"gold_gain":0,"player_choice":"Forge","damage_taken":0,"max_hp_gain":0,"max_hp_loss":0,"event_name":"Accursed Blacksmith","floor":12,"gold_loss":0,"cards_upgraded":["Dualcast"]},{"damage_healed":0,"gold_gain":0,"player_choice":"Upgraded","damage_taken":0,"max_hp_gain":0,"max_hp_loss":0,"event_name":"Upgrade Shrine","floor":20,"gold_loss":0,"cards_upgraded":["Consume"]},{"cards_removed":["Strike_B"],"damage_healed":0,"gold_gain":0,"player_choice":"Offered Basic","damage_taken":0,"max_hp_gain":0,"max_hp_loss":0,"event_name":"Bonfire Elementals","floor":24,"gold_loss":0},{"damage_healed":0,"gold_gain":0,"player_choice":"Max HP","damage_taken":0,"max_hp_gain":0,"max_hp_loss":4,"event_name":"Winding Halls","floor":36,"gold_loss":0},{"damage_healed":0,"gold_gain":0,"player_choice":"Fight","damage_taken":0,"max_hp_gain":0,"max_hp_loss":0,"event_name":"MindBloom","floor":37,"gold_loss":0},{"damage_healed":0,"gold_gain":0,"player_choice":"Ignored","damage_taken":0,"max_hp_gain":0,"max_hp_loss":0,"event_name":"Mysterious Sphere","floor":39,"gold_loss":0},{"cards_removed":["Strike_B"],"damage_healed":0,"gold_gain":0,"player_choice":"Removed Attack","damage_taken":0,"max_hp_gain":0,"max_hp_loss":0,"event_name":"Falling","floor":44,"gold_loss":0}],"is_beta":false,"boss_relics":[{"not_picked":["Inserter","Tiny House"],"picked":"Orrery"},{"not_picked":["Astrolabe","FrozenCore"],"picked":"Sozu"}],"items_purged_floors":[13,21,38,47],"is_endless":false,"potions_floor_spawned":[3,7,16,22,27,29,35,46],"ascension_level":0}