{"gold_per_floor":[111,131,131,142,152,152,179,179,226,238,264,276,289,305,305,403,403,403,403,403,403,403,403,403,403,403,403,403,46,46,46,46,46,46,46,46,46,46,46,46,46,46,46,46,46],"floor_reached":45,"playtime":4637,"items_purged":["Strike_G"],"score":606,"play_id":"0e28962c-ce63-4b83-b4b9-4530d762df5b","local_time":"20181124163531","is_ascension_mode":false,"campfire_choices":[{"data":"Neutralize","floor":6,"key":"SMITH"},{"data":"All Out Attack","floor":8,"key":"SMITH"},{"data":"Crippling Poison","floor":15,"key":"SMITH"},{"floor":32,"key":"REST"},{"floor":41,"key":"REST"}],"neow_cost":"NONE","seed_source_timestamp":23385995541366,"circlet_count":0,"master_deck":["Defend_G","Defend_G","Defend_G","Defend_G","Defend_G","Strike_G","Strike_G","Strike_G","Strike_G","Survivor","Neutralize+1","Dagger Throw","Endless Agony","Quick Slash","Underhanded Strike","All Out Attack+1","Die Die Die","Unload","Backstab","Well Laid Plans","Crippling Poison+1","Venomology","Deadly Poison","Slice+1","Outmaneuver+1","Dagger Throw","Deflect+1","Finisher+1","Leg Sweep+1","Bouncing Flask+1","Outmaneuver+1","Apotheosis+1","Good Instincts+1","Blade Dance+1","Eviscerate+1","Dagger Spray","Burst+1","Dagger Throw","Escape Plan+1","A Thousand Cuts","Quick Slash+1","PiercingWail+1","Bouncing Flask+1","Crippling Poison+1","Distraction+1"],"relics":["Ring of the Serpent","PreservedInsect","Ninja Scroll","Ancient Tea Set","Snake Skull","Ectoplasm","Regal Pillow","Toxic Egg 2","Strawberry","Thread and Needle","Letter Opener","Gambling Chip"],"potions_floor_usage":[5,12,16,19,20,20,21,21,22,22,23,25,25,28,30,33,35,36,37,37,37,39,40,40,40,42,44,45],"damage_taken":[{"damage":0,"enemies":"2 Louse","floor":1,"turns":4},{"damage":0,"enemies":"Jaw Worm","floor":2,"turns":5},{"damage":0,"enemies":"Cultist","floor":4,"turns":3},{"damage":0,"enemies":"Lots of Slimes","floor":5,"turns":2},{"damage":10,"enemies":"Gremlin Nob","floor":7,"turns":3},{"damage":0,"enemies":"3 Louse","floor":10,"turns":1},{"damage":0,"enemies":"3 Sentries","floor":11,"turns":2},{"damage":0,"enemies":"Red Slaver","floor":12,"turns":4},{"damage":0,"enemies":"Lots of Slimes","floor":13,"turns":1},{"damage":0,"enemies":"Looter","floor":14,"turns":2},{"damage":56,"enemies":"The Guardian","floor":16,"turns":12},{"damage":0,"enemies":"Chosen","floor":18,"turns":3},{"damage":0,"enemies":"Spheric Guardian","floor":19,"turns":1},{"damage":0,"enemies":"Snake Plant","floor":20,"turns":4},{"damage":19,"enemies":"Centurion and Healer","floor":21,"turns":6},{"damage":7,"enemies":"Chosen and Byrds","floor":22,"turns":4},{"damage":2,"enemies":"Slavers","floor":23,"turns":4},{"damage":2,"enemies":"Gremlin Leader","floor":25,"turns":3},{"damage":14,"enemies":"Sentry and Sphere","floor":27,"turns":4},{"damage":0,"enemies":"Slavers","floor":28,"turns":2},{"damage":11,"enemies":"Snake Plant","floor":30,"turns":3},{"damage":4,"enemies":"Snecko","floor":31,"turns":3},{"damage":38,"enemies":"Champ","floor":33,"turns":10},{"damage":9,"enemies":"3 Darklings","floor":35,"turns":5},{"damage":0,"enemies":"Orb Walker","floor":36,"turns":2},{"damage":4,"enemies":"Transient","floor":37,"turns":5},{"damage":13,"enemies":"3 Darklings","floor":38,"turns":3},{"damage":12,"enemies":"Maw","floor":39,"turns":6},{"damage":31,"enemies":"Nemesis","floor":40,"turns":5},{"damage":4,"enemies":"Spire Growth","floor":42,"turns":3},{"damage":0,"enemies":"4 Shapes","floor":44,"turns":4},{"damage":66,"enemies":"Reptomancer","floor":45,"turns":2}],"seed_played":"-1467796398044288771","potions_obtained":[{"floor":2,"key":"Explosive Potion"},{"floor":5,"key":"Energy Potion"},{"floor":10,"key":"SkillPotion"},{"floor":11,"key":"Regen Potion"},{"floor":12,"key":"Energy Potion"},{"floor":20,"key":"PowerPotion"},{"floor":21,"key":"GhostInAJar"},{"floor":25,"key":"Energy Potion"},{"floor":27,"key":"Explosive Potion"},{"floor":30,"key":"Strength Potion"},{"floor":37,"key":"Weak Potion"},{"floor":42,"key":"AttackPotion"},{"floor":44,"key":"SpeedPotion"}],"is_trial":false,"path_per_floor":["M","M","?","M","M","R","E","R","T","M","E","M","M","M","R","B",null,"M","M","M","M","M","E","?","E","T","M","E","$","M","M","R","B",null,"M","M","M","M","M","E","R","M","T","M","E"],"character_chosen":"THE_SILENT","items_purchased":["Apotheosis+1","Good Instincts+1","Blade Dance+1"],"campfire_rested":2,"item_purchase_floors":[29,29,29],"current_hp_per_floor":[70,70,70,70,70,70,60,60,60,60,60,60,60,60,60,4,70,70,70,70,60,53,51,51,49,56,42,42,42,31,27,65,27,77,68,68,64,51,39,8,46,42,42,42,0],"gold":46,"neow_bonus":"RANDOM_COMMON_RELIC","is_prod":false,"is_daily":false,"chose_seed":false,"campfire_upgraded":3,"win_rate":0.0,"timestamp":1543044931,"path_taken":["M","M","?","M","M","R","E","R","T","M","E","M","M","M","R","BOSS","M","M","M","M","M","E","?","E","T","M","E","$","M","?","R","BOSS","M","M","M","M","?","E","R","M","T","M","E"],"build_version":"2018-11-15","purchased_purges":1,"victory":false,"max_hp_per_floor":[70,70,70,70,70,70,70,70,70,70,70,70,70,70,70,70,70,70,70,70,70,70,70,70,70,77,77,77,77,77,77,77,77,77,77,77,77,77,77,77,77,77,77,77,77],"card_choices":[{"not_picked":["Blade Dance","Deflect"],"picked":"Dagger Throw","floor":1},{"not_picked":["Distraction","Choke"],"picked":"Endless Agony","floor":2},{"not_picked":["Calculated Gamble","Backflip"],"picked":"Quick Slash","floor":4},{"not_picked":["Reflex","Deflect"],"picked":"Underhanded Strike","floor":5},{"not_picked":["Deflect","Dagger Throw"],"picked":"All Out Attack","floor":7},{"not_picked":["Calculated Gamble","Masterful Stab"],"picked":"Die Die Die","floor":10},{"not_picked":["Acrobatics","Quick Slash"],"picked":"Unload","floor":11},{"not_picked":["PiercingWail","Dagger Spray"],"picked":"Backstab","floor":12},{"not_picked":["Prepared","Masterful Stab"],"picked":"Well Laid Plans","floor":13},{"not_picked":["Sucker Punch","Expertise"],"picked":"Crippling Poison","floor":14},{"not_picked":["Unload","Malaise"],"picked":"Venomology","floor":16},{"not_picked":["PiercingWail","Heel Hook"],"picked":"Deadly Poison","floor":18},{"not_picked":["Prepared","Underhanded Strike"],"picked":"Slice+1","floor":19},{"not_picked":["Dagger Throw","Sucker Punch"],"picked":"Outmaneuver+1","floor":20},{"not_picked":["Quick Slash","Deflect"],"picked":"Dagger Throw","floor":21},{"not_picked":["Prepared","Calculated Gamble"],"picked":"Deflect+1","floor":22},{"not_picked":["Dodge and Roll+1","Deadly Poison+1"],"picked":"Finisher+1","floor":23},{"not_picked":["Underhanded Strike","Outmaneuver"],"picked":"Leg Sweep+1","floor":25},{"not_picked":["Dagger Spray+1","Burst+1"],"picked":"Bouncing Flask+1","floor":27},{"not_picked":["Prepared+1","Well Laid Plans+1"],"picked":"Outmaneuver+1","floor":28},{"not_picked":["Dash","Sucker Punch"],"picked":"Eviscerate+1","floor":30},{"not_picked":["Underhanded Strike","Dagger Throw"],"picked":"Dagger Spray","floor":31},{"not_picked":["Unload","Tools of the Trade"],"picked":"Burst+1","floor":33},{"not_picked":["Dodge and Roll+1","PiercingWail+1"],"picked":"Dagger Throw","floor":35},{"not_picked":["Outmaneuver+1","Acrobatics+1"],"picked":"Escape Plan+1","floor":36},{"not_picked":["Poisoned Stab+1","Heel Hook+1"],"picked":"A Thousand Cuts","floor":37},{"not_picked":["Deflect+1","Backflip+1"],"picked":"Quick Slash+1","floor":38},{"not_picked":["Outmaneuver+1","Backflip+1"],"picked":"PiercingWail+1","floor":39},{"not_picked":["Infinite Blades","Tactician+1"],"picked":"Bouncing Flask+1","floor":40},{"not_picked":["Poisoned Stab+1","Skewer+1"],"picked":"Crippling Poison+1","floor":42},{"not_picked":["Unload","Footwork+1"],"picked":"Distraction+1","floor":44}],"player_experience":44787,"relics_obtained":[{"floor":7,"key":"Ninja Scroll"},{"floor":9,"key":"Ancient Tea Set"},{"floor":11,"key":"Snake Skull"},{"floor":23,"key":"Regal Pillow"},{"floor":25,"key":"Toxic Egg 2"},{"floor":26,"key":"Strawberry"},{"floor":28,"key":"Thread and Needle"},{"floor":40,"key":"Letter Opener"},{"floor":43,"key":"Gambling Chip"}],"event_choices":[{"damage_healed":0,"gold_gain":0,"player_choice":"Ignored","damage_taken":0,"max_hp_gain":0,"max_hp_loss":0,"event_name":"Liars Game","floor":3,"gold_loss":0},{"damage_healed":0,"gold_gain":100,"player_choice":"Pray","damage_taken":0,"max_hp_gain":0,"max_hp_loss":0,"event_name":"Golden Shrine","floor":24,"gold_loss":0}],"is_beta":false,"boss_relics":[{"not_picked":["Lizard Tail","HoveringKite"],"picked":"Ectoplasm"},{"not_picked":["Velvet Choker","Eternal Feather"],"picked":"Ring of the Serpent"}],"items_purged_floors":[29],"is_endless":false,"potions_floor_spawned":[2,5,10,11,12,20,21,25,27,30,36,37,42,44],"killed_by":"Reptomancer","ascension_level":0}