{"gold_per_floor":[118,128,142,156,32,32,64,83,83,97,97,130,130,141,141,239,239,225,244,274,194,194,194,223,223,223,223,257,257,277,297,297,396,396,411,284,301,301,313,339,339,339,339,65,65,75,75,75,75,75],"floor_reached":51,"playtime":10913,"items_purged":["Defend_R","Strike_R","Defend_R","Regret"],"score":769,"play_id":"0c9e4299-6dcc-4bb0-8dc8-deb81e156856","local_time":"20190317231430","is_ascension_mode":true,"campfire_choices":[{"data":"Metallicize","floor":6,"key":"SMITH"},{"data":"Iron Wave","floor":11,"key":"SMITH"},{"data":"Iron Wave","floor":15,"key":"SMITH"},{"floor":23,"key":"REST"},{"data":"Demon Form","floor":25,"key":"SMITH"},{"data":"Body Slam","floor":32,"key":"SMITH"},{"data":"Impervious","floor":41,"key":"SMITH"},{"data":"Heavy Blade","floor":45,"key":"SMITH"},{"data":"Bash","floor":47,"key":"SMITH"},{"floor":49,"key":"REST"}],"neow_cost":"NONE","seed_source_timestamp":31421597548700,"circlet_count":0,"master_deck":["Strike_R","Strike_R","Strike_R","Defend_R","Defend_R","Bash+1","Thunderclap","Iron Wave+1","Metallicize+1","Shrug It Off","Iron Wave+1","Shrug It Off","Impervious+1","Demon Form+1","Carnage+1","Body Slam+1","Heavy Blade+1","Armaments+1"],"relics":["Burning Blood","Happy Flower","Paper Frog","The Courier","Busted Crown","Red Mask","Ornamental Fan","Bottled Tornado","Kunai","Smiling Mask","Spirit Poop","Cursed Key","Gremlin Horn","Darkstone Periapt","Bag of Preparation"],"potions_floor_usage":[12,12,14,16,16,24,40],"damage_taken":[{"damage":0,"enemies":"Small Slimes","floor":1,"turns":3},{"damage":0,"enemies":"2 Louse","floor":2,"turns":4},{"damage":4,"enemies":"Jaw Worm","floor":3,"turns":4},{"damage":32,"enemies":"Large Slime","floor":4,"turns":11},{"damage":10,"enemies":"3 Sentries","floor":7,"turns":11},{"damage":6,"enemies":"2 Fungi Beasts","floor":8,"turns":4},{"damage":13,"enemies":"Lots of Slimes","floor":10,"turns":6},{"damage":10,"enemies":"Lagavulin","floor":12,"turns":8},{"damage":6,"enemies":"Gremlin Gang","floor":14,"turns":5},{"damage":15,"enemies":"The Guardian","floor":16,"turns":17},{"damage":0,"enemies":"2 Thieves","floor":18,"turns":4},{"damage":7,"enemies":"3 Byrds","floor":19,"turns":7},{"damage":25,"enemies":"Masked Bandits","floor":20,"turns":6},{"damage":13,"enemies":"Slavers","floor":24,"turns":7},{"damage":4,"enemies":"Book of Stabbing","floor":28,"turns":5},{"damage":2,"enemies":"Snake Plant","floor":30,"turns":5},{"damage":14,"enemies":"Centurion and Healer","floor":31,"turns":6},{"damage":17,"enemies":"Champ","floor":33,"turns":9},{"damage":0,"enemies":"3 Shapes","floor":35,"turns":4},{"damage":7,"enemies":"3 Darklings","floor":37,"turns":6},{"damage":15,"enemies":"4 Shapes","floor":39,"turns":7},{"damage":12,"enemies":"Nemesis","floor":40,"turns":7},{"damage":13,"enemies":"Spire Growth","floor":46,"turns":5},{"damage":18,"enemies":"Awakened One","floor":50,"turns":8}],"seed_played":"5079890216558674548","potions_obtained":[{"floor":0,"key":"Weak Potion"},{"floor":0,"key":"Dexterity Potion"},{"floor":0,"key":"EntropicBrew"},{"floor":14,"key":"SkillPotion"},{"floor":18,"key":"Poison Potion"},{"floor":19,"key":"FairyPotion"},{"floor":31,"key":"SpeedPotion"},{"floor":33,"key":"EssenceOfSteel"},{"floor":40,"key":"Poison Potion"}],"is_trial":false,"path_per_floor":["?","?","?","?","?","$","M","?","?","?"],"character_chosen":"IRONCLAD","items_purchased":["Shrug It Off","Heavy Blade","Shrug It Off","Dexterity Potion","GamblersBrew","Bag of Preparation"],"campfire_rested":2,"item_purchase_floors":[5,36,36,44,44,44],"current_hp_per_floor":[80,80,80,54,54,54,50,50,50,43,43,39,32,32,32,23,80,80,79,60,60,45,70,63,63,63,63,65,65,69,61,61,50,85,85,85,84,84,75,69,69,69,69,69,69,62,62,62,81,69],"gold":75,"neow_bonus":"THREE_SMALL_POTIONS","is_prod":false,"is_daily":false,"chose_seed":false,"campfire_upgraded":8,"win_rate":0,"timestamp":1552878870,"path_taken":["M","M","M","M","$","R","E","M","T","M","R","E","?","M","R","BOSS","M","M","?","$","?","R","E","R","T","?","E","?","M","M","R","BOSS","M","?","?","?","M","E","R","?","T","$","R","M","R","?","R","BOSS"],"build_version":"2019-01-23","purchased_purges":4,"victory":true,"max_hp_per_floor":[80,80,80,80,80,80,80,80,80,80,80,80,80,80,80,80,80,80,80,80,80,85,85,85,85,85,85,85,85,85,85,85,85,85,85,85,85,85,85,85,85,85,85,85,85,85,85,81,81,81],"card_choices":[{"not_picked":["Intimidate","Rupture","Heavy Blade"],"picked":"SKIP","floor":1},{"not_picked":["Reckless Charge","Wild Strike"],"picked":"Thunderclap","floor":2},{"not_picked":["Clash","Rupture"],"picked":"Iron Wave","floor":3},{"not_picked":["Heavy Blade","Thunderclap"],"picked":"Metallicize","floor":4},{"not_picked":["Clothesline","Anger"],"picked":"Iron Wave","floor":7},{"not_picked":["Headbutt","Dropkick"],"picked":"Shrug It Off","floor":8},{"not_picked":["Blood for Blood","Armaments","Clash"],"picked":"SKIP","floor":10},{"not_picked":["Pummel","Warcry"],"picked":"Impervious","floor":12},{"not_picked":["Warcry","Rupture","Wild Strike"],"picked":"SKIP","floor":14},{"not_picked":["Impervious","Dark Embrace"],"picked":"Demon Form","floor":16},{"not_picked":["Hemokinesis"],"picked":"SKIP","floor":18},{"not_picked":[],"picked":"Carnage+1","floor":19},{"not_picked":["Clash"],"picked":"SKIP","floor":24},{"not_picked":["Anger"],"picked":"SKIP","floor":28},{"not_picked":[],"picked":"Body Slam","floor":30},{"not_picked":["Bloodletting+1"],"picked":"SKIP","floor":31},{"not_picked":["Dropkick+1"],"picked":"SKIP","floor":35},{"not_picked":["Intimidate"],"picked":"SKIP","floor":37},{"not_picked":["Perfected Strike"],"picked":"SKIP","floor":39},{"not_picked":[],"picked":"Armaments+1","floor":40},{"not_picked":["Anger+1"],"picked":"SKIP","floor":46}],"player_experience":210808,"relics_obtained":[{"floor":7,"key":"Happy Flower"},{"floor":9,"key":"Paper Frog"},{"floor":12,"key":"The Courier"},{"floor":20,"key":"Red Mask"},{"floor":24,"key":"Ornamental Fan"},{"floor":26,"key":"Bottled Tornado"},{"floor":28,"key":"Smiling Mask"},{"floor":40,"key":"Gremlin Horn"},{"floor":43,"key":"Darkstone Periapt"}],"event_choices":[{"cards_removed":["Strike_R"],"damage_healed":0,"gold_gain":0,"player_choice":"Card Removal","damage_taken":7,"max_hp_gain":0,"max_hp_loss":0,"event_name":"Golden Wing","floor":13,"gold_loss":0},{"damage_healed":0,"gold_gain":0,"player_choice":"Fought Bandits","damage_taken":0,"max_hp_gain":0,"max_hp_loss":0,"event_name":"Masked Bandits","floor":20,"gold_loss":0},{"damage_healed":0,"gold_gain":0,"player_choice":"Shed Blood","damage_taken":20,"max_hp_gain":5,"max_hp_loss":0,"event_name":"Forgotten Altar","floor":22,"gold_loss":0},{"damage_healed":0,"gold_gain":0,"player_choice":"Opened","damage_taken":0,"relics_obtained":["Kunai"],"max_hp_gain":0,"max_hp_loss":0,"event_name":"The Mausoleum","floor":27,"gold_loss":0,"cards_obtained":["Writhe"]},{"cards_removed":["Writhe"],"damage_healed":0,"gold_gain":0,"player_choice":"Offered Curse","damage_taken":0,"relics_obtained":["Spirit Poop"],"max_hp_gain":0,"max_hp_loss":0,"event_name":"Bonfire Elementals","floor":29,"gold_loss":0},{"cards_removed":["Shrug It Off"],"damage_healed":0,"gold_gain":0,"player_choice":"Removed Skill","damage_taken":0,"max_hp_gain":0,"max_hp_loss":0,"event_name":"Falling","floor":38,"gold_loss":0},{"damage_healed":0,"gold_gain":0,"player_choice":"Ignored","damage_taken":0,"max_hp_gain":0,"max_hp_loss":0,"event_name":"Mysterious Sphere","floor":42,"gold_loss":0},{"damage_healed":0,"gold_gain":0,"player_choice":"Max HP","damage_taken":0,"max_hp_gain":0,"max_hp_loss":4,"event_name":"Winding Halls","floor":48,"gold_loss":0}],"is_beta":false,"boss_relics":[{"not_picked":["Astrolabe","Pandora\u0027s Box"],"picked":"Busted Crown"},{"not_picked":["Runic Cube","Lizard Tail"],"picked":"Cursed Key"}],"items_purged_floors":[5,21,36,44],"is_endless":false,"potions_floor_spawned":[3,7,12,14,18,19,31,33,40,46],"ascension_level":2}