{"gold_per_floor":[117,117,132,152,152,152,181,181,207,223,256,274,307,356,356,430,430,441,459,384,434,445,445,474,474,499,539,566,578,604,616,628,712,724,750,441,441,457,347,347,357,371,398,423,441,363,394,394,394,394,394,394,394,37,68,68],"floor_reached":57,"playtime":5679,"items_purged":["Bite"],"score":2765,"play_id":"148c7091-8568-492e-a357-140cbb8b0c5c","local_time":"20190328235012","is_ascension_mode":true,"campfire_choices":[{"data":"Whirlwind","floor":6.0,"key":"SMITH"},{"data":"Disarm","floor":8.0,"key":"SMITH"},{"data":"Inflame","floor":15.0,"key":"SMITH"},{"data":"Demon Form","floor":23.0,"key":"SMITH"},{"floor":25.0,"key":"REST"},{"floor":29.0,"key":"REST"},{"data":"Pommel Strike","floor":32.0,"key":"SMITH"},{"data":"True Grit","floor":40.0,"key":"SMITH"},{"floor":49,"key":"RECALL"},{"data":"Entrench","floor":53,"key":"SMITH"}],"neow_cost":"NONE","seed_source_timestamp":0,"circlet_count":0,"master_deck":["AscendersBane","Defend_R","Defend_R","Defend_R","Defend_R","Bash+1","Battle Trance","Whirlwind+1","Disarm+1","Inflame+1","Headbutt","Pommel Strike+1","Demon Form+1","Havoc","Clothesline+1","Metallicize+1","Disarm","Iron Wave+1","Flame Barrier","Bite","Bite","Bite+1","Barricade+1","True Grit+1","Dark Shackles","PanicButton","Entrench+1","Shockwave+1","Feel No Pain+1","Evolve+1","Corruption+1","Body Slam","Ghostly Armor","Shrug It Off","Burning Pact+1"],"special_seed":0,"relics":["Burning Blood","Vajra","Happy Flower","Ginger","Turnip","Lantern","Sozu","Kunai","MawBank","Frozen Egg 2","Runic Pyramid","TheAbacus","Whetstone","Pantograph","Self Forming Clay","Anchor"],"potions_floor_usage":[56],"damage_taken":[{"damage":9.0,"enemies":"Jaw Worm","floor":1.0,"turns":4.0},{"damage":1.0,"enemies":"Cultist","floor":3.0,"turns":3.0},{"damage":3.0,"enemies":"2 Louse","floor":4.0,"turns":4.0},{"damage":10.0,"enemies":"Lagavulin","floor":7.0,"turns":3.0},{"damage":0.0,"enemies":"Large Slime","floor":10.0,"turns":4.0},{"damage":10.0,"enemies":"3 Sentries","floor":11.0,"turns":3.0},{"damage":12.0,"enemies":"Exordium Thugs","floor":12.0,"turns":3.0},{"damage":5.0,"enemies":"Gremlin Nob","floor":13.0,"turns":3.0},{"damage":11.0,"enemies":"The Guardian","floor":16.0,"turns":9.0},{"damage":19.0,"enemies":"Shell Parasite","floor":18.0,"turns":4.0},{"damage":0.0,"enemies":"2 Thieves","floor":19.0,"turns":1.0},{"damage":22.0,"enemies":"Centurion and Healer","floor":22.0,"turns":4.0},{"damage":54.0,"enemies":"Slavers","floor":24.0,"turns":4.0},{"damage":14.0,"enemies":"Book of Stabbing","floor":27.0,"turns":4.0},{"damage":19.0,"enemies":"Shelled Parasite and Fungi","floor":28.0,"turns":6.0},{"damage":3.0,"enemies":"3 Cultists","floor":30.0,"turns":3.0},{"damage":11.0,"enemies":"Champ","floor":33.0,"turns":10.0},{"damage":41.0,"enemies":"3 Darklings","floor":35.0,"turns":5.0},{"damage":11.0,"enemies":"3 Shapes","floor":38.0,"turns":9.0},{"damage":9.0,"enemies":"Writhing Mass","floor":41.0,"turns":9.0},{"damage":11.0,"enemies":"Transient","floor":42.0,"turns":6.0},{"damage":6.0,"enemies":"Giant Head","floor":44.0,"turns":8.0},{"damage":0.0,"enemies":"Maw","floor":45.0,"turns":6.0},{"damage":0,"enemies":"Nemesis","floor":47,"turns":9},{"damage":62,"enemies":"Awakened One","floor":50,"turns":22},{"damage":44,"enemies":"Time Eater","floor":51,"turns":9},{"damage":62,"enemies":"Shield and Spear","floor":55,"turns":7},{"damage":50,"enemies":"The Heart","floor":56,"turns":11}],"seed_played":"6508496236409670094","potions_obtained":[{"floor":1.0,"key":"Energy Potion"},{"floor":3.0,"key":"AttackPotion"},{"floor":12.0,"key":"BloodPotion"},{"floor":13.0,"key":"Swift Potion"}],"is_trial":false,"path_per_floor":["M","?","M","M","?","R","E","R","T","M","E","M","E","T","R","B",null,"M","M","?","?","M","R","E","R","T","E","M","R","M","?","R","B",null,"M","$","?","M","?","R","M","M","T","E","M","$","E","?","R","B","B",null,"R","$","E","B",null],"character_chosen":"IRONCLAD","items_purchased":["True Grit","TheAbacus","Corruption+1","Ghostly Armor","Shrug It Off","Self Forming Clay"],"campfire_rested":2,"item_purchase_floors":[36,36,46,54,54,54],"current_hp_per_floor":[65,65,70,73,50,50,46,46,46,54,52,48,51,51,51,48,68,57,65,65,65,51,51,12,34,34,28,17,39,44,44,44,55,70,42,42,32,41,41,41,52,59,59,71,75,75,75,75,75,58,53,70,70,70,23,20],"gold":68,"neow_bonus":"RANDOM_COMMON_RELIC","is_prod":false,"is_daily":false,"chose_seed":false,"campfire_upgraded":7,"win_rate":0,"timestamp":1553831412,"path_taken":["M","?","?","M","?","R","E","R","T","M","E","M","E","?","R","BOSS","BOSS","M","?","?","?","M","R","E","R","T","E","M","R","?","?","R","BOSS","M","$","?","M","?","R","?","M","T","E","M","$","E","?","R","BOSS","BOSS","R","$","E","BOSS"],"build_version":"2019-03-15","purchased_purges":1,"victory":true,"max_hp_per_floor":[75,75,75,75,75,75,75,75,75,75,75,75,75,75,75,75,75,75,75,75,75,75,75,75,75,75,75,75,75,75,75,75,75,75,75,75,75,75,75,75,75,75,75,75,75,75,75,75,75,75,75,75,75,75,75,75],"card_choices":[{"not_picked":["Burning Pact","Rage"],"picked":"Battle Trance","floor":1.0},{"not_picked":["Flex","Warcry","Entrench"],"picked":"SKIP","floor":3.0},{"not_picked":["Shockwave","Sentinel"],"picked":"Whirlwind","floor":4.0},{"not_picked":["Iron Wave","Power Through"],"picked":"Disarm","floor":7.0},{"not_picked":["Warcry","Cleave"],"picked":"Anger","floor":10.0},{"not_picked":["Sentinel","Wild Strike"],"picked":"Inflame","floor":11.0},{"not_picked":["Blood for Blood","Cleave"],"picked":"Headbutt","floor":12.0},{"not_picked":["Intimidate","Pummel"],"picked":"Pommel Strike","floor":13.0},{"not_picked":["Fiend Fire","Double Tap"],"picked":"Demon Form","floor":16.0},{"not_picked":["Carnage","Dropkick"],"picked":"Havoc","floor":18.0},{"not_picked":["Clash","Combust","Twin Strike"],"picked":"SKIP","floor":19.0},{"not_picked":["Carnage","Perfected Strike"],"picked":"Clothesline","floor":22.0},{"not_picked":["Fiend Fire","Carnage"],"picked":"Metallicize+1","floor":24.0},{"not_picked":["Iron Wave","Warcry"],"picked":"Disarm","floor":27.0},{"not_picked":["Pommel Strike","Entrench"],"picked":"Iron Wave","floor":28.0},{"not_picked":["Corruption+1","True Grit"],"picked":"Flame Barrier","floor":30.0},{"not_picked":["Juggernaut+1","Immolate"],"picked":"Barricade+1","floor":33.0},{"not_picked":["Twin Strike","Body Slam+1","Perfected Strike"],"picked":"SKIP","floor":35.0},{"not_picked":["Secret Weapon","Violence"],"picked":"Dark Shackles","floor":37.0},{"not_picked":["Dark Shackles","Secret Weapon"],"picked":"PanicButton","floor":37.0},{"not_picked":["Clothesline","Headbutt"],"picked":"Entrench","floor":38.0},{"not_picked":["Warcry","Iron Wave"],"picked":"Shockwave+1","floor":41.0},{"not_picked":["Anger","Perfected Strike","Clash"],"picked":"SKIP","floor":42.0},{"not_picked":["Wild Strike+1","Reaper"],"picked":"Feel No Pain+1","floor":44.0},{"not_picked":["Clash","Thunderclap"],"picked":"Evolve+1","floor":45.0},{"not_picked":["Clash","Dual Wield"],"picked":"Body Slam","floor":47},{"not_picked":["Twin Strike+1","Battle Trance"],"picked":"Burning Pact+1","floor":55}],"player_experience":1340472,"relics_obtained":[{"floor":7.0,"key":"Happy Flower"},{"floor":9.0,"key":"Blood Vial"},{"floor":11.0,"key":"Ginger"},{"floor":13.0,"key":"Turnip"},{"floor":14.0,"key":"Lantern"},{"floor":24.0,"key":"Kunai"},{"floor":26.0,"key":"MawBank"},{"floor":27.0,"key":"Frozen Egg 2"},{"floor":44.0,"key":"Whetstone"},{"floor":47,"key":"Pantograph"},{"floor":55,"key":"Anchor"}],"event_choices":[{"cards_removed":["Strike_R"],"damage_healed":0.0,"max_hp_gain":0.0,"max_hp_loss":0.0,"gold_gain":0.0,"event_name":"Wheel of Change","player_choice":"Card Removal","floor":2.0,"gold_loss":0.0,"damage_taken":0.0},{"damage_healed":0.0,"max_hp_gain":0.0,"max_hp_loss":0.0,"gold_gain":0.0,"event_name":"Shining Light","player_choice":"Entered Light","floor":5.0,"gold_loss":0.0,"damage_taken":23.0,"cards_upgraded":["Bash","Strike_R"]},{"cards_removed":["Strike_R"],"damage_healed":0.0,"max_hp_gain":0.0,"max_hp_loss":0.0,"gold_gain":0.0,"event_name":"Beggar","player_choice":"Gave Gold","floor":20.0,"gold_loss":75.0,"damage_taken":0.0},{"damage_healed":0.0,"max_hp_gain":0.0,"max_hp_loss":0.0,"gold_gain":50.0,"event_name":"Golden Shrine","player_choice":"Pray","floor":21.0,"gold_loss":0.0,"damage_taken":0.0},{"damage_healed":0.0,"max_hp_gain":0.0,"max_hp_loss":0.0,"gold_gain":0.0,"event_name":"Vampires","player_choice":"Became a vampire (Vial)","floor":31.0,"relics_lost":["Blood Vial"],"gold_loss":0.0,"damage_taken":0.0,"cards_obtained":["Bite","Bite","Bite","Bite","Bite"]},{"damage_healed":0.0,"max_hp_gain":0.0,"max_hp_loss":0.0,"gold_gain":0.0,"event_name":"SensoryStone","player_choice":"Memory 3","floor":37.0,"gold_loss":0.0,"damage_taken":10.0},{"cards_removed":["Bite"],"damage_healed":0.0,"max_hp_gain":0.0,"max_hp_loss":0.0,"gold_gain":0.0,"event_name":"Designer","player_choice":"Upgrade and Remove","floor":39.0,"gold_loss":110.0,"damage_taken":0.0,"cards_upgraded":["Iron Wave"]},{"cards_removed":["Anger"],"damage_healed":0,"gold_gain":0,"player_choice":"Removed Attack","damage_taken":0,"max_hp_gain":0,"max_hp_loss":0,"event_name":"Falling","floor":48,"gold_loss":0}],"is_beta":true,"boss_relics":[{"not_picked":["Astrolabe","Orrery"],"picked":"Sozu"},{"not_picked":["Lizard Tail","Eternal Feather"],"picked":"Runic Pyramid"}],"items_purged_floors":[36],"is_endless":false,"potions_floor_spawned":[1,3,12,13,19,24,33,41,44,45,47],"ascension_level":20}