{"gold_per_floor":[109,109,184,200,200,234,234,250,250,250,263,281,310,310,310,310],"floor_reached":16,"playtime":1052,"items_purged":[],"score":180,"play_id":"777af713-0bec-48c7-8ed4-a32a0915d9b0","local_time":"20181201172359","is_ascension_mode":true,"campfire_choices":[{"data":"Neutralize","floor":7,"key":"SMITH"},{"data":"Survivor","floor":10,"key":"SMITH"},{"data":"Footwork","floor":15,"key":"SMITH"}],"neow_cost":"NONE","seed_source_timestamp":27088482778536,"circlet_count":0,"master_deck":["Defend_G","Defend_G","Defend_G","Defend_G","Defend_G","Strike_G","Strike_G","Strike_G","Strike_G","Survivor+1","Neutralize+1","Acrobatics","Backflip","Slice","Slice","Footwork+1","Finisher"],"relics":["Ring of the Snake","NeowsBlessing","Darkstone Periapt","Vajra","Pear","PreservedInsect"],"potions_floor_usage":[12],"damage_taken":[{"damage":0,"enemies":"Small Slimes","floor":1,"turns":1},{"damage":0,"enemies":"Jaw Worm","floor":4,"turns":1},{"damage":0,"enemies":"Lagavulin","floor":6,"turns":1},{"damage":0,"enemies":"2 Louse","floor":8,"turns":3},{"damage":0,"enemies":"Looter","floor":11,"turns":3},{"damage":0,"enemies":"Gremlin Gang","floor":12,"turns":6},{"damage":19,"enemies":"3 Sentries","floor":13,"turns":11},{"damage":56,"enemies":"Hexaghost","floor":16,"turns":16}],"seed_played":"2115034887047711439","potions_obtained":[{"floor":11,"key":"Fire Potion"},{"floor":13,"key":"Strength Potion"}],"is_trial":false,"path_per_floor":["M","?","?","M","?","E","R","M","T","R","M","M","E","T","R","B"],"character_chosen":"THE_SILENT","items_purchased":[],"campfire_rested":0,"item_purchase_floors":[],"current_hp_per_floor":[70,75,64,64,64,64,64,64,64,64,64,64,55,55,55,0],"gold":310,"neow_bonus":"THREE_ENEMY_KILL","is_prod":false,"is_daily":false,"chose_seed":false,"campfire_upgraded":3,"win_rate":0,"timestamp":1543652639,"path_taken":["M","?","?","M","?","E","R","M","T","R","M","M","E","?","R","BOSS"],"build_version":"2018-11-15","purchased_purges":0,"victory":false,"max_hp_per_floor":[70,75,75,75,75,75,75,75,75,75,75,75,85,85,85,85],"card_choices":[{"not_picked":["Prepared","All Out Attack"],"picked":"Acrobatics","floor":1},{"not_picked":["Well Laid Plans","Cloak And Dagger"],"picked":"Backflip","floor":4},{"not_picked":["PiercingWail","Phantasmal Killer"],"picked":"Slice","floor":6},{"not_picked":["Flying Knee","Skewer"],"picked":"Slice","floor":8},{"not_picked":["Endless Agony","Poisoned Stab"],"picked":"Footwork","floor":11},{"not_picked":["Dodge and Roll","Poisoned Stab"],"picked":"Finisher","floor":12},{"not_picked":["Sucker Punch","Bane","Dash"],"picked":"SKIP","floor":13}],"player_experience":127164,"relics_obtained":[{"floor":6,"key":"Darkstone Periapt"},{"floor":9,"key":"Vajra"},{"floor":13,"key":"Pear"},{"floor":14,"key":"PreservedInsect"}],"event_choices":[{"damage_healed":0,"gold_gain":0,"player_choice":"Donut","damage_taken":0,"max_hp_gain":5,"max_hp_loss":0,"event_name":"Big Fish","floor":2,"gold_loss":0},{"damage_healed":0,"gold_gain":75,"player_choice":"Gather Gold","damage_taken":11,"max_hp_gain":0,"max_hp_loss":0,"event_name":"World of Goop","floor":3,"gold_loss":0},{"cards_removed":["Strike_G"],"damage_healed":0,"gold_gain":0,"player_choice":"Forget","damage_taken":0,"max_hp_gain":0,"max_hp_loss":0,"event_name":"Living Wall","floor":5,"gold_loss":0}],"is_beta":false,"boss_relics":[],"items_purged_floors":[],"is_endless":false,"potions_floor_spawned":[11,13],"killed_by":"Hexaghost","ascension_level":3}