{"gold_per_floor":[115,127,127,153,153,153,31,59,59,73,73,102,113,33,33,33],"floor_reached":16,"playtime":427,"items_purged":["Regret","Strike_R"],"score":167,"play_id":"3be18770-10c3-4ba2-9a18-47f2003764e4","local_time":"20190324012405","is_ascension_mode":true,"campfire_choices":[{"data":"Bash","floor":6.0,"key":"SMITH"},{"data":"Inflame","floor":11,"key":"SMITH"},{"data":"Twin Strike","floor":15,"key":"SMITH"}],"neow_cost":"NONE","seed_source_timestamp":32662776620813,"circlet_count":0,"master_deck":["AscendersBane","Strike_R","Strike_R","Strike_R","Strike_R","Defend_R","Defend_R","Defend_R","Defend_R","Bash+1","Twin Strike+1","Whirlwind+1","Inflame+1","Twin Strike+1","True Grit","Sword Boomerang+1"],"special_seed":0,"relics":["Burning Blood","Juzu Bracelet","Red Skull","The Courier","Molten Egg 2","Blue Candle","Orichalcum"],"potions_floor_usage":[8],"damage_taken":[{"damage":4.0,"enemies":"Small Slimes","floor":1.0,"turns":4.0},{"damage":9.0,"enemies":"Jaw Worm","floor":2.0,"turns":5.0},{"damage":25,"enemies":"Lagavulin","floor":8,"turns":7},{"damage":8,"enemies":"2 Louse","floor":10,"turns":2},{"damage":10,"enemies":"3 Sentries","floor":12,"turns":3},{"damage":1,"enemies":"Exordium Thugs","floor":13,"turns":3},{"damage":49,"enemies":"The Guardian","floor":16,"turns":9}],"seed_played":"8864076445721139182","potions_obtained":[{"floor":2.0,"key":"AttackPotion"}],"is_trial":false,"path_per_floor":["M","M","?","T","?","R","$","E","T","M","R","E","M","$","R","B"],"character_chosen":"IRONCLAD","items_purchased":["Inflame"],"campfire_rested":0,"item_purchase_floors":[7],"current_hp_per_floor":[74,71,71,71,71,71,71,52,52,50,50,46,51,51,51,2],"gold":33,"neow_bonus":"RANDOM_COMMON_RELIC","is_prod":false,"is_daily":false,"chose_seed":false,"campfire_upgraded":3,"win_rate":0,"timestamp":1553358245,"path_taken":["M","M","?","?","?","R","$","E","T","M","R","E","M","?","R","BOSS"],"build_version":"2019-01-23","purchased_purges":2,"victory":false,"max_hp_per_floor":[80,80,80,80,80,80,80,80,80,80,80,80,80,80,80,80],"card_choices":[{"not_picked":["Burning Pact","Perfected Strike"],"picked":"Twin Strike","floor":1.0},{"not_picked":["Headbutt","Anger"],"picked":"Whirlwind","floor":2.0},{"not_picked":["Rage","Iron Wave","Power Through"],"picked":"SKIP","floor":8},{"not_picked":["Iron Wave+1","Rupture"],"picked":"Twin Strike+1","floor":10},{"not_picked":["Carnage+1","Flame Barrier"],"picked":"True Grit","floor":12},{"not_picked":["Twin Strike+1","Heavy Blade+1"],"picked":"Sword Boomerang+1","floor":13}],"player_experience":386136,"relics_obtained":[{"floor":4.0,"key":"Red Skull"},{"floor":8,"key":"Molten Egg 2"},{"floor":9,"key":"Blue Candle"},{"floor":12,"key":"Orichalcum"}],"event_choices":[{"damage_healed":0.0,"max_hp_gain":0.0,"max_hp_loss":0.0,"gold_gain":0.0,"event_name":"Living Wall","player_choice":"Grow","floor":3.0,"gold_loss":0.0,"damage_taken":0.0,"cards_upgraded":["Whirlwind"]},{"damage_healed":0.0,"max_hp_gain":0.0,"max_hp_loss":0.0,"gold_gain":0.0,"event_name":"Big Fish","player_choice":"Box","floor":5.0,"gold_loss":0.0,"damage_taken":0.0,"relics_obtained":["The Courier"],"cards_obtained":["Regret"]}],"is_beta":false,"boss_relics":[],"items_purged_floors":[7,14],"is_endless":false,"potions_floor_spawned":[2],"killed_by":"The Guardian","ascension_level":11}