{"gold_per_floor":[119,119,134,134,134,164,183,198,198,230,250,250],"floor_reached":12,"playtime":763,"items_purged":[],"score":132,"play_id":"5c620de2-77d6-4036-8207-276a5d1f5aab","local_time":"20190225191330","is_ascension_mode":true,"campfire_choices":[],"neow_cost":"NONE","seed_source_timestamp":23043098060889,"circlet_count":0,"master_deck":["Defend_G","Defend_G","Defend_G","Defend_G","Strike_G","Strike_G","Strike_G","Strike_G","Survivor","Neutralize","Dagger Spray+1","Slice","Accuracy","Deflect","Concentrate","Dash","Corpse Explosion","Crippling Poison"],"relics":["Ring of the Snake","NeowsBlessing","Mango","Nunchaku","Blue Candle"],"potions_floor_usage":[8],"damage_taken":[{"damage":0,"enemies":"Small Slimes","floor":1,"turns":1},{"damage":0,"enemies":"Cultist","floor":3,"turns":1},{"damage":0,"enemies":"3 Sentries","floor":6,"turns":1},{"damage":0,"enemies":"2 Louse","floor":7,"turns":2},{"damage":2,"enemies":"Exordium Thugs","floor":8,"turns":6},{"damage":60,"enemies":"Lagavulin","floor":10,"turns":11},{"damage":1,"enemies":"Looter","floor":11,"turns":4},{"damage":15,"enemies":"3 Sentries","floor":12,"turns":2}],"seed_played":"5870411806536718478","potions_obtained":[{"floor":1,"key":"Dexterity Potion"},{"floor":7,"key":"SkillPotion"},{"floor":10,"key":"Explosive Potion"}],"is_trial":false,"path_per_floor":["M","?","M","?","?","E","M","M","T","E","M","E"],"character_chosen":"THE_SILENT","items_purchased":[],"campfire_rested":0,"item_purchase_floors":[],"current_hp_per_floor":[70,70,70,63,63,77,77,75,75,15,14,0],"gold":250,"neow_bonus":"THREE_ENEMY_KILL","is_prod":false,"is_daily":false,"chose_seed":false,"campfire_upgraded":0,"win_rate":0,"timestamp":1551093210,"path_taken":["M","?","?","?","?","E","M","M","T","E","?","E"],"build_version":"2019-01-23","purchased_purges":0,"victory":false,"max_hp_per_floor":[70,70,70,70,70,84,84,84,84,84,84,84],"card_choices":[{"not_picked":["Masterful Stab","Deflect"],"picked":"Dagger Spray","floor":1},{"not_picked":["Dodge and Roll","Crippling Poison"],"picked":"Accuracy","floor":3},{"not_picked":["Tactician","Flying Knee"],"picked":"Deflect","floor":6},{"not_picked":["Setup","Quick Slash"],"picked":"Concentrate","floor":7},{"not_picked":["Backstab","Bouncing Flask"],"picked":"Dash","floor":8},{"not_picked":["Eviscerate","Distraction"],"picked":"Corpse Explosion","floor":10},{"not_picked":["PiercingWail","Concentrate"],"picked":"Crippling Poison","floor":11}],"player_experience":186242,"relics_obtained":[{"floor":6,"key":"Mango"},{"floor":9,"key":"Nunchaku"},{"floor":10,"key":"Blue Candle"}],"event_choices":[{"damage_healed":0,"gold_gain":0,"cards_transformed":["Strike_G"],"player_choice":"Transformed","damage_taken":0,"max_hp_gain":0,"max_hp_loss":0,"event_name":"Transmorgrifier","floor":2,"gold_loss":0,"cards_obtained":["Slice"]},{"cards_removed":["Defend_G"],"damage_healed":0,"gold_gain":0,"player_choice":"Card Removal","damage_taken":7,"max_hp_gain":0,"max_hp_loss":0,"event_name":"Golden Wing","floor":4,"gold_loss":0},{"damage_healed":0,"gold_gain":0,"player_choice":"Forge","damage_taken":0,"max_hp_gain":0,"max_hp_loss":0,"event_name":"Accursed Blacksmith","floor":5,"gold_loss":0,"cards_upgraded":["Dagger Spray"]}],"is_beta":false,"boss_relics":[],"items_purged_floors":[],"is_endless":false,"potions_floor_spawned":[1,7,10],"killed_by":"3 Sentries","ascension_level":3}