{"gold_per_floor":[109,34,54,67,79,106,6,23,23,41,58,90,103,118,118,217,217,228,228,248,259,274,308,308,341,368,387,387,399,399,418,418,418],"floor_reached":33,"playtime":2963,"items_purged":["Strike_G","Strike_G"],"score":307,"play_id":"0ee9ce58-b3e0-48e1-bd00-28525951fda5","local_time":"20181214051845","is_ascension_mode":false,"campfire_choices":[{"data":"Noxious Fumes","floor":15,"key":"SMITH"},{"data":"Footwork","floor":30,"key":"SMITH"},{"data":"Noxious Fumes","floor":32,"key":"SMITH"}],"neow_cost":"TEN_PERCENT_HP_LOSS","seed_source_timestamp":125462476672277,"circlet_count":0,"master_deck":["Defend_G","Defend_G","Defend_G","Defend_G+1","Defend_G","Strike_G","Strike_G","Survivor","Neutralize","Secret Technique+1","Secret Technique","Sucker Punch","Flying Knee","Crippling Poison","Noxious Fumes+1","Backstab","Noxious Fumes+1","Die Die Die","Footwork+1","Envenom","Backflip+1","Poisoned Stab","Outmaneuver+1","Heel Hook","Caltrops+1","Dagger Throw","PiercingWail+1"],"relics":["Ring of the Snake","Sundial","Peace Pipe","Meat on the Bone","Coffee Dripper","Tough Bandages","Vajra","War Paint","Strawberry"],"potions_floor_usage":[8,20,23],"damage_taken":[{"damage":1,"enemies":"Cultist","floor":1,"turns":5},{"damage":0,"enemies":"Small Slimes","floor":3,"turns":4},{"damage":0,"enemies":"2 Louse","floor":4,"turns":3},{"damage":1,"enemies":"Looter","floor":5,"turns":4},{"damage":28,"enemies":"Lagavulin","floor":6,"turns":9},{"damage":0,"enemies":"2 Fungi Beasts","floor":8,"turns":4},{"damage":5,"enemies":"Blue Slaver","floor":10,"turns":4},{"damage":0,"enemies":"Exordium Thugs","floor":11,"turns":5},{"damage":20,"enemies":"Gremlin Nob","floor":12,"turns":5},{"damage":7,"enemies":"Large Slime","floor":13,"turns":5},{"damage":0,"enemies":"Lots of Slimes","floor":14,"turns":1},{"damage":17,"enemies":"Hexaghost","floor":16,"turns":10},{"damage":2,"enemies":"3 Byrds","floor":18,"turns":4},{"damage":0,"enemies":"Spheric Guardian","floor":20,"turns":6},{"damage":10,"enemies":"Snecko","floor":21,"turns":6},{"damage":21,"enemies":"Sentry and Sphere","floor":22,"turns":6},{"damage":30,"enemies":"Slavers","floor":23,"turns":6},{"damage":23,"enemies":"Gremlin Leader","floor":25,"turns":6},{"damage":10,"enemies":"Snake Plant","floor":27,"turns":5},{"damage":0,"enemies":"Chosen and Byrds","floor":29,"turns":4},{"damage":7,"enemies":"Cultist and Chosen","floor":31,"turns":6},{"damage":40,"enemies":"Champ","floor":33,"turns":12}],"seed_played":"3096892184630574267","potions_obtained":[{"floor":1,"key":"Swift Potion"},{"floor":5,"key":"Poison Potion"},{"floor":6,"key":"Ancient Potion"},{"floor":12,"key":"GhostInAJar"},{"floor":20,"key":"Dexterity Potion"},{"floor":27,"key":"EntropicBrew"},{"floor":28,"key":"Poison Potion"},{"floor":29,"key":"Fire Potion"}],"is_trial":false,"path_per_floor":["M","$","M","M","M","E","$","M","T","M","M","E","M","M","R","B",null,"M","?","M","M","M","E","?","E","T","M","?","M","R","M","R","B"],"character_chosen":"THE_SILENT","items_purchased":[],"campfire_rested":0,"item_purchase_floors":[],"current_hp_per_floor":[62,62,62,62,61,33,33,33,33,28,28,8,13,25,25,20,63,61,61,61,51,42,24,24,13,20,22,22,34,34,39,39,0],"gold":418,"neow_bonus":"RANDOM_COLORLESS_2","is_prod":false,"is_daily":false,"chose_seed":false,"campfire_upgraded":3,"win_rate":0,"timestamp":1544786325,"path_taken":["M","$","M","M","?","E","?","M","T","M","M","E","?","M","R","BOSS","M","?","M","?","M","E","?","E","T","M","?","M","R","M","R","BOSS"],"build_version":"2018-12-13","purchased_purges":2,"victory":false,"max_hp_per_floor":[63,63,63,63,63,63,63,63,63,63,63,63,63,63,63,63,63,63,63,63,63,63,63,63,63,70,70,70,70,70,70,70,70],"card_choices":[{"not_picked":["Outmaneuver","Poisoned Stab"],"picked":"Sucker Punch","floor":1},{"not_picked":["Deflect","Expertise"],"picked":"Flying Knee","floor":3},{"not_picked":["Quick Slash","All Out Attack"],"picked":"Crippling Poison","floor":4},{"not_picked":["Quick Slash","Dagger Spray"],"picked":"Noxious Fumes","floor":5},{"not_picked":["Distraction","Prepared"],"picked":"Backstab","floor":6},{"not_picked":["Masterful Stab","Underhanded Strike","Noxious Fumes"],"picked":"SKIP","floor":8},{"not_picked":["Accuracy","Dagger Spray","Slice"],"picked":"SKIP","floor":10},{"not_picked":["Dodge and Roll","Accuracy"],"picked":"Noxious Fumes","floor":11},{"not_picked":["Backflip","Doppelganger"],"picked":"Die Die Die","floor":12},{"not_picked":["Dagger Spray","Dodge and Roll","Outmaneuver"],"picked":"SKIP","floor":13},{"not_picked":["Dodge and Roll","Well Laid Plans"],"picked":"Footwork","floor":14},{"not_picked":["Corpse Explosion","Venomology"],"picked":"Envenom","floor":16},{"not_picked":["Distraction","Quick Slash"],"picked":"Backflip+1","floor":18},{"not_picked":["Flechettes","Dagger Throw"],"picked":"Poisoned Stab","floor":20},{"not_picked":["Dagger Spray+1","Reflex"],"picked":"Outmaneuver+1","floor":21},{"not_picked":["Distraction","Deadly Poison"],"picked":"Heel Hook","floor":22},{"not_picked":["Dagger Spray","Quick Slash"],"picked":"Caltrops+1","floor":23},{"not_picked":["Blade Dance","Storm of Steel"],"picked":"Dagger Throw","floor":25},{"not_picked":["Blade Dance","Finisher+1","Deadly Poison"],"picked":"SKIP","floor":27},{"not_picked":["Noxious Fumes","Flying Knee","Prepared"],"picked":"SKIP","floor":29},{"not_picked":["Quick Slash","Poisoned Stab"],"picked":"PiercingWail+1","floor":31}],"player_experience":134365,"relics_obtained":[{"floor":6,"key":"Sundial"},{"floor":9,"key":"Peace Pipe"},{"floor":12,"key":"Meat on the Bone"},{"floor":23,"key":"Tough Bandages"},{"floor":25,"key":"War Paint"},{"floor":26,"key":"Strawberry"}],"event_choices":[{"cards_removed":["Strike_G"],"damage_healed":0,"gold_gain":0,"player_choice":"Purged","damage_taken":0,"max_hp_gain":0,"max_hp_loss":0,"event_name":"Purifier","floor":19,"gold_loss":0},{"damage_healed":0,"gold_gain":0,"player_choice":"Opened","damage_taken":0,"relics_obtained":["Vajra"],"max_hp_gain":0,"max_hp_loss":0,"event_name":"The Mausoleum","floor":24,"gold_loss":0},{"damage_healed":0,"gold_gain":0,"player_choice":"Got Potions","damage_taken":0,"max_hp_gain":0,"max_hp_loss":0,"event_name":"Lab","floor":28,"gold_loss":0}],"is_beta":false,"boss_relics":[{"not_picked":["Philosopher\u0027s Stone","Fusion Hammer"],"picked":"Coffee Dripper"}],"items_purged_floors":[2,7],"is_endless":false,"potions_floor_spawned":[1,5,6,12,14,16,20,27,29,31],"killed_by":"Champ","ascension_level":0}