{"gold_per_floor":[113,113,2,15,290,290,308,308,308,326,326,350,18,37,37,160,160,160],"floor_reached":18,"playtime":884,"items_purged":["Injury","Regret"],"score":152,"play_id":"7c2fa4fd-f4e4-48c7-bfb8-1f63ad569d90","local_time":"20190321200523","is_ascension_mode":false,"campfire_choices":[{"data":"Blind","floor":6,"key":"SMITH"},{"floor":8,"key":"REST"},{"floor":15,"key":"REST"}],"neow_cost":"NONE","seed_source_timestamp":156176039819315,"circlet_count":0,"master_deck":["Defend_G","Defend_G","Defend_G","Defend_G","Defend_G","Strike_G","Strike_G","Strike_G","Strike_G","Strike_G","Survivor","Neutralize","Blind+1","Poisoned Stab","Heel Hook","Tactician","Quick Slash","Poisoned Stab","Deadly Poison","Noxious Fumes","Tools of the Trade","Envenom"],"relics":["Ring of the Snake","Golden Idol","Question Card","Anchor","HoveringKite"],"potions_floor_usage":[12,16,16],"damage_taken":[{"damage":0,"enemies":"Small Slimes","floor":1,"turns":5},{"damage":0,"enemies":"Jaw Worm","floor":4,"turns":3},{"damage":12,"enemies":"Cultist","floor":7,"turns":5},{"damage":2,"enemies":"3 Louse","floor":10,"turns":4},{"damage":7,"enemies":"Red Slaver","floor":12,"turns":2},{"damage":0,"enemies":"Lots of Slimes","floor":14,"turns":4},{"damage":34,"enemies":"Slime Boss","floor":16,"turns":9},{"damage":13,"enemies":"3 Byrds","floor":18,"turns":3}],"seed_played":"-4657050087916399569","potions_obtained":[{"floor":7,"key":"GamblersBrew"},{"floor":11,"key":"AttackPotion"},{"floor":11,"key":"Explosive Potion"},{"floor":12,"key":"Poison Potion"}],"is_trial":false,"path_per_floor":["M","?","$","M","?","R","M","R","T","M","?","M","$","M","R","B",null,"M"],"character_chosen":"THE_SILENT","items_purchased":["Heel Hook","Noxious Fumes","Anchor"],"campfire_rested":2,"item_purchase_floors":[3,13,13],"current_hp_per_floor":[70,70,70,70,70,70,58,70,70,68,68,61,61,61,70,36,70,57],"gold":160,"neow_bonus":"RANDOM_COLORLESS","is_prod":false,"is_daily":false,"chose_seed":false,"campfire_upgraded":1,"win_rate":0.0,"timestamp":1553195123,"path_taken":["M","?","$","M","?","R","?","R","T","M","?","M","$","?","R","BOSS","M"],"build_version":"2019-01-23","purchased_purges":2,"victory":false,"max_hp_per_floor":[70,70,70,70,70,70,70,70,70,70,70,70,70,70,70,70,70,70],"card_choices":[{"not_picked":["Blade Dance","Dagger Spray"],"picked":"Poisoned Stab","floor":1},{"not_picked":["Cloak And Dagger","All Out Attack"],"picked":"Tactician","floor":4},{"not_picked":["Cloak And Dagger","Reflex"],"picked":"Quick Slash","floor":7},{"not_picked":["Tactician","Backflip","Dagger Spray"],"picked":"Poisoned Stab","floor":10},{"not_picked":["Dodge and Roll","Catalyst","Sucker Punch"],"picked":"Deadly Poison","floor":12},{"not_picked":["Finisher","Endless Agony","Predator"],"picked":"Tools of the Trade","floor":14},{"not_picked":["A Thousand Cuts","Die Die Die","Bullet Time"],"picked":"Envenom","floor":16}],"player_experience":351297,"relics_obtained":[{"floor":9,"key":"Question Card"}],"event_choices":[{"damage_healed":0,"gold_gain":0,"player_choice":"Take Wound","damage_taken":0,"relics_obtained":["Golden Idol"],"max_hp_gain":0,"max_hp_loss":0,"event_name":"Golden Idol","floor":2,"gold_loss":0,"cards_obtained":["Injury"]},{"damage_healed":0,"gold_gain":275,"player_choice":"Desecrate","damage_taken":0,"max_hp_gain":0,"max_hp_loss":0,"event_name":"Golden Shrine","floor":5,"gold_loss":0,"cards_obtained":["Regret"]},{"damage_healed":0,"gold_gain":0,"player_choice":"Got Potions","damage_taken":0,"max_hp_gain":0,"max_hp_loss":0,"event_name":"Lab","floor":11,"gold_loss":0}],"is_beta":false,"boss_relics":[{"not_picked":["Orrery","Cursed Key"],"picked":"HoveringKite"}],"items_purged_floors":[3,13],"is_endless":false,"potions_floor_spawned":[7,12],"killed_by":"3 Byrds","ascension_level":0}