{"gold_per_floor":[117,132,307,11,86,119,137,155,155,186,186,186,199,233,233,334,334,347,365,375,375,375,375,386,399,399,399,399],"floor_reached":28,"playtime":1403,"items_purged":["Doubt"],"score":240,"play_id":"3f6a87c2-bf23-4425-9318-5c55a3851042","local_time":"20181001014853","is_ascension_mode":false,"campfire_choices":[{"data":"Heavy Blade","floor":12,"key":"SMITH"},{"floor":15,"key":"REST"},{"floor":23,"key":"REST"},{"floor":27,"key":"REST"}],"neow_cost":"NONE","seed_source_timestamp":182493077839530,"circlet_count":0,"master_deck":["Strike_R","Strike_R","Strike_R","Strike_R","Strike_R","Defend_R","Defend_R","Defend_R","Defend_R","Bash","Wild Strike","Heavy Blade+1","Searing Blow","Inflame","Cleave","Perfected Strike","Headbutt","Spot Weakness","Heavy Blade","Thunderclap","Demon Form","Wild Strike","Sword Boomerang","Carnage+1","Headbutt","Feed"],"relics":["Black Blood","PreservedInsect","Centennial Puzzle","Potion Belt","Bottled Flame","Lantern","Matryoshka"],"potions_floor_usage":[6,14,18,24,25],"damage_taken":[{"damage":6,"enemies":"Jaw Worm","floor":1,"turns":3},{"damage":0,"enemies":"2 Louse","floor":2,"turns":2},{"damage":14,"enemies":"Gremlin Nob","floor":6,"turns":3},{"damage":0,"enemies":"Cultist","floor":7,"turns":3},{"damage":10,"enemies":"Looter","floor":8,"turns":3},{"damage":13,"enemies":"3 Sentries","floor":10,"turns":4},{"damage":16,"enemies":"Exordium Thugs","floor":13,"turns":3},{"damage":13,"enemies":"Lagavulin","floor":14,"turns":3},{"damage":52,"enemies":"The Guardian","floor":16,"turns":6},{"damage":10,"enemies":"3 Byrds","floor":18,"turns":3},{"damage":32,"enemies":"Shell Parasite","floor":19,"turns":4},{"damage":44,"enemies":"Shelled Parasite and Fungi","floor":20,"turns":4},{"damage":30,"enemies":"Sentry and Sphere","floor":24,"turns":4},{"damage":8,"enemies":"Snecko","floor":25,"turns":3},{"damage":67,"enemies":"Shelled Parasite and Fungi","floor":28,"turns":5}],"seed_played":"-3319394340283742158","potions_obtained":[{"floor":1,"key":"Fruit Juice"},{"floor":13,"key":"SteroidPotion"},{"floor":16,"key":"LiquidBronze"},{"floor":20,"key":"GamblersBrew"},{"floor":24,"key":"PowerPotion"}],"is_trial":false,"path_per_floor":["M","M","?","$","?","E","M","M","T","E","?","R","M","E","R","B",null,"M","M","M","?","?","R","M","M","T","R"],"character_chosen":"IRONCLAD","items_purchased":["Inflame","PreservedInsect"],"campfire_rested":3,"item_purchase_floors":[4,4],"current_hp_per_floor":[80,80,80,80,69,66,72,68,68,61,85,85,75,68,85,39,85,85,63,29,29,29,54,34,36,36,61,0],"gold":399,"neow_bonus":"THREE_CARDS","is_prod":false,"is_daily":false,"chose_seed":false,"campfire_upgraded":1,"win_rate":0,"timestamp":1538351333,"path_taken":["M","M","?","?","?","E","?","M","T","E","?","R","M","E","R","BOSS","M","M","M","?","?","R","M","M","T","R","M"],"build_version":"2018-09-27","purchased_purges":1,"victory":false,"max_hp_per_floor":[80,80,80,80,80,85,85,85,85,85,85,85,85,85,85,85,85,85,85,85,85,85,85,85,85,85,85,88],"card_choices":[{"not_picked":["Seeing Red","Clash"],"picked":"Wild Strike","floor":0},{"not_picked":["Dual Wield","Evolve"],"picked":"Heavy Blade","floor":1},{"not_picked":["Clash","Bloodletting"],"picked":"Searing Blow","floor":2},{"not_picked":["Clothesline","Warcry"],"picked":"Cleave","floor":6},{"not_picked":["True Grit","Thunderclap"],"picked":"Perfected Strike","floor":7},{"not_picked":["Iron Wave","True Grit"],"picked":"Headbutt","floor":8},{"not_picked":["Second Wind","Shrug It Off"],"picked":"Spot Weakness","floor":10},{"not_picked":["Bloodletting","Exhume"],"picked":"Heavy Blade","floor":13},{"not_picked":["Havoc","Brutality"],"picked":"Thunderclap","floor":14},{"not_picked":["Feed","Fiend Fire"],"picked":"Demon Form","floor":16},{"not_picked":["Rampage","Sword Boomerang"],"picked":"Wild Strike","floor":18},{"not_picked":["Dual Wield","Warcry"],"picked":"Sword Boomerang","floor":19},{"not_picked":["Bloodletting","Warcry+1"],"picked":"Carnage+1","floor":20},{"not_picked":["Thunderclap","Rupture+1"],"picked":"Headbutt","floor":24},{"not_picked":["Twin Strike","Searing Blow"],"picked":"Feed","floor":25}],"player_experience":198853,"relics_obtained":[{"floor":6,"key":"Centennial Puzzle"},{"floor":9,"key":"Potion Belt"},{"floor":10,"key":"Bottled Flame"},{"floor":14,"key":"Lantern"},{"floor":26,"key":"Matryoshka"}],"event_choices":[{"event_name":"Liars Game","player_choice":"agreed","floor":3,"damage_taken":0},{"event_name":"World of Goop","player_choice":"Gather Gold","floor":5,"damage_taken":0},{"event_name":"Big Fish","player_choice":"Banana","floor":11,"damage_taken":0},{"event_name":"Vampires","player_choice":"Ignored","floor":21,"damage_taken":0},{"event_name":"Match and Keep!","player_choice":"0 cards matched","floor":22,"damage_taken":0}],"is_beta":false,"boss_relics":[{"not_picked":["Tiny House","Velvet Choker"],"picked":"Black Blood"}],"items_purged_floors":[4],"is_endless":false,"potions_floor_spawned":[1,13,16,20,24],"killed_by":"Shelled Parasite and Fungi","ascension_level":0}