{"gold_per_floor":[216,216,216,230,57,57,70,70,123,49,49,49,68,86,86,189,189,179,179,179,179,194,194,213,145,145,145,145,160,160,179,179,274,274,290,307,325,325,325,325,325,325,348,323,334,334,43,62,62,62],"floor_reached":51,"playtime":1801,"items_purged":["Anger+1"],"score":685,"play_id":"0d6982b4-e5d1-4c3d-aaa0-a679ac1797e8","local_time":"20181002200457","is_ascension_mode":false,"campfire_choices":[{"data":"True Grit","floor":6,"key":"SMITH"},{"data":"Juggernaut","floor":8,"key":"SMITH"},{"data":"Exhume","floor":11,"key":"SMITH"},{"floor":15,"key":"REST"},{"data":"Barricade","floor":23,"key":"SMITH"},{"data":"Armaments","floor":28,"key":"SMITH"},{"floor":30,"key":"REST"},{"data":"Feel No Pain","floor":32,"key":"SMITH"},{"floor":40,"key":"REST"},{"data":"Exhume","floor":42,"key":"SMITH"},{"floor":49,"key":"REST"}],"neow_cost":"NONE","seed_source_timestamp":10302268023518,"circlet_count":0,"master_deck":["Strike_R","Strike_R","Strike_R","Strike_R","Strike_R","Defend_R","Defend_R","Defend_R","Defend_R","Bash","Juggernaut+1","Feel No Pain+1","Havoc","True Grit+1","Exhume+1","Metallicize","Burning Pact","True Grit","Barricade+1","Ghostly Armor","Havoc","Armaments+1","Metallicize","Metallicize","Exhume+1","Corruption+1","Body Slam","Feel No Pain","Sentinel","Iron Wave","Ghostly Armor+1","Body Slam+1","Doubt","Body Slam","Combust","Madness","Madness","Power Through+1"],"relics":["Burning Blood","Tiny Chest","Darkstone Periapt","Mark of Pain","Letter Opener","Lantern","Orrery","Paper Frog","Regal Pillow","Thread and Needle"],"potions_floor_usage":[16,18,29,36,50,50,50],"damage_taken":[{"damage":6,"enemies":"Jaw Worm","floor":1,"turns":3},{"damage":1,"enemies":"Cultist","floor":4,"turns":3},{"damage":3,"enemies":"Small Slimes","floor":7,"turns":4},{"damage":10,"enemies":"Red Slaver","floor":13,"turns":3},{"damage":18,"enemies":"Looter","floor":14,"turns":4},{"damage":71,"enemies":"Hexaghost","floor":16,"turns":10},{"damage":26,"enemies":"2 Thieves","floor":18,"turns":5},{"damage":3,"enemies":"Chosen","floor":22,"turns":5},{"damage":19,"enemies":"Snake Plant","floor":24,"turns":4},{"damage":12,"enemies":"Centurion and Healer","floor":29,"turns":8},{"damage":4,"enemies":"Cultist and Chosen","floor":31,"turns":5},{"damage":5,"enemies":"Champ","floor":33,"turns":16},{"damage":10,"enemies":"3 Shapes","floor":35,"turns":5},{"damage":15,"enemies":"3 Darklings","floor":36,"turns":8},{"damage":41,"enemies":"Spire Growth","floor":37,"turns":7},{"damage":0,"enemies":"Sphere and 2 Shapes","floor":45,"turns":7},{"damage":6,"enemies":"Maw","floor":48,"turns":7},{"damage":20,"enemies":"Donu and Deca","floor":50,"turns":8}],"seed_played":"4005031345427136331","potions_obtained":[{"floor":7,"key":"FearPotion"},{"floor":14,"key":"Swift Potion"},{"floor":22,"key":"AttackPotion"},{"floor":29,"key":"GamblersBrew"},{"floor":33,"key":"SkillPotion"},{"floor":37,"key":"LiquidBronze"},{"floor":48,"key":"BloodPotion"}],"is_trial":false,"path_per_floor":["M","?","?","M","$","R","M","R","T","$","R","T","M","M","R","B",null,"M","?","$","?","M","R","M","$","T","T","R","M","R","M","R","B",null,"M","M","M","T","$","R","?","R","T","$","M","?","$","M","R","B"],"character_chosen":"IRONCLAD","items_purchased":["Havoc","True Grit","Metallicize","Metallicize","Body Slam","Thread and Needle"],"campfire_rested":4,"item_purchase_floors":[5,5,10,25,44,47],"current_hp_per_floor":[80,80,80,80,80,80,80,80,80,80,80,80,76,64,80,15,80,60,60,60,80,80,80,67,67,67,67,67,61,80,80,80,80,80,76,67,32,32,32,56,86,86,86,86,86,75,75,75,86,80],"gold":62,"neow_bonus":"HUNDRED_GOLD","is_prod":false,"is_daily":false,"chose_seed":false,"campfire_upgraded":7,"win_rate":0,"timestamp":1538503497,"path_taken":["M","?","?","M","$","R","M","R","T","$","R","?","M","M","R","BOSS","M","?","$","?","M","R","M","$","T","?","R","M","R","M","R","BOSS","M","M","M","?","$","R","?","R","T","$","M","?","$","M","R","BOSS"],"build_version":"2018-09-27","purchased_purges":1,"victory":true,"max_hp_per_floor":[80,80,80,80,80,80,80,80,80,80,80,80,80,80,80,80,80,80,80,80,80,80,80,80,80,80,80,80,80,80,80,80,80,80,80,80,80,80,80,80,86,86,86,86,86,86,86,86,86,86],"card_choices":[{"not_picked":["Sword Boomerang","Twin Strike"],"picked":"Anger","floor":1},{"not_picked":["Carnage","Iron Wave"],"picked":"Feel No Pain","floor":4},{"not_picked":["True Grit","Headbutt"],"picked":"Exhume","floor":7},{"not_picked":["Sword Boomerang","Evolve"],"picked":"Burning Pact","floor":13},{"not_picked":["Evolve","Anger"],"picked":"True Grit","floor":14},{"not_picked":["Brutality","Impervious"],"picked":"Barricade","floor":16},{"not_picked":["Second Wind+1","Shockwave"],"picked":"Ghostly Armor","floor":18},{"not_picked":["Sword Boomerang","Heavy Blade+1"],"picked":"Havoc","floor":22},{"not_picked":["Combust","Wild Strike"],"picked":"Armaments","floor":24},{"not_picked":["Clash","Intimidate"],"picked":"Metallicize","floor":29},{"not_picked":["Dual Wield+1","Flex+1","Iron Wave+1"],"picked":"SKIP","floor":31},{"not_picked":["Brutality","Fiend Fire"],"picked":"Exhume","floor":33},{"not_picked":["Searing Blow","Sword Boomerang+1"],"picked":"Corruption+1","floor":34},{"not_picked":["Anger","Armaments"],"picked":"Body Slam","floor":34},{"not_picked":["Pommel Strike","Shrug It Off"],"picked":"Feel No Pain","floor":34},{"not_picked":["Corruption","Iron Wave"],"picked":"Sentinel","floor":34},{"not_picked":["Sword Boomerang","Feed"],"picked":"Iron Wave","floor":34},{"not_picked":["Wild Strike+1","Rampage+1"],"picked":"Ghostly Armor+1","floor":35},{"not_picked":["Rampage","Havoc+1","Warcry"],"picked":"SKIP","floor":36},{"not_picked":["Flex+1","Clothesline+1"],"picked":"Body Slam+1","floor":37},{"not_picked":["Heavy Blade","Wild Strike"],"picked":"Combust","floor":45},{"not_picked":["Wild Strike","Blood for Blood"],"picked":"Power Through+1","floor":48}],"player_experience":208475,"relics_obtained":[{"floor":9,"key":"Tiny Chest"},{"floor":12,"key":"Darkstone Periapt"},{"floor":26,"key":"Letter Opener"},{"floor":27,"key":"Lantern"},{"floor":38,"key":"Paper Frog"},{"floor":43,"key":"Regal Pillow"}],"event_choices":[{"event_name":"Upgrade Shrine","player_choice":"Upgraded","floor":2,"damage_taken":0},{"event_name":"Match and Keep!","player_choice":"1 cards matched","floor":3,"damage_taken":0},{"event_name":"Ghosts","player_choice":"Ignored","floor":19,"damage_taken":0},{"event_name":"The Library","player_choice":"Heal","floor":21,"damage_taken":0},{"event_name":"MindBloom","player_choice":"Heal","floor":41,"damage_taken":0},{"event_name":"Winding Halls","player_choice":"Embrace Madness","floor":46,"damage_taken":0}],"is_beta":false,"boss_relics":[{"not_picked":["White Beast Statue","Cursed Key"],"picked":"Mark of Pain"},{"not_picked":["Runic Pyramid","Velvet Choker"],"picked":"Orrery"}],"items_purged_floors":[5],"is_endless":false,"potions_floor_spawned":[7,14,22,29,33,37,48],"ascension_level":0}