{"gold_per_floor":[113,113,113,113,125,125,53,111,135,135,153,153,78,95,95,193,193,210,210,224,241,259,259,159,159,159,159,34,34,49,64,64,64],"floor_reached":33,"playtime":1921,"items_purged":["Strike_R","Defend_R","Strike_R"],"score":260,"play_id":"e2936a5c-2fcd-49fb-a15f-c09e0fd221e0","local_time":"20181005004118","is_ascension_mode":false,"campfire_choices":[{"data":"Bash","floor":6.0,"key":"SMITH"},{"floor":12.0,"key":"REST"},{"data":"Shrug It Off","floor":15.0,"key":"SMITH"},{"floor":23.0,"key":"REST"},{"floor":29.0,"key":"REST"},{"floor":32.0,"key":"REST"}],"neow_cost":"NONE","seed_source_timestamp":0,"circlet_count":0,"master_deck":["Strike_R+1","Defend_R","Defend_R","Bash+1","Shrug It Off+1","Dropkick+1","Offering","Necronomicurse"],"special_seed":0,"relics":["Burning Blood","Question Card","Blue Candle","Whetstone","White Beast Statue","Strawberry","Necronomicon"],"potions_floor_usage":[33,33],"damage_taken":[{"damage":6.0,"enemies":"Jaw Worm","floor":1.0,"turns":3.0},{"damage":7.0,"enemies":"2 Louse","floor":5.0,"turns":3.0},{"damage":24.0,"enemies":"Gremlin Nob","floor":8.0,"turns":4.0},{"damage":2.0,"enemies":"Cultist","floor":11.0,"turns":4.0},{"damage":5.0,"enemies":"Red Slaver","floor":14.0,"turns":4.0},{"damage":49.0,"enemies":"The Guardian","floor":16.0,"turns":12.0},{"damage":7.0,"enemies":"Shell Parasite","floor":18.0,"turns":4.0},{"damage":9.0,"enemies":"Colosseum Slavers","floor":19.0,"turns":4.0},{"damage":15.0,"enemies":"2 Thieves","floor":20.0,"turns":4.0},{"damage":37.0,"enemies":"Shelled Parasite and Fungi","floor":21.0,"turns":6.0},{"damage":15.0,"enemies":"Snake Plant","floor":22.0,"turns":4.0},{"damage":10.0,"enemies":"Centurion and Healer","floor":30.0,"turns":4.0},{"damage":6.0,"enemies":"Cultist and Chosen","floor":31.0,"turns":4.0},{"damage":101,"enemies":"Collector","floor":33,"turns":6}],"seed_played":"-1192947567345834553","potions_obtained":[{"floor":1.0,"key":"Weak Potion"},{"floor":11.0,"key":"PowerPotion"},{"floor":14.0,"key":"Swift Potion"},{"floor":20.0,"key":"Fruit Juice"},{"floor":21.0,"key":"BloodPotion"},{"floor":30.0,"key":"SmokeBomb"},{"floor":31.0,"key":"GamblersBrew"}],"is_trial":false,"path_per_floor":["M","?","?","?","M","R","$","?","T","?","M","R","$","M","R","B",null,"M","?","M","M","M","R","$","?","T","?","$","R","M","M","R"],"character_chosen":"IRONCLAD","items_purchased":["Dropkick"],"campfire_rested":4,"item_purchase_floors":[7],"current_hp_per_floor":[80,85,85,82,81,81,81,63,63,56,60,85,85,85,85,42,85,84,81,72,46,46,73,73,64,71,55,55,84,80,80,97,0],"gold":64,"neow_bonus":"REMOVE_CARD","is_prod":false,"is_daily":false,"chose_seed":false,"campfire_upgraded":2,"win_rate":0,"timestamp":1538692878,"path_taken":["M","?","?","?","M","R","?","?","T","?","?","R","$","M","R","BOSS","M","?","?","M","M","R","$","?","T","?","$","R","M","M","R","BOSS"],"build_version":"2018-09-27","purchased_purges":3,"victory":false,"max_hp_per_floor":[80,85,85,85,85,85,85,85,85,85,85,85,85,85,85,85,85,85,85,85,90,90,90,90,90,97,97,97,97,97,97,97,97],"card_choices":[{"not_picked":["Spot Weakness","Sword Boomerang"],"picked":"Shrug It Off","floor":1.0},{"not_picked":["Heavy Blade","Disarm","Perfected Strike","Inflame"],"picked":"SKIP","floor":5.0},{"not_picked":["Havoc","Flex","Ghostly Armor","Perfected Strike"],"picked":"SKIP","floor":11.0},{"not_picked":["Anger","Headbutt","Juggernaut","Armaments"],"picked":"SKIP","floor":14.0},{"not_picked":["Fiend Fire","Exhume","Double Tap"],"picked":"Offering","floor":16.0},{"not_picked":["Perfected Strike+1","Warcry","Armaments","Pommel Strike"],"picked":"SKIP","floor":18.0},{"not_picked":["Seeing Red","Wild Strike","True Grit+1","Warcry+1"],"picked":"SKIP","floor":20.0},{"not_picked":["Iron Wave","Reaper","Twin Strike+1","Armaments"],"picked":"SKIP","floor":21.0},{"not_picked":["Wild Strike","Bloodletting","Flex","Perfected Strike"],"picked":"SKIP","floor":22.0},{"not_picked":["Burning Pact+1","Flex","Rampage","Body Slam"],"picked":"SKIP","floor":30.0},{"not_picked":["Cleave","Offering","Body Slam","Headbutt"],"picked":"SKIP","floor":31.0}],"player_experience":221209,"relics_obtained":[{"floor":8.0,"key":"Blue Candle"},{"floor":9.0,"key":"Whetstone"},{"floor":26.0,"key":"Strawberry"},{"floor":27.0,"key":"Necronomicon"}],"event_choices":[{"event_name":"Big Fish","player_choice":"Donut","floor":2.0,"damage_taken":0.0},{"event_name":"Purifier","player_choice":"One Purge","floor":3.0,"damage_taken":0.0},{"event_name":"Scrap Ooze","player_choice":"success","floor":4.0,"damage_taken":3.0},{"event_name":"Dead Adventurer","player_choice":"Searched \u00272\u0027 times","floor":8.0,"damage_taken":0.0},{"event_name":"Golden Wing","player_choice":"Card Removal","floor":10.0,"damage_taken":0.0},{"event_name":"Colosseum","player_choice":"Fight","floor":19.0,"damage_taken":0.0},{"event_name":"Colosseum","player_choice":"Fled From Nobs","floor":19.0,"damage_taken":0.0},{"event_name":"Wheel of Change","player_choice":"Damage","floor":25.0,"damage_taken":0.0},{"event_name":"Cursed Tome","player_choice":"Obtained Book","floor":27.0,"damage_taken":0.0}],"is_beta":false,"boss_relics":[{"not_picked":["Black Blood","Cursed Key"],"picked":"White Beast Statue"}],"items_purged_floors":[13,24,28],"is_endless":false,"potions_floor_spawned":[1,11,14,18,19,20,21,22,30,31],"killed_by":"Collector","ascension_level":0}