{"gold_per_floor":[114,114,114,125,138,164,164,164,191,191,219,231,254,291,303,394,406,435,458,470,482,53,53,78,78,78,95,108,108,119,129,129,202,202,214,232,232,248,248,248,279,279,304,304,333,333,366,385,385,385,385,385,385,38,63,63],"floor_reached":57,"playtime":6104,"items_purged":["Static Discharge+1"],"score":2831,"play_id":"ae2d02ff-de4a-49d8-8c10-36b3c64b74a1","local_time":"20190328015854","is_ascension_mode":true,"campfire_choices":[{"data":"Zap","floor":8.0,"key":"SMITH"},{"data":"Self Repair","floor":10.0,"key":"SMITH"},{"data":"Go for the Eyes","floor":15.0,"key":"SMITH"},{"data":"Force Field","floor":23.0,"key":"SMITH"},{"data":"Undo","floor":29.0,"key":"SMITH"},{"data":"Coolheaded","floor":32.0,"key":"SMITH"},{"data":"Creative AI","floor":40.0,"key":"SMITH"},{"data":"Capacitor","floor":42.0,"key":"SMITH"},{"floor":46.0,"key":"RECALL"},{"data":"Multi-Cast","floor":49.0,"key":"SMITH"},{"data":"Dark Shackles","floor":53.0,"key":"SMITH"}],"neow_cost":"NONE","seed_source_timestamp":1281233323537215,"circlet_count":0,"master_deck":["AscendersBane","Defend_B+1","Defend_B+1","Defend_B+1","Defend_B+1","Zap+1","Dualcast+1","Compile Driver","Self Repair+1","Cold Snap","Conserve Battery+1","Multi-Cast+1","Defragment+1","Go for the Eyes+1","Echo Form","Force Field+1","Leap+1","Undo+1","Glacier+1","Coolheaded+1","Creative AI+1","Glacier+1","Hologram+1","Loop+1","Capacitor+1","Dark Shackles+1","Master of Strategy","Coolheaded+1"],"special_seed":0,"relics":["Cracked Core","Ice Cream","Singing Bowl","MawBank","DataDisk","Philosopher\u0027s Stone","Bag of Preparation","Mummified Hand","Art of War","Bag of Marbles","Astrolabe","Centennial Puzzle","Strawberry","Oddly Smooth Stone","Unceasing Top","War Paint","Dodecahedron"],"potions_floor_usage":[56],"damage_taken":[{"damage":0.0,"enemies":"2 Louse","floor":1.0,"turns":3.0},{"damage":1.0,"enemies":"Cultist","floor":4.0,"turns":3.0},{"damage":0.0,"enemies":"Jaw Worm","floor":5.0,"turns":5.0},{"damage":42.0,"enemies":"3 Sentries","floor":6.0,"turns":16.0},{"damage":26.0,"enemies":"Gremlin Nob","floor":11.0,"turns":4.0},{"damage":10.0,"enemies":"Looter","floor":13.0,"turns":3.0},{"damage":3.0,"enemies":"Lagavulin","floor":14.0,"turns":5.0},{"damage":3.0,"enemies":"Hexaghost","floor":16.0,"turns":8.0},{"damage":16.0,"enemies":"Shell Parasite","floor":18.0,"turns":11.0},{"damage":28.0,"enemies":"Spheric Guardian","floor":19.0,"turns":6.0},{"damage":35.0,"enemies":"Slavers","floor":24.0,"turns":8.0},{"damage":9.0,"enemies":"Cultist and Chosen","floor":27.0,"turns":7.0},{"damage":5.0,"enemies":"Sentry and Sphere","floor":28.0,"turns":6.0},{"damage":10.0,"enemies":"Snake Plant","floor":30.0,"turns":5.0},{"damage":0.0,"enemies":"Centurion and Healer","floor":31.0,"turns":6.0},{"damage":55.0,"enemies":"Collector","floor":33.0,"turns":16.0},{"damage":16.0,"enemies":"3 Shapes","floor":35.0,"turns":6.0},{"damage":2.0,"enemies":"Orb Walker","floor":36.0,"turns":4.0},{"damage":0.0,"enemies":"Spire Growth","floor":38.0,"turns":11.0},{"damage":8.0,"enemies":"Giant Head","floor":41.0,"turns":15.0},{"damage":17.0,"enemies":"Reptomancer","floor":45.0,"turns":5.0},{"damage":0.0,"enemies":"Nemesis","floor":47.0,"turns":7.0},{"damage":0.0,"enemies":"4 Shapes","floor":48.0,"turns":7.0},{"damage":20.0,"enemies":"Donu and Deca","floor":50.0,"turns":10.0},{"damage":1.0,"enemies":"Time Eater","floor":51.0,"turns":12.0},{"damage":21.0,"enemies":"Shield and Spear","floor":55.0,"turns":12.0},{"damage":71,"enemies":"The Heart","floor":56,"turns":14}],"seed_played":"-6683036001448255276","potions_obtained":[{"floor":11.0,"key":"Ancient Potion"},{"floor":13.0,"key":"AttackPotion"},{"floor":14.0,"key":"PowerPotion"},{"floor":16.0,"key":"Poison Potion"},{"floor":19.0,"key":"Dexterity Potion"},{"floor":30.0,"key":"AttackPotion"},{"floor":31.0,"key":"Block Potion"},{"floor":36.0,"key":"FairyPotion"}],"is_trial":false,"path_per_floor":["M","?","?","M","M","E","T","R","T","R","E","?","M","E","R","B",null,"M","M","?","?","$","R","E","?","T","M","M","R","M","M","R","B",null,"M","M","?","M","?","R","E","R","T","?","E","R","E","M","R","B","B",null,"R","$","E","B",null],"character_chosen":"DEFECT","items_purchased":["Bag of Preparation","Mummified Hand","Swift Potion","Coolheaded","War Paint"],"campfire_rested":0,"item_purchase_floors":[22,22,54,54,54],"current_hp_per_floor":[71,71,60,66,73,38,38,38,38,38,22,22,22,31,31,38,70,74,66,66,66,66,66,41,41,41,54,51,51,61,81,81,46,75,71,79,79,88,88,88,88,88,95,87,82,82,101,103,103,103,103,103,103,103,104,43],"gold":63,"neow_bonus":"TEN_PERCENT_HP_BONUS","is_prod":false,"is_daily":false,"chose_seed":false,"campfire_upgraded":10,"win_rate":0,"timestamp":1553752734,"path_taken":["M","?","?","M","?","E","?","R","T","R","E","?","?","E","R","BOSS","M","?","?","?","$","R","E","?","T","M","M","R","?","M","R","BOSS","M","M","?","?","?","R","E","R","T","?","E","R","E","M","R","BOSS","BOSS","R","$","E","BOSS"],"build_version":"2019-03-15","purchased_purges":1,"victory":true,"max_hp_per_floor":[78,78,78,78,78,78,78,78,78,78,78,78,78,80,80,80,80,80,80,80,80,80,80,80,80,80,82,84,84,84,84,84,84,84,86,86,86,88,88,88,88,88,95,97,99,99,101,103,103,103,103,103,103,103,105,105],"card_choices":[{"not_picked":["Sweeping Beam","Beam Cell"],"picked":"Compile Driver","floor":1.0},{"not_picked":["Consume","Leap"],"picked":"Cold Snap","floor":4.0},{"not_picked":["Turbo","Leap"],"picked":"Conserve Battery","floor":5.0},{"not_picked":["Sweeping Beam","Stack"],"picked":"Multi-Cast","floor":6.0},{"not_picked":["Ball Lightning","Steam Power"],"picked":"Defragment","floor":11.0},{"not_picked":["Scrape","Heatsinks"],"picked":"Go for the Eyes","floor":13.0},{"not_picked":["Redo","Consume","Steam"],"picked":"Singing Bowl","floor":14.0},{"not_picked":["Thunder Strike","Rainbow"],"picked":"Echo Form","floor":16.0},{"not_picked":["Leap","Redo+1"],"picked":"Force Field","floor":18.0},{"not_picked":["Multi-Cast","Barrage"],"picked":"Leap+1","floor":19.0},{"not_picked":["Melter","Fusion"],"picked":"Undo","floor":24.0},{"not_picked":["Redo+1","Sweeping Beam","Barrage+1"],"picked":"Singing Bowl","floor":27.0},{"not_picked":["Recycle","Redo","Stack"],"picked":"Singing Bowl","floor":28.0},{"not_picked":["Chill","Compile Driver+1"],"picked":"Glacier+1","floor":30.0},{"not_picked":["FTL","Redo"],"picked":"Coolheaded","floor":31.0},{"not_picked":["Electrodynamics","Machine Learning"],"picked":"Creative AI","floor":33.0},{"not_picked":["Go for the Eyes","Rebound+1","Barrage"],"picked":"Singing Bowl","floor":35.0},{"not_picked":["Stack","Chaos"],"picked":"Loop","floor":36.0},{"not_picked":["Barrage","Reprogram+1","Leap"],"picked":"Singing Bowl","floor":38.0},{"not_picked":["Aggregate","Beam Cell+1"],"picked":"Capacitor","floor":41.0},{"not_picked":["Mayhem","Finesse","Purity"],"picked":"Singing Bowl","floor":44.0},{"not_picked":["Panache","Jack Of All Trades"],"picked":"Dark Shackles","floor":44.0},{"not_picked":["Blind","Panache"],"picked":"Master of Strategy","floor":44.0},{"not_picked":["Ball Lightning+1","Glacier","Barrage"],"picked":"Singing Bowl","floor":45.0},{"not_picked":["Conserve Battery","Turbo","Machine Learning"],"picked":"Singing Bowl","floor":47.0},{"not_picked":["BootSequence","Genetic Algorithm","Barrage"],"picked":"Singing Bowl","floor":48.0},{"not_picked":["Streamline+1","Rebound+1","Redo"],"picked":"Singing Bowl","floor":55.0}],"player_experience":1330470,"relics_obtained":[{"floor":6.0,"key":"Ice Cream"},{"floor":7.0,"key":"Singing Bowl"},{"floor":11.0,"key":"MawBank"},{"floor":14.0,"key":"DataDisk"},{"floor":24.0,"key":"Art of War"},{"floor":26.0,"key":"Bag of Marbles"},{"floor":41.0,"key":"Centennial Puzzle"},{"floor":43.0,"key":"Strawberry"},{"floor":45.0,"key":"Oddly Smooth Stone"},{"floor":47.0,"key":"Unceasing Top"},{"floor":55.0,"key":"Dodecahedron"}],"event_choices":[{"damage_healed":0.0,"max_hp_gain":0.0,"max_hp_loss":0.0,"gold_gain":0.0,"cards_transformed":["Strike_B"],"event_name":"Living Wall","player_choice":"Change","floor":2.0,"gold_loss":0.0,"damage_taken":0.0,"cards_obtained":["Self Repair"]},{"damage_healed":0.0,"max_hp_gain":0.0,"max_hp_loss":0.0,"gold_gain":0.0,"event_name":"Wheel of Change","player_choice":"Damaged","floor":3.0,"gold_loss":0.0,"damage_taken":11.0},{"damage_healed":0.0,"max_hp_gain":0.0,"max_hp_loss":0.0,"gold_gain":0.0,"event_name":"Upgrade Shrine","player_choice":"Upgraded","floor":12.0,"gold_loss":0.0,"damage_taken":0.0,"cards_upgraded":["Defragment"]},{"damage_healed":0.0,"max_hp_gain":0.0,"max_hp_loss":0.0,"gold_gain":0.0,"event_name":"Back to Basics","player_choice":"Simplicity","floor":20.0,"gold_loss":0.0,"damage_taken":0.0,"cards_upgraded":["Strike_B","Strike_B","Strike_B","Defend_B","Defend_B","Defend_B","Defend_B"]},{"damage_healed":0.0,"max_hp_gain":0.0,"max_hp_loss":0.0,"gold_gain":0.0,"event_name":"Vampires","player_choice":"Ignored","floor":21.0,"gold_loss":0.0,"damage_taken":0.0},{"damage_healed":0.0,"max_hp_gain":0.0,"max_hp_loss":0.0,"gold_gain":0.0,"event_name":"Accursed Blacksmith","player_choice":"Forge","floor":25.0,"gold_loss":0.0,"damage_taken":0.0,"cards_upgraded":["Conserve Battery"]},{"damage_healed":0.0,"max_hp_gain":0.0,"max_hp_loss":0.0,"gold_gain":0.0,"event_name":"Upgrade Shrine","player_choice":"Upgraded","floor":37.0,"gold_loss":0.0,"damage_taken":0.0,"cards_upgraded":["Loop"]},{"damage_healed":0.0,"max_hp_gain":0.0,"max_hp_loss":0.0,"gold_gain":0.0,"event_name":"Tomb of Lord Red Mask","player_choice":"Ignored","floor":39.0,"gold_loss":0.0,"damage_taken":0.0},{"damage_healed":0.0,"max_hp_gain":0.0,"max_hp_loss":0.0,"gold_gain":0.0,"event_name":"SensoryStone","player_choice":"Memory 3","floor":44.0,"gold_loss":0.0,"damage_taken":10.0}],"is_beta":true,"boss_relics":[{"not_picked":["Calling Bell","Tiny House"],"picked":"Philosopher\u0027s Stone"},{"not_picked":["Orrery","Eternal Feather"],"picked":"Astrolabe"}],"items_purged_floors":[54],"is_endless":false,"potions_floor_spawned":[11,13,14,16,18,19,30,31,33,36,38,41,47,55],"ascension_level":20}