{"gold_per_floor":[111,123,137,153,0,17,37,54,105,163,192,192,192,206,206,309,309,328,339,352,352,370,370,397,417,417,342,342,265,285,137,137,239,239,253,111,124],"floor_reached":37,"playtime":2270,"items_purged":[],"score":447,"play_id":"5869e433-025a-4fdc-9153-1efe4d61e658","local_time":"20181024011439","is_ascension_mode":false,"campfire_choices":[{"floor":15,"key":"REST"},{"floor":23,"key":"REST"},{"data":"Demon Form","floor":28,"key":"SMITH"},{"floor":32,"key":"REST"}],"neow_cost":"NONE","seed_source_timestamp":395384199785634,"circlet_count":0,"master_deck":["Strike_R","Strike_R","Strike_R","Strike_R","Strike_R","Defend_R+1","Defend_R","Defend_R","Defend_R","Bash","Cleave+1","Shrug It Off","Heavy Blade","Shrug It Off","Thunderclap+1","Anger","Heavy Blade+1","Feed","Reaper","Spot Weakness","Shrug It Off","Headbutt","Shrug It Off","Pummel","Sword Boomerang+1","Twin Strike","Demon Form+1","Sword Boomerang","Flex+1","Inflame","Flame Barrier","Double Tap","Inflame+1","Headbutt+1"],"relics":["Burning Blood","Bronze Scales","Whetstone","Bag of Preparation","Orrery","Vajra","Matryoshka","Orichalcum","Eternal Feather","Darkstone Periapt"],"potions_floor_usage":[6,11,24,24,33,37],"damage_taken":[{"damage":3,"enemies":"Small Slimes","floor":1,"turns":3},{"damage":8,"enemies":"Jaw Worm","floor":2,"turns":3},{"damage":4,"enemies":"2 Louse","floor":3,"turns":3},{"damage":7,"enemies":"Looter","floor":4,"turns":3},{"damage":2,"enemies":"Exordium Thugs","floor":6,"turns":2},{"damage":6,"enemies":"3 Louse","floor":7,"turns":3},{"damage":10,"enemies":"Large Slime","floor":8,"turns":6},{"damage":31,"enemies":"Lagavulin","floor":11,"turns":5},{"damage":6,"enemies":"Exordium Thugs","floor":14,"turns":3},{"damage":57,"enemies":"Hexaghost","floor":16,"turns":9},{"damage":14,"enemies":"Shell Parasite","floor":18,"turns":4},{"damage":8,"enemies":"3 Byrds","floor":19,"turns":3},{"damage":30,"enemies":"Centurion and Healer","floor":20,"turns":7},{"damage":12,"enemies":"Cultist and Chosen","floor":22,"turns":4},{"damage":19,"enemies":"Gremlin Leader","floor":24,"turns":5},{"damage":0,"enemies":"Chosen and Byrds","floor":25,"turns":3},{"damage":29,"enemies":"Snake Plant","floor":30,"turns":4},{"damage":87,"enemies":"Champ","floor":33,"turns":10},{"damage":4,"enemies":"Orb Walker","floor":35,"turns":2},{"damage":17,"enemies":"3 Shapes","floor":37,"turns":20}],"seed_played":"7335723571355270026","potions_obtained":[{"floor":1,"key":"Dexterity Potion"},{"floor":4,"key":"AttackPotion"},{"floor":8,"key":"Swift Potion"},{"floor":16,"key":"SpeedPotion"},{"floor":21,"key":"Energy Potion"},{"floor":22,"key":"SteroidPotion"},{"floor":25,"key":"FearPotion"},{"floor":33,"key":"BloodPotion"},{"floor":35,"key":"Fire Potion"}],"is_trial":false,"path_per_floor":["M","M","M","M","$","M","M","M","T","?","E","?","?","M","R","B",null,"M","M","M","?","M","R","E","M","T","?","R","$","M","$","R","B",null,"M","?"],"character_chosen":"IRONCLAD","items_purchased":["Bronze Scales","Inflame","Orichalcum"],"campfire_rested":3,"item_purchase_floors":[5,29,31],"current_hp_per_floor":[88,86,88,87,87,88,88,84,84,84,59,59,41,44,71,23,94,86,87,66,66,63,93,90,96,96,96,96,96,76,76,106,25,106,106,106,106],"gold":124,"neow_bonus":"TEN_PERCENT_HP_BONUS","is_prod":false,"is_daily":false,"chose_seed":false,"campfire_upgraded":1,"win_rate":0,"timestamp":1540336479,"path_taken":["M","M","M","M","$","M","M","M","T","?","E","?","?","M","R","BOSS","M","M","M","?","?","R","E","M","T","?","R","$","M","$","R","BOSS","M","?","M"],"build_version":"2018-10-18","purchased_purges":0,"victory":false,"max_hp_per_floor":[88,88,88,88,88,88,88,88,88,88,88,88,88,91,91,94,94,94,97,100,100,103,103,103,103,103,103,103,103,106,106,106,106,106,106,106,106],"card_choices":[{"not_picked":["Perfected Strike","Carnage"],"picked":"Cleave","floor":1},{"not_picked":["Rupture","Thunderclap"],"picked":"Shrug It Off","floor":2},{"not_picked":["Havoc","True Grit"],"picked":"Heavy Blade","floor":3},{"not_picked":["Dual Wield","Twin Strike"],"picked":"Shrug It Off","floor":4},{"not_picked":["Fiend Fire","Pommel Strike"],"picked":"Thunderclap","floor":6},{"not_picked":["True Grit","Sever Soul"],"picked":"Anger","floor":7},{"not_picked":["Armaments","Seeing Red"],"picked":"Heavy Blade","floor":8},{"not_picked":["Pommel Strike","Clothesline"],"picked":"Feed","floor":11},{"not_picked":["Entrench","Armaments","Havoc"],"picked":"SKIP","floor":14},{"not_picked":["Dark Embrace","Barricade"],"picked":"Reaper","floor":16},{"not_picked":["Clash","Wild Strike"],"picked":"Spot Weakness","floor":17},{"not_picked":["Sword Boomerang","Clash"],"picked":"Perfected Strike","floor":17},{"not_picked":["Pummel","Searing Blow"],"picked":"Shrug It Off","floor":17},{"not_picked":["Intimidate","Brutality"],"picked":"Headbutt","floor":17},{"not_picked":["Iron Wave","Wild Strike"],"picked":"Shrug It Off","floor":17},{"not_picked":["Sword Boomerang","Second Wind+1"],"picked":"Pummel","floor":18},{"not_picked":["Body Slam","Anger+1"],"picked":"Sword Boomerang+1","floor":19},{"not_picked":["Perfected Strike","Havoc"],"picked":"Twin Strike","floor":20},{"not_picked":["Cleave","Sword Boomerang"],"picked":"Demon Form","floor":22},{"not_picked":["Entrench","Shrug It Off"],"picked":"Sword Boomerang","floor":24},{"not_picked":["Heavy Blade","Warcry+1"],"picked":"Flex+1","floor":25},{"not_picked":["Disarm","Thunderclap"],"picked":"Flame Barrier","floor":30},{"not_picked":["Immolate","Feed"],"picked":"Double Tap","floor":33},{"not_picked":["Evolve","Power Through"],"picked":"Inflame+1","floor":35},{"not_picked":["Rupture","Thunderclap+1"],"picked":"Headbutt+1","floor":37}],"player_experience":256976,"relics_obtained":[{"floor":9,"key":"Whetstone"},{"floor":11,"key":"Bag of Preparation"},{"floor":24,"key":"Vajra"},{"floor":26,"key":"Matryoshka"}],"event_choices":[{"damage_healed":0,"gold_gain":58,"player_choice":"Gained Gold","damage_taken":0,"max_hp_gain":0,"max_hp_loss":0,"event_name":"Golden Wing","floor":10,"gold_loss":0},{"damage_healed":0,"gold_gain":0,"player_choice":"Ignored","damage_taken":0,"max_hp_gain":0,"max_hp_loss":0,"event_name":"Liars Game","floor":12,"gold_loss":0},{"damage_healed":0,"gold_gain":0,"player_choice":"Entered Light","damage_taken":18,"max_hp_gain":0,"max_hp_loss":0,"event_name":"Shining Light","floor":13,"gold_loss":0,"cards_upgraded":["Cleave","Defend_R"]},{"damage_healed":0,"gold_gain":0,"player_choice":"Got Potions","damage_taken":0,"max_hp_gain":0,"max_hp_loss":0,"event_name":"The Lab","floor":21,"gold_loss":0},{"cards_removed":["Perfected Strike"],"damage_healed":0,"gold_gain":0,"player_choice":"Gave Gold","damage_taken":0,"max_hp_gain":0,"max_hp_loss":0,"event_name":"Beggar","floor":27,"gold_loss":75},{"damage_healed":0,"gold_gain":0,"player_choice":"Paid Gold","damage_taken":0,"relics_obtained":["Darkstone Periapt"],"max_hp_gain":0,"max_hp_loss":0,"event_name":"WeMeetAgain","floor":36,"gold_loss":142}],"is_beta":false,"boss_relics":[{"not_picked":["Runic Pyramid","Calling Bell"],"picked":"Orrery"},{"not_picked":["Sozu","Snecko Eye"],"picked":"Eternal Feather"}],"items_purged_floors":[],"is_endless":false,"potions_floor_spawned":[1,4,8,16,22,25,33,35],"killed_by":"3 Shapes","ascension_level":0}