{"gold_per_floor":[118,137,156,176,192,220,220,220,244,244,244,19,19,39,39,39],"floor_reached":16,"playtime":813,"items_purged":[],"score":143,"play_id":"ba53bc71-a189-4ee3-9ef9-a5bd6031a4c8","local_time":"20190315200403","is_ascension_mode":true,"campfire_choices":[{"data":"Cloak And Dagger","floor":7.0,"key":"SMITH"},{"data":"Neutralize","floor":11.0,"key":"SMITH"},{"floor":13.0,"key":"REST"},{"floor":15.0,"key":"REST"}],"neow_cost":"NONE","seed_source_timestamp":19798258640523,"circlet_count":0,"master_deck":["Defend_G","Defend_G","Defend_G","Defend_G","Defend_G","Strike_G","Strike_G","Strike_G","Strike_G","Strike_G","Survivor","Neutralize+1","Underhanded Strike","Cloak And Dagger+1","Choke+1","Reflex","Deflect","Panache","Dagger Throw"],"special_seed":0,"relics":["Ring of the Snake","Anchor","Darkstone Periapt","Smiling Mask","PreservedInsect"],"potions_floor_usage":[16],"damage_taken":[{"damage":0.0,"enemies":"Cultist","floor":1.0,"turns":4.0},{"damage":0.0,"enemies":"Small Slimes","floor":2.0,"turns":5.0},{"damage":1.0,"enemies":"Jaw Worm","floor":3.0,"turns":6.0},{"damage":4.0,"enemies":"Looter","floor":4.0,"turns":4.0},{"damage":0.0,"enemies":"3 Louse","floor":5.0,"turns":5.0},{"damage":53.0,"enemies":"Lagavulin","floor":6.0,"turns":11.0},{"damage":0.0,"enemies":"Blue Slaver","floor":14.0,"turns":3.0},{"damage":57,"enemies":"The Guardian","floor":16,"turns":16}],"seed_played":"-1076298217585279087","potions_obtained":[{"floor":1.0,"key":"SmokeBomb"},{"floor":4.0,"key":"Regen Potion"},{"floor":14.0,"key":"Swift Potion"}],"is_trial":false,"path_per_floor":["M","M","M","M","M","E","R","?","T","?","R","$","R","M","R","B"],"character_chosen":"THE_SILENT","items_purchased":["Deflect","Panache"],"campfire_rested":2,"item_purchase_floors":[12,12],"current_hp_per_floor":[63,63,62,58,58,20,20,17,17,17,17,17,38,38,59,2],"gold":39,"neow_bonus":"RANDOM_COMMON_RELIC","is_prod":false,"is_daily":false,"chose_seed":false,"campfire_upgraded":2,"win_rate":0,"timestamp":1552651443,"path_taken":["M","M","M","M","M","E","R","?","T","?","R","?","R","M","R","BOSS"],"build_version":"2019-01-23","purchased_purges":0,"victory":false,"max_hp_per_floor":[70,70,70,70,70,70,70,70,70,70,70,70,70,70,70,70],"card_choices":[{"not_picked":["Reflex","Concentrate"],"picked":"Underhanded Strike","floor":1.0},{"not_picked":["Blade Dance","Dagger Spray","Eviscerate"],"picked":"SKIP","floor":2.0},{"not_picked":["Poisoned Stab","Sucker Punch"],"picked":"Cloak And Dagger","floor":3.0},{"not_picked":["Poisoned Stab","Crippling Poison","Outmaneuver"],"picked":"SKIP","floor":4.0},{"not_picked":["Dagger Spray","Finisher"],"picked":"Choke","floor":5.0},{"not_picked":["Finisher","Dodge and Roll"],"picked":"Reflex","floor":6.0},{"not_picked":["Flechettes","Eviscerate"],"picked":"Dagger Throw","floor":14.0}],"player_experience":308281,"relics_obtained":[{"floor":6.0,"key":"Darkstone Periapt"},{"floor":9.0,"key":"PreservedInsect"}],"event_choices":[{"damage_healed":0.0,"max_hp_gain":0.0,"max_hp_loss":0.0,"gold_gain":0.0,"event_name":"Scrap Ooze","player_choice":"Success","floor":8.0,"gold_loss":0.0,"damage_taken":3.0,"relics_obtained":["Smiling Mask"]},{"damage_healed":0.0,"max_hp_gain":0.0,"max_hp_loss":0.0,"gold_gain":0.0,"event_name":"Living Wall","player_choice":"Grow","floor":10.0,"gold_loss":0.0,"damage_taken":0.0,"cards_upgraded":["Choke"]}],"is_beta":false,"boss_relics":[],"items_purged_floors":[],"is_endless":false,"potions_floor_spawned":[1,4,14],"killed_by":"The Guardian","ascension_level":8}