{"gold_per_floor":[113,125,142,142,142,142,160,170,251,251,264,214,233,233,233,233],"floor_reached":16,"playtime":422,"items_purged":[],"score":94,"play_id":"63fdb622-2add-4057-baa5-1fa085e17c68","local_time":"20190325035735","is_ascension_mode":false,"campfire_choices":[{"data":"FTL","floor":6,"key":"SMITH"},{"data":"Loop","floor":10,"key":"SMITH"},{"floor":15,"key":"REST"}],"neow_cost":"NONE","seed_source_timestamp":444178879060425,"circlet_count":0,"master_deck":["Strike_B","Strike_B","Strike_B","Defend_B","Defend_B","Defend_B","Defend_B","Zap","Dualcast","Coolheaded","FTL+1","Loop+1","Steam","FTL","Blizzard","Hologram","Lockon"],"relics":["Cracked Core","Bottled Lightning","CultistMask"],"potions_floor_usage":[],"damage_taken":[{"damage":0,"enemies":"2 Louse","floor":1,"turns":2},{"damage":0,"enemies":"Cultist","floor":2,"turns":4},{"damage":1,"enemies":"Jaw Worm","floor":3,"turns":3},{"damage":13,"enemies":"2 Fungi Beasts","floor":7,"turns":4},{"damage":9,"enemies":"Large Slime","floor":8,"turns":5},{"damage":5,"enemies":"Blue Slaver","floor":11,"turns":3},{"damage":2,"enemies":"2 Fungi Beasts","floor":13,"turns":4},{"damage":0,"enemies":"The Guardian","floor":16,"turns":1}],"seed_played":"7677667570742439193","potions_obtained":[{"floor":7,"key":"EssenceOfSteel"},{"floor":8,"key":"SneckoOil"},{"floor":13,"key":"Ancient Potion"}],"is_trial":false,"path_per_floor":["M","M","M","$","?","R","M","M","T","R","M","$","M","?","R","B"],"character_chosen":"DEFECT","items_purchased":["Hologram"],"campfire_rested":1,"item_purchase_floors":[12],"current_hp_per_floor":[75,75,74,74,74,74,61,52,52,52,47,47,45,45,67,67],"gold":233,"neow_bonus":"REMOVE_CARD","is_prod":false,"is_daily":false,"chose_seed":false,"campfire_upgraded":2,"win_rate":0,"timestamp":1553482655,"path_taken":["M","M","M","$","?","R","?","M","T","R","M","$","M","?","R","BOSS"],"build_version":"2019-01-23","purchased_purges":0,"victory":false,"max_hp_per_floor":[75,75,75,75,75,75,75,75,75,75,75,75,75,75,75,75],"card_choices":[{"not_picked":["Stack","Steam Power"],"picked":"Coolheaded","floor":1},{"not_picked":["Compile Driver","Steam"],"picked":"FTL","floor":2},{"not_picked":["Compile Driver","Leap"],"picked":"Loop","floor":3},{"not_picked":["Conserve Battery","Reinforced Body"],"picked":"Steam","floor":7},{"not_picked":["Coolheaded","Steam"],"picked":"FTL","floor":8},{"not_picked":["Cold Snap","Rebound"],"picked":"Blizzard","floor":11},{"not_picked":["Conserve Battery","Stack"],"picked":"Lockon","floor":13}],"player_experience":413940,"relics_obtained":[{"floor":9,"key":"Bottled Lightning"}],"event_choices":[{"damage_healed":0,"gold_gain":0,"player_choice":"Bought 0 Potions","damage_taken":0,"max_hp_gain":0,"max_hp_loss":0,"event_name":"The Woman in Blue","floor":5,"gold_loss":0},{"damage_healed":0,"gold_gain":0,"player_choice":"Trade","damage_taken":0,"relics_obtained":["CultistMask"],"max_hp_gain":0,"max_hp_loss":0,"event_name":"FaceTrader","floor":14,"gold_loss":0}],"is_beta":false,"boss_relics":[],"items_purged_floors":[],"is_endless":false,"potions_floor_spawned":[7,8,13],"killed_by":"The Guardian","ascension_level":0}