{"gold_per_floor":[110,62,81,91,106,106,181,181,181,194,222,222,222,242,242,338,388,401,417,429,429,429],"floor_reached":22,"playtime":1459,"items_purged":[],"score":188,"play_id":"3beccbfb-91bd-49c0-9643-ff4fa765e860","local_time":"20190325140047","is_ascension_mode":false,"campfire_choices":[{"data":"Genetic Algorithm","floor":6.0,"key":"SMITH"},{"floor":12.0,"key":"REST"},{"floor":15.0,"key":"REST"}],"neow_cost":"NONE","seed_source_timestamp":479109260465185,"circlet_count":0,"master_deck":["Strike_B+1","Strike_B","Strike_B","Strike_B","Defend_B","Defend_B","Defend_B","Defend_B","Zap","Dualcast","Glacier","Conserve Battery","Darkness","Genetic Algorithm+1","Machine Learning+1","Consume","Creative AI+1","Hologram","Steam","Steam","Consume"],"special_seed":0,"relics":["Cracked Core","Bronze Scales","Smiling Mask","Frozen Egg 2","Molten Egg 2","Tiny House"],"potions_floor_usage":[22],"damage_taken":[{"damage":0.0,"enemies":"Cultist","floor":1.0,"turns":3.0},{"damage":0.0,"enemies":"Jaw Worm","floor":3.0,"turns":4.0},{"damage":0.0,"enemies":"Small Slimes","floor":4.0,"turns":2.0},{"damage":4.0,"enemies":"Exordium Wildlife","floor":5.0,"turns":3.0},{"damage":8.0,"enemies":"Exordium Thugs","floor":10.0,"turns":5.0},{"damage":21.0,"enemies":"3 Sentries","floor":11.0,"turns":9.0},{"damage":4.0,"enemies":"Large Slime","floor":14.0,"turns":6.0},{"damage":55.0,"enemies":"Hexaghost","floor":16.0,"turns":15.0},{"damage":24.0,"enemies":"Shell Parasite","floor":18.0,"turns":6.0},{"damage":7.0,"enemies":"Chosen","floor":19.0,"turns":5.0},{"damage":12.0,"enemies":"Snake Plant","floor":20.0,"turns":4.0},{"damage":34,"enemies":"Sentry and Sphere","floor":22,"turns":15}],"seed_played":"-990966757474517165","potions_obtained":[{"floor":4.0,"key":"LiquidBronze"},{"floor":10.0,"key":"SpeedPotion"},{"floor":16.0,"key":"PowerPotion"},{"floor":18.0,"key":"GamblersBrew"}],"is_trial":false,"path_per_floor":["M","$","M","M","M","R","?","?","T","M","E","R","T","M","R","B",null,"M","M","M","?","M"],"character_chosen":"DEFECT","items_purchased":["Conserve Battery"],"campfire_rested":2,"item_purchase_floors":[2],"current_hp_per_floor":[75,75,75,75,71,71,60,60,60,52,31,53,53,49,71,16,80,56,49,37,37,3],"gold":429,"neow_bonus":"RANDOM_COMMON_RELIC","is_prod":false,"is_daily":false,"chose_seed":false,"campfire_upgraded":1,"win_rate":0,"timestamp":1553518847,"path_taken":["M","?","?","M","M","R","?","?","T","?","E","R","?","M","R","BOSS","M","M","M","?","M"],"build_version":"2019-01-23","purchased_purges":0,"victory":false,"max_hp_per_floor":[75,75,75,75,75,75,75,75,75,75,75,75,75,75,75,75,80,80,80,80,80,80],"card_choices":[{"not_picked":["Streamline","Heatsinks"],"picked":"Glacier","floor":1.0},{"not_picked":["Conserve Battery","Ball Lightning"],"picked":"Darkness","floor":3.0},{"not_picked":["Turbo","Gash","Go for the Eyes"],"picked":"SKIP","floor":4.0},{"not_picked":["Fusion","Heatsinks"],"picked":"Genetic Algorithm","floor":5.0},{"not_picked":["Storm","Fission","Force Field"],"picked":"SKIP","floor":10.0},{"not_picked":["BootSequence","Gash"],"picked":"Machine Learning","floor":11.0},{"not_picked":["Turbo","Gash+1"],"picked":"Consume","floor":14.0},{"not_picked":["All For One+1","Electrodynamics+1"],"picked":"Creative AI+1","floor":16.0},{"not_picked":["Aggregate","Beam Cell+1"],"picked":"Hologram","floor":17.0},{"not_picked":["Compile Driver+1","Hologram"],"picked":"Steam","floor":18.0},{"not_picked":["Rebound+1","Go for the Eyes+1"],"picked":"Steam","floor":19.0},{"not_picked":["Self Repair+1","Turbo"],"picked":"Consume","floor":20.0}],"player_experience":416541,"relics_obtained":[{"floor":9.0,"key":"Smiling Mask"},{"floor":11.0,"key":"Frozen Egg 2"},{"floor":13.0,"key":"Molten Egg 2"}],"event_choices":[{"damage_healed":0.0,"max_hp_gain":0.0,"max_hp_loss":0.0,"gold_gain":75.0,"event_name":"World of Goop","player_choice":"Gather Gold","floor":7.0,"gold_loss":0.0,"damage_taken":11.0},{"damage_healed":0.0,"max_hp_gain":0.0,"max_hp_loss":0.0,"gold_gain":0.0,"event_name":"Liars Game","player_choice":"Ignored","floor":8.0,"gold_loss":0.0,"damage_taken":0.0},{"damage_healed":0.0,"max_hp_gain":0.0,"max_hp_loss":0.0,"gold_gain":0.0,"event_name":"Cursed Tome","player_choice":"Ignored","floor":21.0,"gold_loss":0.0,"damage_taken":0.0}],"is_beta":false,"boss_relics":[{"not_picked":["Philosopher\u0027s Stone","Busted Crown"],"picked":"Tiny House"}],"items_purged_floors":[],"is_endless":false,"potions_floor_spawned":[4,10,16,18,19],"killed_by":"Sentry and Sphere","ascension_level":0}