{"gold_per_floor":[119,119,119,135,148,148,169,169,169,169,184,6,20,39,39,160,160,160,4,18,0,0,0,19,55,55,55,71,71,82,82,82,179,179,194,44,60,0,0,0,20,52,64,92,115,127,139,151,163,175],"floor_reached":51,"playtime":1661,"items_purged":["Strike_G+1"],"score":1079,"play_id":"ae78b449-1654-48d5-9b63-e2dc48e3e90a","local_time":"20190322104935","is_ascension_mode":true,"campfire_choices":[{"data":"Neutralize","floor":6.0,"key":"SMITH"},{"data":"Deadly Poison","floor":8.0,"key":"SMITH"},{"data":"Deadly Poison","floor":10.0,"key":"SMITH"},{"data":"Mayhem","floor":15.0,"key":"SMITH"},{"data":"Catalyst","floor":23.0,"key":"SMITH"},{"data":"Leg Sweep","floor":29.0,"key":"SMITH"},{"data":"Survivor","floor":32.0,"key":"SMITH"},{"data":"Corpse Explosion","floor":40,"key":"SMITH"},{"data":"Noxious Fumes","floor":46,"key":"SMITH"},{"floor":49,"key":"RECALL"}],"neow_cost":"NONE","seed_source_timestamp":3163473889901,"circlet_count":0,"master_deck":["AscendersBane","Defend_G+1","Defend_G+1","Defend_G+1","Defend_G+1","Defend_G+1","Strike_G+1","Survivor+1","Neutralize+1","Leg Sweep+1","Deadly Poison+1","Deadly Poison+1","PiercingWail+1","Mayhem+1","Catalyst+1","Deadly Poison+1","Calculated Gamble+1","PiercingWail+1","Backflip+1","Corpse Explosion+1","Bouncing Flask+1","PiercingWail+1","Leg Sweep+1","Noxious Fumes+1","Parasite"],"special_seed":0,"relics":["Ring of the Snake","NeowsBlessing","Bloody Idol","Ginger","Bottled Flame","Empty Cage","Oddly Smooth Stone","Thread and Needle","Boot","Meat on the Bone","Sozu","Red Mask","Torii","MawBank","Pear","Mark of the Bloom"],"potions_floor_usage":[42],"damage_taken":[{"damage":0.0,"enemies":"2 Louse","floor":1.0,"turns":1.0},{"damage":0.0,"enemies":"Small Slimes","floor":4.0,"turns":1.0},{"damage":0.0,"enemies":"Jaw Worm","floor":5.0,"turns":1.0},{"damage":10.0,"enemies":"Gremlin Gang","floor":7.0,"turns":8.0},{"damage":0.0,"enemies":"Looter","floor":11.0,"turns":3.0},{"damage":0.0,"enemies":"Blue Slaver","floor":13.0,"turns":4.0},{"damage":4.0,"enemies":"Exordium Wildlife","floor":14.0,"turns":5.0},{"damage":6.0,"enemies":"The Guardian","floor":16.0,"turns":7.0},{"damage":0.0,"enemies":"2 Thieves","floor":18.0,"turns":1.0},{"damage":6.0,"enemies":"Spheric Guardian","floor":20.0,"turns":5.0},{"damage":5.0,"enemies":"Centurion and Healer","floor":24.0,"turns":10.0},{"damage":25.0,"enemies":"Gremlin Leader","floor":25.0,"turns":4.0},{"damage":0.0,"enemies":"Snecko","floor":28.0,"turns":3.0},{"damage":0.0,"enemies":"Snake Plant","floor":30.0,"turns":5.0},{"damage":9.0,"enemies":"Champ","floor":33.0,"turns":9.0},{"damage":26.0,"enemies":"3 Shapes","floor":35.0,"turns":3.0},{"damage":0,"enemies":"3 Darklings","floor":37,"turns":4},{"damage":9,"enemies":"Maw","floor":41,"turns":6},{"damage":10,"enemies":"Reptomancer","floor":42,"turns":5},{"damage":0,"enemies":"Writhing Mass","floor":44,"turns":7},{"damage":1,"enemies":"4 Shapes","floor":45,"turns":6},{"damage":34,"enemies":"Time Eater","floor":50,"turns":8}],"seed_played":"-8320214252677037300","potions_obtained":[{"floor":1.0,"key":"Regen Potion"},{"floor":4.0,"key":"SmokeBomb"},{"floor":13.0,"key":"SteroidPotion"},{"floor":16.0,"key":"Weak Potion"},{"floor":20.0,"key":"Regen Potion"},{"floor":28.0,"key":"AttackPotion"},{"floor":33.0,"key":"Explosive Potion"}],"is_trial":false,"path_per_floor":["M","?","?","M","M","R","M","R","T","R","M","$","M","M","R","B",null,"M","$","M","?","?","R","M","E","T","?","M","R","M","T","R","B",null,"M","$","M","?","?","R","M","E","T","M","M","R","?","?","R","B",null],"character_chosen":"THE_SILENT","items_purchased":["Mayhem","Oddly Smooth Stone","Bouncing Flask"],"campfire_rested":0,"item_purchase_floors":[12,19,36],"current_hp_per_floor":[63,46,39,39,39,39,44,44,44,44,44,44,44,40,40,34,61,61,61,55,55,55,55,50,37,37,37,42,42,47,47,47,43,63,42,42,47,47,47,47,43,50,65,75,80,80,80,80,80,46],"gold":187,"neow_bonus":"THREE_ENEMY_KILL","is_prod":false,"is_daily":false,"chose_seed":false,"campfire_upgraded":9,"win_rate":0,"timestamp":1553219375,"path_taken":["M","?","?","M","?","R","M","R","T","R","M","$","?","M","R","BOSS","M","$","M","?","?","R","M","E","T","?","M","R","M","?","R","BOSS","M","$","M","?","?","R","?","E","T","M","M","R","?","?","R","BOSS"],"build_version":"2019-01-23","purchased_purges":1,"victory":true,"max_hp_per_floor":[70,70,70,70,70,70,70,70,70,70,70,70,70,70,70,70,70,70,70,70,70,70,70,70,70,70,70,70,70,70,70,70,70,70,70,70,70,70,70,70,70,70,80,80,80,80,80,80,80,80],"card_choices":[{"not_picked":["Concentrate","Sucker Punch","Setup"],"picked":"SKIP","floor":1.0},{"not_picked":["Well Laid Plans","Finisher"],"picked":"Leg Sweep","floor":4.0},{"not_picked":["PiercingWail","Expertise"],"picked":"Deadly Poison","floor":5.0},{"not_picked":["Expertise","Slice"],"picked":"Deadly Poison","floor":7.0},{"not_picked":["Eviscerate","Well Laid Plans"],"picked":"PiercingWail","floor":11.0},{"not_picked":["Dagger Spray","Deadly Poison"],"picked":"Catalyst","floor":13.0},{"not_picked":["Acrobatics","Skewer"],"picked":"Deadly Poison","floor":14.0},{"not_picked":["Sucker Punch","Poisoned Stab"],"picked":"Calculated Gamble","floor":20.0},{"not_picked":["Dagger Spray","Quick Slash","All Out Attack"],"picked":"SKIP","floor":24.0},{"not_picked":["Die Die Die","Dash"],"picked":"PiercingWail","floor":25.0},{"not_picked":["Dodge and Roll+1","Deflect","Slice"],"picked":"SKIP","floor":28.0},{"not_picked":["Acrobatics","Eviscerate"],"picked":"Backflip+1","floor":30.0},{"not_picked":["Bullet Time","Wraith Form v2"],"picked":"Corpse Explosion","floor":33.0},{"not_picked":["Deflect","Dodge and Roll+1","Blade Dance"],"picked":"SKIP","floor":35},{"not_picked":["Wraith Form v2","Bane+1"],"picked":"PiercingWail","floor":37},{"not_picked":["Deadly Poison+1","Accuracy+1"],"picked":"Leg Sweep+1","floor":41},{"not_picked":["Dagger Spray","Poisoned Stab"],"picked":"Noxious Fumes","floor":42},{"not_picked":["Tactician","Bane","Underhanded Strike+1"],"picked":"SKIP","floor":44},{"not_picked":["Dagger Spray","Quick Slash+1","Phantasmal Killer"],"picked":"SKIP","floor":45}],"player_experience":371225,"relics_obtained":[{"floor":9.0,"key":"Bottled Flame"},{"floor":25.0,"key":"Thread and Needle"},{"floor":26.0,"key":"Boot"},{"floor":31.0,"key":"Meat on the Bone"},{"floor":42,"key":"MawBank"},{"floor":43,"key":"Pear"}],"event_choices":[{"damage_healed":0.0,"max_hp_gain":0.0,"max_hp_loss":0.0,"gold_gain":0.0,"event_name":"Golden Idol","player_choice":"Take Damage","floor":2.0,"gold_loss":0.0,"damage_taken":17.0,"relics_obtained":["Golden Idol"]},{"damage_healed":0.0,"max_hp_gain":0.0,"max_hp_loss":0.0,"gold_gain":0.0,"event_name":"Scrap Ooze","player_choice":"Success","floor":3.0,"gold_loss":0.0,"damage_taken":7.0,"relics_obtained":["Ginger"]},{"damage_healed":0.0,"max_hp_gain":0.0,"max_hp_loss":0.0,"gold_gain":0.0,"event_name":"Masked Bandits","player_choice":"Paid Fearfully","floor":21.0,"gold_loss":18.0,"damage_taken":0.0},{"damage_healed":0.0,"max_hp_gain":0.0,"max_hp_loss":0.0,"gold_gain":0.0,"event_name":"Back to Basics","player_choice":"Simplicity","floor":22.0,"gold_loss":0.0,"damage_taken":0.0,"cards_upgraded":["Defend_G","Defend_G","Defend_G","Defend_G","Defend_G","Strike_G","Strike_G","Strike_G"]},{"damage_healed":0.0,"max_hp_gain":0.0,"max_hp_loss":0.0,"gold_gain":0.0,"event_name":"Forgotten Altar","player_choice":"Gave Idol","floor":27.0,"relics_lost":["Golden Idol"],"gold_loss":0.0,"damage_taken":0.0,"relics_obtained":["Bloody Idol"]},{"damage_healed":0,"gold_gain":0,"player_choice":"Paid","damage_taken":0,"relics_obtained":["Red Mask"],"max_hp_gain":0,"max_hp_loss":0,"event_name":"Tomb of Lord Red Mask","floor":38,"gold_loss":60},{"damage_healed":0,"gold_gain":0,"player_choice":"Gave Potion","damage_taken":0,"relics_obtained":["Torii"],"max_hp_gain":0,"max_hp_loss":0,"event_name":"WeMeetAgain","floor":39,"gold_loss":0},{"damage_healed":0,"gold_gain":0,"player_choice":"Upgrade","damage_taken":0,"relics_obtained":["Mark of the Bloom"],"max_hp_gain":0,"max_hp_loss":0,"event_name":"MindBloom","floor":47,"gold_loss":0,"cards_upgraded":["PiercingWail","Deadly Poison","Calculated Gamble","PiercingWail","Bouncing Flask","PiercingWail"]},{"cards_removed":["Strike_G"],"damage_healed":0,"gold_gain":0,"player_choice":"Removed Attack","damage_taken":0,"max_hp_gain":0,"max_hp_loss":0,"event_name":"Falling","floor":48,"gold_loss":0}],"is_beta":false,"boss_relics":[{"not_picked":["Velvet Choker","Busted Crown"],"picked":"Empty Cage"},{"not_picked":["Astrolabe","Pandora\u0027s Box"],"picked":"Sozu"}],"items_purged_floors":[36],"is_endless":false,"potions_floor_spawned":[1,4,13,16,20,28,33,35,37,45],"ascension_level":11}