{"gold_per_floor":[114,114,130,147,147,147,172,172,172,172,172,185,202,34,34,133,133,153,169,94,110,130,163,163,190,190,190,190,200,76,175,175,277,277,297,6,17,36,36,36,36,71,97,97,111,125,125,25,25,25],"floor_reached":51,"playtime":2259,"items_purged":["Defend_R","Shame"],"score":1040,"play_id":"35946898-626e-4901-a65d-e2799a55c7da","local_time":"20190313140955","is_ascension_mode":true,"campfire_choices":[{"data":"Uppercut","floor":6.0,"key":"SMITH"},{"data":"Pommel Strike","floor":8.0,"key":"SMITH"},{"data":"Strike_R","floor":10.0,"key":"SMITH"},{"data":"Inflame","floor":15.0,"key":"SMITH"},{"data":"Immolate","floor":24.0,"key":"SMITH"},{"data":"Searing Blow","floor":27.0,"key":"SMITH"},{"data":"Pommel Strike","floor":32,"key":"SMITH"},{"data":"Searing Blow+1","floor":40,"key":"SMITH"},{"data":"Inflame","floor":44,"key":"SMITH"},{"floor":49,"key":"REST"}],"neow_cost":"NONE","seed_source_timestamp":6682043838664,"circlet_count":0,"master_deck":["Strike_R+1","Strike_R","Strike_R","Defend_R","Defend_R","Defend_R","Bash+1","Uppercut+1","Pommel Strike+1","Warcry","Dual Wield","Shrug It Off+1","Inflame+1","Limit Break+1","True Grit+1","Immolate+1","Flex+1","True Grit+1","Warcry+1","Searing Blow+2","Shrug It Off+1","Pommel Strike+1","Limit Break+1","Warcry+1","Inflame+1","Battle Trance+1","Flex+1","Inflame","Cleave+1"],"special_seed":0,"relics":["Burning Blood","FaceOfCleric","Mercury Hourglass","Dead Branch","Toxic Egg 2","Happy Flower","Mark of Pain","Dream Catcher","Pen Nib","Torii","Nilry\u0027s Codex","Cursed Key","Anchor","Champion Belt","Orichalcum"],"potions_floor_usage":[50,50],"damage_taken":[{"damage":9.0,"enemies":"Jaw Worm","floor":1.0,"turns":5.0},{"damage":1.0,"enemies":"Cultist","floor":3.0,"turns":4.0},{"damage":1.0,"enemies":"2 Louse","floor":4.0,"turns":2.0},{"damage":30.0,"enemies":"3 Sentries","floor":7.0,"turns":8.0},{"damage":13.0,"enemies":"Large Slime","floor":12.0,"turns":5.0},{"damage":6.0,"enemies":"2 Fungi Beasts","floor":13.0,"turns":3.0},{"damage":13.0,"enemies":"Hexaghost","floor":16.0,"turns":9.0},{"damage":13.0,"enemies":"3 Byrds","floor":18.0,"turns":5.0},{"damage":5.0,"enemies":"Shell Parasite","floor":19.0,"turns":3.0},{"damage":0.0,"enemies":"3 Cultists","floor":21.0,"turns":4.0},{"damage":0.0,"enemies":"Sentry and Sphere","floor":22.0,"turns":3.0},{"damage":16.0,"enemies":"Gremlin Leader","floor":23.0,"turns":5.0},{"damage":19.0,"enemies":"Book of Stabbing","floor":25.0,"turns":4.0},{"damage":4,"enemies":"Centurion and Healer","floor":29,"turns":3},{"damage":8,"enemies":"Champ","floor":33,"turns":7},{"damage":1,"enemies":"Orb Walker","floor":35,"turns":3},{"damage":0,"enemies":"3 Shapes","floor":37,"turns":3},{"damage":29,"enemies":"Spire Growth","floor":38,"turns":4},{"damage":0,"enemies":"Giant Head","floor":42,"turns":5},{"damage":0,"enemies":"Sphere and 2 Shapes","floor":45,"turns":3},{"damage":17,"enemies":"Jaw Worm Horde","floor":46,"turns":5},{"damage":43,"enemies":"Donu and Deca","floor":50,"turns":5}],"seed_played":"-3399884810464594170","potions_obtained":[{"floor":1.0,"key":"SteroidPotion"},{"floor":3.0,"key":"Regen Potion"},{"floor":12.0,"key":"Strength Potion"},{"floor":13.0,"key":"Weak Potion"},{"floor":21.0,"key":"Weak Potion"},{"floor":22.0,"key":"SkillPotion"},{"floor":23.0,"key":"SpeedPotion"},{"floor":25.0,"key":"LiquidBronze"},{"floor":45,"key":"Strength Potion"}],"is_trial":false,"path_per_floor":["M","?","M","M","?","R","E","R","T","R","?","M","M","$","R","B",null,"M","M","?","M","M","E","R","E","T","R","?","M","$","?","R","B",null,"M","$","M","M","?","R","$","E","T","R","M","M","?","$","R","B",null],"character_chosen":"IRONCLAD","items_purchased":["True Grit+1","Happy Flower","Pommel Strike","Inflame","Battle Trance+1","Anchor"],"campfire_rested":1,"item_purchase_floors":[14,14,30,36,36,36],"current_hp_per_floor":[69,69,75,81,63,63,55,55,55,55,55,49,50,50,50,44,76,70,72,72,79,86,77,77,65,65,65,49,52,52,52,52,51,83,89,89,96,74,74,74,74,81,81,81,88,78,78,78,100,64],"gold":25,"neow_bonus":"UPGRADE_CARD","is_prod":false,"is_daily":false,"chose_seed":false,"campfire_upgraded":9,"win_rate":0,"timestamp":1552457395,"path_taken":["M","?","M","M","?","R","E","R","T","R","?","M","M","$","R","BOSS","M","M","?","M","M","E","R","E","T","R","?","M","$","?","R","BOSS","M","$","M","M","?","R","$","E","T","R","M","M","?","$","R","BOSS"],"build_version":"2019-01-23","purchased_purges":2,"victory":true,"max_hp_per_floor":[80,80,81,82,82,82,83,83,83,83,83,84,85,85,85,86,86,87,88,88,89,90,91,91,92,92,92,92,93,93,93,93,94,94,95,95,96,97,97,97,97,98,98,98,99,100,100,100,100,101],"card_choices":[{"not_picked":["Reckless Charge","Headbutt"],"picked":"Uppercut","floor":1.0},{"not_picked":["Thunderclap","Armaments"],"picked":"Pommel Strike","floor":3.0},{"not_picked":["Heavy Blade","Blood for Blood"],"picked":"Warcry","floor":4.0},{"not_picked":["Armaments","Twin Strike"],"picked":"Dual Wield","floor":7.0},{"not_picked":["Armaments+1","Twin Strike"],"picked":"Inflame","floor":12.0},{"not_picked":["Shrug It Off+1","Cleave"],"picked":"Limit Break+1","floor":13.0},{"not_picked":["Berserk","Brutality"],"picked":"Immolate","floor":16.0},{"not_picked":["Clothesline","Power Through+1","Headbutt+1"],"picked":"SKIP","floor":18.0},{"not_picked":["Second Wind+1","Thunderclap"],"picked":"Flex+1","floor":19.0},{"not_picked":["Armaments+1","Sword Boomerang","Pummel"],"picked":"SKIP","floor":21.0},{"not_picked":["Iron Wave","Pummel"],"picked":"True Grit+1","floor":22.0},{"not_picked":["Reckless Charge+1","Clothesline"],"picked":"Warcry+1","floor":23.0},{"not_picked":["Combust","Power Through+1"],"picked":"Searing Blow","floor":25.0},{"not_picked":["Fire Breathing+1","Body Slam+1"],"picked":"Shrug It Off+1","floor":29},{"not_picked":["Berserk","Double Tap+1"],"picked":"Limit Break+1","floor":33},{"not_picked":["Havoc+1","Wild Strike+1"],"picked":"Warcry+1","floor":35},{"not_picked":["Twin Strike+1","Headbutt"],"picked":"Flex+1","floor":37},{"not_picked":["Anger","Twin Strike"],"picked":"Inflame","floor":38},{"not_picked":["Juggernaut","Clash","Pommel Strike"],"picked":"SKIP","floor":42},{"not_picked":["Infernal Blade+1","Anger"],"picked":"Inflame","floor":45},{"not_picked":["Reaper","Disarm+1","Metallicize+1"],"picked":"SKIP","floor":46},{"not_picked":["Sword Boomerang","Feel No Pain+1"],"picked":"Cleave+1","floor":49}],"player_experience":290405,"relics_obtained":[{"floor":7.0,"key":"Dead Branch"},{"floor":9.0,"key":"Toxic Egg 2"},{"floor":23.0,"key":"Dream Catcher"},{"floor":25.0,"key":"Pen Nib"},{"floor":26.0,"key":"Torii"},{"floor":28,"key":"Nilry\u0027s Codex"},{"floor":42,"key":"Champion Belt"},{"floor":43,"key":"Orichalcum"}],"event_choices":[{"damage_healed":0.0,"max_hp_gain":0.0,"max_hp_loss":0.0,"gold_gain":0.0,"event_name":"FaceTrader","player_choice":"Trade","floor":2.0,"gold_loss":0.0,"damage_taken":0.0,"relics_obtained":["FaceOfCleric"]},{"damage_healed":0.0,"max_hp_gain":0.0,"max_hp_loss":0.0,"gold_gain":0.0,"event_name":"Scrap Ooze","player_choice":"Success","floor":5.0,"gold_loss":0.0,"damage_taken":18.0,"relics_obtained":["Mercury Hourglass"]},{"damage_healed":0.0,"max_hp_gain":0.0,"max_hp_loss":0.0,"gold_gain":0.0,"cards_transformed":["Strike_R"],"event_name":"Living Wall","player_choice":"Change","floor":11.0,"gold_loss":0.0,"damage_taken":0.0,"cards_obtained":["Shrug It Off"]},{"cards_removed":["Strike_R"],"damage_healed":0.0,"max_hp_gain":0.0,"max_hp_loss":0.0,"gold_gain":0.0,"event_name":"Beggar","player_choice":"Gave Gold","floor":20.0,"gold_loss":75.0,"damage_taken":0.0},{"damage_healed":0,"gold_gain":0,"player_choice":"Obtained Book","damage_taken":16,"max_hp_gain":0,"max_hp_loss":0,"event_name":"Cursed Tome","floor":28,"gold_loss":0},{"damage_healed":0,"gold_gain":99,"player_choice":"Stole From Cult","damage_taken":0,"max_hp_gain":0,"max_hp_loss":0,"event_name":"Nest","floor":31,"gold_loss":0},{"cards_removed":["Inflame"],"damage_healed":0,"gold_gain":0,"player_choice":"Removed Power","damage_taken":0,"max_hp_gain":0,"max_hp_loss":0,"event_name":"Falling","floor":39,"gold_loss":0},{"damage_healed":0,"gold_gain":0,"player_choice":"Bought 0 Potions","damage_taken":0,"max_hp_gain":0,"max_hp_loss":0,"event_name":"The Woman in Blue","floor":47,"gold_loss":0}],"is_beta":false,"boss_relics":[{"not_picked":["Runic Dome","Coffee Dripper"],"picked":"Mark of Pain"},{"not_picked":["Snecko Eye","Black Star"],"picked":"Cursed Key"}],"items_purged_floors":[30,48],"is_endless":false,"potions_floor_spawned":[1,3,12,13,21,22,23,25,42,45],"ascension_level":7}