{"gold_per_floor":[113,133,180,197,210,210,210,210,237,237,254,270,287,287,287,287],"floor_reached":16,"playtime":410,"items_purged":[],"score":94,"play_id":"12e3130c-fde5-4de4-80c8-8e15f15cd2cc","local_time":"20190325144535","is_ascension_mode":false,"campfire_choices":[{"data":"Turbo","floor":8,"key":"SMITH"},{"data":"Dualcast","floor":10,"key":"SMITH"},{"data":"Glacier","floor":15,"key":"SMITH"}],"neow_cost":"NONE","seed_source_timestamp":483073120607540,"circlet_count":0,"master_deck":["Strike_B","Strike_B","Strike_B","Defend_B","Defend_B","Defend_B","Defend_B","Zap","Dualcast+1","Rebound","Glacier","Undo","Chill","Turbo+1","Chaos","Glacier+1","Cold Snap"],"relics":["Cracked Core","Vajra","Anchor","Centennial Puzzle","Bird Faced Urn"],"potions_floor_usage":[],"damage_taken":[{"damage":1,"enemies":"Cultist","floor":1,"turns":3},{"damage":1,"enemies":"2 Louse","floor":2,"turns":2},{"damage":0,"enemies":"Jaw Worm","floor":4,"turns":3},{"damage":0,"enemies":"2 Fungi Beasts","floor":5,"turns":3},{"damage":0,"enemies":"Large Slime","floor":11,"turns":5},{"damage":0,"enemies":"Lots of Slimes","floor":12,"turns":4},{"damage":0,"enemies":"Looter","floor":13,"turns":4},{"damage":0,"enemies":"Slime Boss","floor":16,"turns":1}],"seed_played":"-3682273119493307394","potions_obtained":[{"floor":2,"key":"Dexterity Potion"},{"floor":5,"key":"SpeedPotion"},{"floor":12,"key":"FocusPotion"}],"is_trial":false,"path_per_floor":["M","M","T","M","M","?","?","R","T","R","M","M","M","T","R","B"],"character_chosen":"DEFECT","items_purchased":[],"campfire_rested":0,"item_purchase_floors":[],"current_hp_per_floor":[74,73,73,73,73,73,73,73,73,73,73,73,73,73,73,73],"gold":287,"neow_bonus":"RANDOM_COMMON_RELIC","is_prod":false,"is_daily":false,"chose_seed":false,"campfire_upgraded":3,"win_rate":0,"timestamp":1553521535,"path_taken":["M","?","?","M","M","?","?","R","T","R","M","?","M","?","R","BOSS"],"build_version":"2019-01-23","purchased_purges":0,"victory":false,"max_hp_per_floor":[75,75,75,75,75,75,75,75,75,75,75,75,75,75,75,75],"card_choices":[{"not_picked":["Turbo","Static Discharge"],"picked":"Rebound","floor":1},{"not_picked":["Coolheaded","Steam"],"picked":"Glacier","floor":2},{"not_picked":["Streamline","Recycle"],"picked":"Undo","floor":4},{"not_picked":["Undo","Genetic Algorithm"],"picked":"Chill","floor":5},{"not_picked":["Cold Snap","Lockon"],"picked":"Chaos","floor":11},{"not_picked":["Coolheaded","Go for the Eyes"],"picked":"Glacier","floor":12},{"not_picked":["Beam Cell","Sweeping Beam"],"picked":"Cold Snap","floor":13}],"player_experience":420098,"relics_obtained":[{"floor":3,"key":"Anchor"},{"floor":9,"key":"Centennial Puzzle"},{"floor":14,"key":"Bird Faced Urn"}],"event_choices":[{"damage_healed":0,"gold_gain":0,"player_choice":"Ignored","damage_taken":0,"max_hp_gain":0,"max_hp_loss":0,"event_name":"Liars Game","floor":6,"gold_loss":0},{"damage_healed":0,"gold_gain":0,"cards_transformed":["Strike_B"],"player_choice":"Transformed","damage_taken":0,"max_hp_gain":0,"max_hp_loss":0,"event_name":"Transmorgrifier","floor":7,"gold_loss":0,"cards_obtained":["Turbo"]}],"is_beta":false,"boss_relics":[],"items_purged_floors":[],"is_endless":false,"potions_floor_spawned":[2,5,12],"killed_by":"Slime Boss","ascension_level":0}