{"gold_per_floor":[115,127,143,159,177,177,196,221,246,246,262,262,282,282,282,383,383,393,378,412,424,78,78,97,114,114,134,49,79,79,97,97,194,244,262,277,291,308,308],"floor_reached":39,"playtime":6037,"items_purged":["Dualcast"],"score":438,"play_id":"31a4cc6d-85e6-45b5-a574-3aa41b90d94c","local_time":"20181121212941","is_ascension_mode":false,"campfire_choices":[{"data":"Genetic Algorithm","floor":6,"key":"SMITH"},{"floor":15,"key":"REST"},{"floor":23,"key":"REST"},{"floor":30,"key":"REST"},{"floor":32,"key":"REST"}],"neow_cost":"NONE","seed_source_timestamp":36878109636985,"circlet_count":0,"master_deck":["Strike_B","Strike_B+1","Strike_B","Strike_B","Defend_B","Defend_B","Defend_B","Defend_B","Zap+1","Rip and Tear","Steam","Ball Lightning+1","Genetic Algorithm+1","Coolheaded","Reinforced Body","Doom and Gloom+1","Cold Snap","Conserve Battery","Machine Learning","Streamline","White Noise+1","Leap","Leap","Auto Shields","Conserve Battery","Capacitor","Defragment+1","Leap+1","Auto Shields","Storm","Buffer","Consume","BootSequence+1","Stack","Conserve Battery+1","Fusion"],"relics":["Cracked Core","NeowsBlessing","StoneCalendar","Orichalcum","Thread and Needle","Sozu","Red Mask","Whetstone","Mummified Hand","Ancient Tea Set","Strawberry","Tiny House"],"potions_floor_usage":[8,29],"damage_taken":[{"damage":0,"enemies":"Cultist","floor":1,"turns":1},{"damage":0,"enemies":"Jaw Worm","floor":2,"turns":1},{"damage":0,"enemies":"Small Slimes","floor":3,"turns":2},{"damage":0,"enemies":"Looter","floor":4,"turns":3},{"damage":0,"enemies":"Large Slime","floor":5,"turns":4},{"damage":0,"enemies":"Blue Slaver","floor":7,"turns":4},{"damage":14,"enemies":"Gremlin Nob","floor":8,"turns":4},{"damage":13,"enemies":"3 Louse","floor":11,"turns":3},{"damage":2,"enemies":"2 Fungi Beasts","floor":13,"turns":3},{"damage":50,"enemies":"Hexaghost","floor":16,"turns":12},{"damage":0,"enemies":"Spheric Guardian","floor":18,"turns":4},{"damage":0,"enemies":"2 Thieves","floor":19,"turns":4},{"damage":38,"enemies":"Masked Bandits","floor":20,"turns":6},{"damage":4,"enemies":"Snake Plant","floor":21,"turns":5},{"damage":0,"enemies":"Snecko","floor":24,"turns":7},{"damage":20,"enemies":"Sentry and Sphere","floor":25,"turns":9},{"damage":2,"enemies":"Centurion and Healer","floor":27,"turns":7},{"damage":32,"enemies":"Slavers","floor":29,"turns":5},{"damage":0,"enemies":"Snecko","floor":31,"turns":6},{"damage":35,"enemies":"Champ","floor":33,"turns":12},{"damage":0,"enemies":"3 Darklings","floor":35,"turns":7},{"damage":3,"enemies":"3 Shapes","floor":36,"turns":7},{"damage":5,"enemies":"Writhing Mass","floor":37,"turns":7},{"damage":36,"enemies":"3 Darklings","floor":38,"turns":7},{"damage":69,"enemies":"Maw","floor":39,"turns":11}],"seed_played":"-691727344570024522","potions_obtained":[{"floor":2,"key":"Explosive Potion"},{"floor":5,"key":"Swift Potion"},{"floor":7,"key":"FearPotion"},{"floor":16,"key":"FairyPotion"}],"is_trial":false,"path_per_floor":["M","M","M","M","M","R","M","E","T","?","M","?","M","?","R","B",null,"M","M","?","M","$","R","M","M","T","M","?","E","R","M","R","B",null,"M","M","M","M","M"],"character_chosen":"DEFECT","items_purchased":["Auto Shields","Whetstone","Conserve Battery"],"campfire_rested":4,"item_purchase_floors":[22,22,22],"current_hp_per_floor":[75,75,75,75,75,75,75,61,61,61,48,48,46,43,65,15,75,75,75,37,33,33,55,55,35,35,33,33,8,32,32,56,21,87,87,84,79,43,0],"gold":308,"neow_bonus":"THREE_ENEMY_KILL","is_prod":false,"is_daily":false,"chose_seed":false,"campfire_upgraded":1,"win_rate":0.0,"timestamp":1542803381,"path_taken":["M","M","?","M","M","R","M","E","T","?","M","?","?","?","R","BOSS","M","M","?","M","$","R","M","M","T","M","?","E","R","M","R","BOSS","M","M","M","M","M"],"build_version":"2018-11-15","purchased_purges":1,"victory":false,"max_hp_per_floor":[75,75,75,75,75,75,75,75,75,75,75,75,75,75,75,75,75,75,75,75,75,75,75,75,75,75,75,75,82,82,82,82,82,87,87,87,87,87,87],"card_choices":[{"not_picked":["Sweeping Beam","Fusion"],"picked":"Rip and Tear","floor":1},{"not_picked":["Self Repair","Compile Driver"],"picked":"Steam","floor":2},{"not_picked":["Gash","Barrage"],"picked":"Ball Lightning","floor":3},{"not_picked":["Stack","Steam"],"picked":"Genetic Algorithm","floor":4},{"not_picked":["BootSequence","Compile Driver"],"picked":"Coolheaded","floor":5},{"not_picked":["Scrape","Auto Shields"],"picked":"Reinforced Body","floor":7},{"not_picked":["Ball Lightning","Sweeping Beam"],"picked":"Doom and Gloom","floor":8},{"not_picked":["Chaos","Capacitor"],"picked":"Cold Snap","floor":11},{"not_picked":["Beam Cell","Reprogram"],"picked":"Conserve Battery","floor":13},{"not_picked":["Creative AI","Thunder Strike"],"picked":"Machine Learning","floor":16},{"not_picked":["Force Field","Hello World"],"picked":"Streamline","floor":18},{"not_picked":["Gash+1","Skim"],"picked":"White Noise+1","floor":19},{"not_picked":["Redo","Stack+1"],"picked":"Leap","floor":20},{"not_picked":["Fusion","Loop"],"picked":"Leap","floor":21},{"not_picked":["Redo","FTL"],"picked":"Capacitor","floor":24},{"not_picked":["Sweeping Beam","Storm+1"],"picked":"Defragment+1","floor":25},{"not_picked":["Steam","Capacitor"],"picked":"Leap+1","floor":27},{"not_picked":["Rainbow","Thunder Strike"],"picked":"Auto Shields","floor":29},{"not_picked":["Streamline+1","Barrage"],"picked":"Storm","floor":31},{"not_picked":["Rainbow","Multi-Cast"],"picked":"Buffer","floor":33},{"not_picked":["Streamline","Skim"],"picked":"Consume","floor":34},{"not_picked":["Storm+1","Hologram+1"],"picked":"BootSequence+1","floor":35},{"not_picked":["Steam+1","Chaos+1"],"picked":"Stack","floor":36},{"not_picked":["Fusion+1","Stack"],"picked":"Conserve Battery+1","floor":37},{"not_picked":["Go for the Eyes","Force Field"],"picked":"Fusion","floor":38}],"player_experience":9463,"relics_obtained":[{"floor":8,"key":"StoneCalendar"},{"floor":9,"key":"Orichalcum"},{"floor":20,"key":"Red Mask"},{"floor":26,"key":"Mummified Hand"},{"floor":29,"key":"Strawberry"}],"event_choices":[{"damage_healed":0,"gold_gain":0,"player_choice":"Ignored","damage_taken":0,"max_hp_gain":0,"max_hp_loss":0,"event_name":"Liars Game","floor":10,"gold_loss":0},{"damage_healed":0,"gold_gain":0,"player_choice":"Upgraded","damage_taken":0,"max_hp_gain":0,"max_hp_loss":0,"event_name":"Upgrade Shrine","floor":12,"gold_loss":0,"cards_upgraded":["Zap"]},{"damage_healed":0,"gold_gain":0,"player_choice":"Success","damage_taken":3,"relics_obtained":["Thread and Needle"],"max_hp_gain":0,"max_hp_loss":0,"event_name":"Scrap Ooze","floor":14,"gold_loss":0},{"damage_healed":0,"gold_gain":0,"player_choice":"Fought Bandits","damage_taken":0,"max_hp_gain":0,"max_hp_loss":0,"event_name":"Masked Bandits","floor":20,"gold_loss":0},{"damage_healed":0,"gold_gain":0,"player_choice":"Obtained Relic","damage_taken":0,"relics_obtained":["Ancient Tea Set"],"max_hp_gain":0,"max_hp_loss":0,"event_name":"Addict","floor":28,"gold_loss":85}],"is_beta":false,"boss_relics":[{"not_picked":["FrozenCore","Calling Bell"],"picked":"Sozu"},{"not_picked":["Snecko Eye","Lizard Tail"],"picked":"Tiny House"}],"items_purged_floors":[22],"is_endless":false,"potions_floor_spawned":[2,5,7,16,21,24,25,27,29,31,37],"killed_by":"Maw","ascension_level":0}