{"gold_per_floor":[13,13,13,25,40,71,83,112,180,211,223,188,188,203,203,203],"floor_reached":16,"playtime":1421,"items_purged":[],"score":112,"play_id":"4c8f44ef-c8e1-4295-a25a-778abe140146","local_time":"20181214022055","is_ascension_mode":false,"campfire_choices":[{"data":"Footwork","floor":15,"key":"SMITH"}],"neow_cost":"NO_GOLD","seed_source_timestamp":116334819043406,"circlet_count":0,"master_deck":["Defend_G+1","Defend_G","Defend_G","Defend_G","Defend_G","Strike_G","Strike_G","Strike_G","Strike_G","Strike_G","Survivor","Neutralize+1","Infinite Blades","Terror","Outmaneuver","Quick Slash","PiercingWail","Footwork+1","Cloak And Dagger","Predator","Flying Knee"],"relics":["Ring of the Snake","Mango","Calipers","Regal Pillow","Odd Mushroom","Dodecahedron","Sundial","Centennial Puzzle"],"potions_floor_usage":[7,10,11,16],"damage_taken":[{"damage":0,"enemies":"Small Slimes","floor":1,"turns":7},{"damage":0,"enemies":"2 Louse","floor":4,"turns":3},{"damage":1,"enemies":"Jaw Worm","floor":5,"turns":5},{"damage":33,"enemies":"3 Sentries","floor":6,"turns":12},{"damage":29,"enemies":"Gremlin Gang","floor":7,"turns":8},{"damage":5,"enemies":"The Mushroom Lair","floor":8,"turns":6},{"damage":1,"enemies":"Lagavulin","floor":10,"turns":8},{"damage":7,"enemies":"Exordium Wildlife","floor":11,"turns":9},{"damage":2,"enemies":"Looter","floor":14,"turns":4},{"damage":25,"enemies":"Slime Boss","floor":16,"turns":8}],"seed_played":"2361656448997623503","potions_obtained":[{"floor":1,"key":"Fire Potion"},{"floor":5,"key":"Regen Potion"},{"floor":7,"key":"Block Potion"},{"floor":10,"key":"Fire Potion"},{"floor":11,"key":"SpeedPotion"}],"is_trial":false,"path_per_floor":["M","?","?","M","M","E","M","?","T","E","M","?","?","M","R","B"],"character_chosen":"THE_SILENT","items_purchased":[],"campfire_rested":0,"item_purchase_floors":[],"current_hp_per_floor":[84,67,64,64,63,30,16,11,11,10,3,24,24,22,22,0],"gold":203,"neow_bonus":"ONE_RARE_RELIC","is_prod":false,"is_daily":false,"chose_seed":false,"campfire_upgraded":1,"win_rate":0,"timestamp":1544775655,"path_taken":["M","?","?","M","M","E","M","?","T","E","M","?","?","M","R","BOSS"],"build_version":"2018-12-13","purchased_purges":0,"victory":false,"max_hp_per_floor":[84,84,84,84,84,84,84,84,84,84,84,84,84,84,84,84],"card_choices":[{"not_picked":["PiercingWail","All Out Attack"],"picked":"Infinite Blades","floor":1},{"not_picked":["Dodge and Roll","Poisoned Stab"],"picked":"Terror","floor":4},{"not_picked":["Distraction","Bouncing Flask"],"picked":"Outmaneuver","floor":5},{"not_picked":["Deflect","Reflex"],"picked":"Quick Slash","floor":6},{"not_picked":["Endless Agony","Prepared"],"picked":"PiercingWail","floor":7},{"not_picked":["Endless Agony","Slice"],"picked":"Footwork","floor":8},{"not_picked":["Finisher","Bane"],"picked":"Cloak And Dagger","floor":10},{"not_picked":["Quick Slash","Terror"],"picked":"Predator","floor":11},{"not_picked":["Bane","Outmaneuver"],"picked":"Flying Knee","floor":14}],"player_experience":132944,"relics_obtained":[{"floor":6,"key":"Regal Pillow"},{"floor":8,"key":"Odd Mushroom"},{"floor":9,"key":"Dodecahedron"},{"floor":10,"key":"Sundial"}],"event_choices":[{"damage_healed":0,"gold_gain":0,"player_choice":"Entered Light","damage_taken":17,"max_hp_gain":0,"max_hp_loss":0,"event_name":"Shining Light","floor":2,"gold_loss":0,"cards_upgraded":["Neutralize","Defend_G"]},{"damage_healed":0,"gold_gain":0,"player_choice":"Success","damage_taken":3,"relics_obtained":["Calipers"],"max_hp_gain":0,"max_hp_loss":0,"event_name":"Scrap Ooze","floor":3,"gold_loss":0},{"damage_healed":0,"gold_gain":0,"player_choice":"Fought Mushrooms","damage_taken":0,"max_hp_gain":0,"max_hp_loss":0,"event_name":"Mushrooms","floor":8,"gold_loss":0},{"damage_healed":21,"gold_gain":0,"player_choice":"Healed","damage_taken":0,"max_hp_gain":0,"max_hp_loss":0,"event_name":"The Cleric","floor":12,"gold_loss":35},{"damage_healed":0,"gold_gain":0,"player_choice":"Searched \u00272\u0027 times","damage_taken":0,"relics_obtained":["Centennial Puzzle"],"max_hp_gain":0,"max_hp_loss":0,"event_name":"Dead Adventurer","floor":13,"gold_loss":0}],"is_beta":false,"boss_relics":[],"items_purged_floors":[],"is_endless":false,"potions_floor_spawned":[1,5,7,10,11],"killed_by":"Slime Boss","ascension_level":0}