{"gold_per_floor":[367,367,367,262,276,276,310,310,310,328,33,63,63,81,81,181,181,195,195,148,148,159,159,184,184,237,270,270,24,24,24,24,123,123,136,155,155,0,0,0,12,12],"floor_reached":42,"playtime":3021,"items_purged":[],"score":635,"play_id":"25806bee-7598-4500-81eb-6d17976f8877","local_time":"20190314171827","is_ascension_mode":true,"campfire_choices":[{"data":"Pommel Strike","floor":6,"key":"SMITH"},{"floor":8,"key":"REST"},{"data":"Perfected Strike","floor":13,"key":"SMITH"},{"data":"Shockwave","floor":15,"key":"SMITH"},{"data":"Twin Strike","floor":23,"key":"SMITH"},{"floor":25,"key":"REST"},{"floor":28,"key":"REST"},{"data":"Wild Strike","floor":32,"key":"SMITH"},{"floor":40,"key":"REST"}],"neow_cost":"TEN_PERCENT_HP_LOSS","seed_source_timestamp":1227088380442722,"circlet_count":0,"master_deck":["Bash","Pommel Strike","Pommel Strike+1","Power Through","Twin Strike+1","Wild Strike","Flex","Flash of Steel","Perfected Strike+1","Shockwave+1","Feed","Pommel Strike+1","RitualDagger","Pommel Strike","Iron Wave","Anger","Wild Strike+1","Double Tap+1","Wild Strike","Berserk","Limit Break+1","Dark Embrace","Pommel Strike","Uppercut","Twin Strike","Disarm+1","Shrug It Off+1","Seeing Red+1","Infernal Blade+1","Iron Wave+1"],"relics":["Black Blood","Paper Frog","WingedGreaves","Bottled Lightning","Toolbox","Letter Opener","Vajra","Bronze Scales","Bag of Marbles","Sundial","Toxic Egg 2","Pandora\u0027s Box","Happy Flower"],"potions_floor_usage":[7,16,24,27,33,36,42],"damage_taken":[{"damage":0,"enemies":"2 Louse","floor":1,"turns":3},{"damage":7,"enemies":"Jaw Worm","floor":5,"turns":3},{"damage":20,"enemies":"Lagavulin","floor":7,"turns":5},{"damage":0,"enemies":"Small Slimes","floor":10,"turns":2},{"damage":22,"enemies":"Gremlin Nob","floor":12,"turns":4},{"damage":7,"enemies":"Exordium Wildlife","floor":14,"turns":3},{"damage":0,"enemies":"Slime Boss","floor":16,"turns":6},{"damage":1,"enemies":"Spheric Guardian","floor":18,"turns":3},{"damage":8,"enemies":"Chosen","floor":22,"turns":4},{"damage":38,"enemies":"Book of Stabbing","floor":24,"turns":5},{"damage":31,"enemies":"Slavers","floor":27,"turns":3},{"damage":70,"enemies":"Champ","floor":33,"turns":9},{"damage":25,"enemies":"3 Shapes","floor":35,"turns":3},{"damage":42,"enemies":"3 Darklings","floor":36,"turns":5},{"damage":20,"enemies":"Transient","floor":41,"turns":5},{"damage":36,"enemies":"Maw","floor":42,"turns":5}],"seed_played":"-2374895620266330645","potions_obtained":[{"floor":1,"key":"AttackPotion"},{"floor":14,"key":"Explosive Potion"},{"floor":18,"key":"Weak Potion"},{"floor":22,"key":"Explosive Potion"},{"floor":27,"key":"Explosive Potion"},{"floor":35,"key":"Block Potion"},{"floor":41,"key":"Swift Potion"}],"is_trial":false,"path_per_floor":["M","?","?","$","M","R","E","R","T","M","$","E","R","M","R","B",null,"M","?","$","?","M","R","E","R","T","E","R","$","T","$","R","B",null,"M","M","?","$","?","R","M","M"],"character_chosen":"IRONCLAD","items_purchased":["Pommel Strike","Power Through","Toolbox","Flash of Steel","Pommel Strike","Sundial","Happy Flower"],"campfire_rested":4,"item_purchase_floors":[4,4,11,11,20,29,38],"current_hp_per_floor":[72,77,65,65,64,64,50,73,73,77,77,61,61,60,60,66,74,77,71,71,71,76,76,48,72,72,54,78,78,78,78,78,18,67,52,20,20,20,20,44,34,0],"gold":12,"neow_bonus":"TWO_FIFTY_GOLD","is_prod":false,"is_daily":false,"chose_seed":false,"campfire_upgraded":5,"win_rate":0,"timestamp":1552580307,"path_taken":["M","?","?","$","M","R","E","R","T","M","$","E","R","M","R","BOSS","M","?","$","?","M","R","E","R","T","E","R","$","?","$","R","BOSS","M","M","?","$","?","R","M","M"],"build_version":"2019-01-23","purchased_purges":0,"victory":false,"max_hp_per_floor":[72,77,77,77,77,77,77,77,77,77,77,77,77,77,77,77,77,77,77,77,77,80,80,80,80,80,83,83,83,83,83,83,83,83,83,83,83,83,83,83,83,83],"card_choices":[{"not_picked":["Infernal Blade","Uppercut"],"picked":"Pommel Strike","floor":1},{"not_picked":["Entrench","Thunderclap"],"picked":"Twin Strike","floor":5},{"not_picked":["Twin Strike","Impervious"],"picked":"Wild Strike","floor":7},{"not_picked":["True Grit","Reckless Charge"],"picked":"Flex","floor":10},{"not_picked":["Hemokinesis","Sword Boomerang"],"picked":"Perfected Strike","floor":12},{"not_picked":["Sword Boomerang","Sentinel"],"picked":"Shockwave","floor":14},{"not_picked":["Impervious","Dark Embrace"],"picked":"Feed","floor":16},{"not_picked":["Power Through","Rage"],"picked":"Pommel Strike+1","floor":18},{"not_picked":["Sword Boomerang+1","Clothesline"],"picked":"Iron Wave","floor":22},{"not_picked":["Thunderclap","Corruption"],"picked":"Anger","floor":24},{"not_picked":["Battle Trance+1","Rage"],"picked":"Wild Strike","floor":27},{"not_picked":["Immolate","Dark Embrace"],"picked":"Double Tap+1","floor":33},{"not_picked":["Havoc+1","Intimidate+1"],"picked":"Shrug It Off+1","floor":35},{"not_picked":["Shockwave+1","Metallicize+1"],"picked":"Seeing Red+1","floor":36},{"not_picked":["Sentinel+1","Clothesline+1"],"picked":"Iron Wave+1","floor":41}],"player_experience":294977,"relics_obtained":[{"floor":7,"key":"WingedGreaves"},{"floor":9,"key":"Bottled Lightning"},{"floor":12,"key":"Letter Opener"},{"floor":24,"key":"Vajra"},{"floor":26,"key":"Bronze Scales"},{"floor":27,"key":"Bag of Marbles"},{"floor":30,"key":"Toxic Egg 2"}],"event_choices":[{"damage_healed":0,"gold_gain":0,"player_choice":"Donut","damage_taken":0,"max_hp_gain":5,"max_hp_loss":0,"event_name":"Big Fish","floor":2,"gold_loss":0},{"damage_healed":0,"gold_gain":0,"player_choice":"Success","damage_taken":12,"relics_obtained":["Paper Frog"],"max_hp_gain":0,"max_hp_loss":0,"event_name":"Scrap Ooze","floor":3,"gold_loss":0},{"damage_healed":0,"gold_gain":0,"player_choice":"Joined the Cult","damage_taken":6,"max_hp_gain":0,"max_hp_loss":0,"event_name":"Nest","floor":19,"gold_loss":0,"cards_obtained":["RitualDagger"]},{"damage_healed":0,"gold_gain":0,"player_choice":"Ignored","damage_taken":0,"max_hp_gain":0,"max_hp_loss":0,"event_name":"Beggar","floor":21,"gold_loss":0},{"damage_healed":0,"gold_gain":0,"player_choice":"Ignored","damage_taken":0,"max_hp_gain":0,"max_hp_loss":0,"event_name":"Mysterious Sphere","floor":37,"gold_loss":0},{"damage_healed":0,"gold_gain":0,"cards_transformed":["Dark Embrace"],"player_choice":"Transformed","damage_taken":0,"max_hp_gain":0,"max_hp_loss":0,"event_name":"Transmorgrifier","floor":39,"gold_loss":0,"cards_obtained":["Infernal Blade"]}],"is_beta":false,"boss_relics":[{"not_picked":["Empty Cage","Ectoplasm"],"picked":"Black Blood"},{"not_picked":["Snecko Eye","Cursed Key"],"picked":"Pandora\u0027s Box"}],"items_purged_floors":[],"is_endless":false,"potions_floor_spawned":[1,14,18,22,27,35,41],"killed_by":"Maw","ascension_level":5}