{"gold_per_floor":[110,285,360,260,280,313,313,348,348,348,358,218,168,194,194,194],"floor_reached":16,"playtime":1149,"items_purged":["Doubt","Strike_R"],"score":155,"play_id":"ffb0621b-5a47-4d5f-860e-1a92f6cc2a47","local_time":"20190131154517","is_ascension_mode":true,"campfire_choices":[{"data":"Warcry","floor":7,"key":"SMITH"},{"floor":10,"key":"REST"},{"floor":15,"key":"REST"}],"neow_cost":"NONE","seed_source_timestamp":21149285035191,"circlet_count":0,"master_deck":["Strike_R","Strike_R","Strike_R","Defend_R","Defend_R","Defend_R","Defend_R","Bash","Corruption","Shrug It Off","Warcry+1","Feed","Dropkick","Shockwave"],"relics":["Burning Blood","NeowsBlessing","Pantograph","StoneCalendar","Omamori","Thread and Needle"],"potions_floor_usage":[16,16,16],"damage_taken":[{"damage":0,"enemies":"Small Slimes","floor":1,"turns":1},{"damage":0,"enemies":"2 Louse","floor":5,"turns":1},{"damage":0,"enemies":"3 Sentries","floor":6,"turns":2},{"damage":44,"enemies":"Lagavulin","floor":8,"turns":9},{"damage":1,"enemies":"Cultist","floor":11,"turns":4},{"damage":56,"enemies":"Gremlin Nob","floor":14,"turns":6},{"damage":87,"enemies":"The Guardian","floor":16,"turns":14}],"seed_played":"7759904960254713096","potions_obtained":[{"floor":1,"key":"Ancient Potion"},{"floor":11,"key":"PowerPotion"},{"floor":14,"key":"BloodPotion"}],"is_trial":false,"path_per_floor":["?","?","M","?"],"character_chosen":"IRONCLAD","items_purchased":["Shrug It Off","Dropkick"],"campfire_rested":2,"item_purchase_floors":[4,12],"current_hp_per_floor":[80,80,72,72,78,80,80,42,42,66,74,74,74,27,52,0],"gold":194,"neow_bonus":"THREE_ENEMY_KILL","is_prod":false,"is_daily":false,"chose_seed":false,"campfire_upgraded":1,"win_rate":0,"timestamp":1548967517,"path_taken":["M","?","?","$","?","E","R","E","T","R","M","$","?","E","R","BOSS"],"build_version":"2019-01-23","purchased_purges":2,"victory":false,"max_hp_per_floor":[80,80,80,80,80,80,80,80,80,80,83,83,83,86,86,86],"card_choices":[{"not_picked":["Wild Strike","Entrench"],"picked":"Corruption","floor":1},{"not_picked":["Pommel Strike","Intimidate"],"picked":"Warcry","floor":5},{"not_picked":["Bloodletting","Cleave","Wild Strike"],"picked":"SKIP","floor":6},{"not_picked":["Limit Break","Offering"],"picked":"Feed","floor":8},{"not_picked":["Blood for Blood","Rage","Clothesline"],"picked":"SKIP","floor":11},{"not_picked":["Sever Soul","Havoc"],"picked":"Shockwave","floor":14}],"player_experience":30536,"relics_obtained":[{"floor":6,"key":"Pantograph"},{"floor":8,"key":"StoneCalendar"},{"floor":9,"key":"Omamori"},{"floor":14,"key":"Thread and Needle"}],"event_choices":[{"damage_healed":0,"gold_gain":175,"player_choice":"AGREE","damage_taken":0,"max_hp_gain":0,"max_hp_loss":0,"event_name":"Liars Game","floor":2,"gold_loss":0,"cards_obtained":["Doubt"]},{"damage_healed":0,"gold_gain":75,"player_choice":"Touch","damage_taken":8,"max_hp_gain":0,"max_hp_loss":0,"event_name":"FaceTrader","floor":3,"gold_loss":0},{"cards_removed":["Strike_R"],"damage_healed":0,"gold_gain":0,"player_choice":"Card Removal","damage_taken":0,"max_hp_gain":0,"max_hp_loss":0,"event_name":"The Cleric","floor":13,"gold_loss":50}],"is_beta":false,"boss_relics":[],"items_purged_floors":[4,12],"is_endless":false,"potions_floor_spawned":[1,11,14],"killed_by":"The Guardian","ascension_level":2}