{"gold_per_floor":[114,130,142,142,155,155,155,155,208,219,183,183,183,110,110,206,206,226,240,159,174,38,38,49,49,123,123,123,136,151,151,151,151],"floor_reached":33,"playtime":2076,"items_purged":[],"score":237,"play_id":"b1740993-48ed-4ba7-83ed-0ba56ca1d904","local_time":"20181004200149","is_ascension_mode":false,"campfire_choices":[{"data":"Thunderclap","floor":6,"key":"SMITH"},{"data":"Sword Boomerang","floor":8,"key":"SMITH"},{"data":"Perfected Strike","floor":12,"key":"SMITH"},{"floor":15,"key":"REST"},{"floor":23,"key":"REST"},{"floor":28,"key":"REST"},{"floor":32,"key":"REST"}],"neow_cost":"NONE","seed_source_timestamp":0,"circlet_count":0,"master_deck":["Strike_R","Strike_R","Strike_R","Strike_R","Strike_R+1","Defend_R","Defend_R","Defend_R","Defend_R+1","Bash","Ghostly Armor","Sword Boomerang+1","Cleave","Thunderclap+1","Perfected Strike+1","Carnage","Feed","Demon Form","Headbutt","Clothesline","Spot Weakness","Shrug It Off","Impervious","Twin Strike","RitualDagger","Cleave+1","Ghostly Armor","Decay"],"special_seed":0,"relics":["Velvet Choker"],"potions_floor_usage":[16,30,33],"damage_taken":[{"damage":0,"enemies":"Cultist","floor":1,"turns":2},{"damage":1,"enemies":"Jaw Worm","floor":2,"turns":2},{"damage":0,"enemies":"2 Louse","floor":3,"turns":3},{"damage":7,"enemies":"Blue Slaver","floor":5,"turns":3},{"damage":3,"enemies":"Exordium Wildlife","floor":10,"turns":2},{"damage":55,"enemies":"Hexaghost","floor":16,"turns":8},{"damage":25,"enemies":"2 Thieves","floor":18,"turns":4},{"damage":0,"enemies":"Chosen","floor":19,"turns":3},{"damage":21,"enemies":"Snake Plant","floor":21,"turns":3},{"damage":24,"enemies":"Shelled Parasite and Fungi","floor":24,"turns":5},{"damage":0,"enemies":"Snecko","floor":29,"turns":3},{"damage":36,"enemies":"Snake Plant","floor":30,"turns":4},{"damage":62,"enemies":"Automaton","floor":33,"turns":6}],"seed_played":"3461415114547300121","potions_obtained":[{"floor":1,"key":"Fire Potion"},{"floor":10,"key":"Dexterity Potion"},{"floor":24,"key":"LiquidBronze"}],"is_trial":false,"path_per_floor":["M","M","M","?","M","R","T","R","T","M","$","R","?","$","R","B",null,"M","M","$","M","$","R","M","?","T","?","R","M","M","?","R"],"character_chosen":"IRONCLAD","items_purchased":["Carnage","Feed","Spot Weakness","Impervious"],"campfire_rested":4,"item_purchase_floors":[11,14,20,22],"current_hp_per_floor":[80,79,79,79,72,72,72,72,72,69,69,69,53,53,77,22,80,55,55,55,37,37,61,40,31,31,25,50,50,14,14,39,0],"gold":151,"neow_bonus":"BOSS_RELIC","is_prod":false,"is_daily":false,"chose_seed":false,"campfire_upgraded":3,"win_rate":0,"timestamp":1538676109,"path_taken":["M","M","?","?","M","R","?","R","T","M","?","R","?","$","R","BOSS","M","M","$","M","$","R","M","?","T","?","R","?","M","?","R","BOSS"],"build_version":"2018-09-27","purchased_purges":0,"victory":false,"max_hp_per_floor":[80,80,80,80,80,80,80,80,80,80,80,80,80,80,80,80,80,80,80,80,83,83,83,86,86,86,86,86,86,86,86,86,86],"card_choices":[{"not_picked":["Whirlwind","Clash"],"picked":"Ghostly Armor","floor":1},{"not_picked":["Sentinel","Clash"],"picked":"Sword Boomerang","floor":2},{"not_picked":["Sever Soul","Anger"],"picked":"Cleave","floor":3},{"not_picked":["Sword Boomerang","Cleave"],"picked":"Thunderclap","floor":5},{"not_picked":["Armaments","Pommel Strike"],"picked":"Perfected Strike","floor":10},{"not_picked":["Brutality","Barricade"],"picked":"Demon Form","floor":16},{"not_picked":["Combust","Battle Trance"],"picked":"Headbutt","floor":18},{"not_picked":["Armaments+1","Fire Breathing"],"picked":"Clothesline","floor":19},{"not_picked":["True Grit","Carnage+1"],"picked":"Shrug It Off","floor":21},{"not_picked":["Pummel","Disarm"],"picked":"Twin Strike","floor":24},{"not_picked":["Thunderclap","Whirlwind"],"picked":"Cleave+1","floor":29},{"not_picked":["Cleave","Bludgeon"],"picked":"Ghostly Armor","floor":30}],"player_experience":215292,"relics_obtained":[],"event_choices":[{"event_name":"Scrap Ooze","player_choice":"unsuccessful","floor":4,"damage_taken":0},{"event_name":"Shining Light","player_choice":"Entered Light","floor":13,"damage_taken":0},{"event_name":"Cursed Tome","player_choice":"Stopped","floor":25,"damage_taken":0},{"event_name":"Nest","player_choice":"Joined the Cult","floor":27,"damage_taken":0},{"event_name":"Forgotten Altar","player_choice":"Smashed Altar","floor":31,"damage_taken":0}],"is_beta":false,"boss_relics":[{"not_picked":["Runic Cube","Coffee Dripper","Black Star"]}],"items_purged_floors":[],"is_endless":false,"potions_floor_spawned":[1,10,24],"killed_by":"Automaton","ascension_level":0}