{"gold_per_floor":[113,129,143,218,143,143,143,143,143,197,197,197,97,47,47,47],"floor_reached":16,"playtime":471,"items_purged":["Defend_R","Strike_R"],"score":86,"play_id":"1644f6de-2225-44a2-ac59-ecc87f6e4820","local_time":"20181016225029","is_ascension_mode":false,"campfire_choices":[{"data":"Bash","floor":6,"key":"SMITH"},{"floor":8,"key":"REST"},{"floor":15,"key":"REST"}],"neow_cost":"TEN_PERCENT_HP_LOSS","seed_source_timestamp":339581630015125,"circlet_count":0,"master_deck":["Strike_R","Strike_R","Defend_R","Defend_R","Bash+1"],"relics":["Burning Blood","Sundial","Golden Idol"],"potions_floor_usage":[16,16],"damage_taken":[{"damage":0,"enemies":"Small Slimes","floor":1,"turns":3},{"damage":10,"enemies":"Jaw Worm","floor":2,"turns":4},{"damage":1,"enemies":"2 Louse","floor":3,"turns":4},{"damage":83,"enemies":"Slime Boss","floor":16,"turns":7}],"seed_played":"-4792369464532238513","potions_obtained":[{"floor":1,"key":"PowerPotion"},{"floor":3,"key":"Poison Potion"},{"floor":11,"key":"Weak Potion"}],"is_trial":false,"path_per_floor":["M","M","M","?","$","R","?","R","T","?","?","?","$","?","R"],"character_chosen":"IRONCLAD","items_purchased":[],"campfire_rested":2,"item_purchase_floors":[],"current_hp_per_floor":[72,68,72,61,61,61,61,72,72,72,72,54,54,54,72,0],"gold":47,"neow_bonus":"REMOVE_TWO","is_prod":false,"is_daily":false,"chose_seed":false,"campfire_upgraded":1,"win_rate":0,"timestamp":1539723029,"path_taken":["M","M","M","?","$","R","?","R","T","?","?","?","$","?","R","BOSS"],"build_version":"2018-10-11","purchased_purges":2,"victory":false,"max_hp_per_floor":[72,72,72,72,72,72,72,72,72,72,72,72,72,72,72,72],"card_choices":[{"not_picked":["Evolve","Headbutt","Pommel Strike"],"picked":"SKIP","floor":1},{"not_picked":["Seeing Red","Power Through","Burning Pact"],"picked":"SKIP","floor":2},{"not_picked":["Second Wind","Power Through","Pommel Strike"],"picked":"SKIP","floor":3}],"player_experience":245961,"relics_obtained":[{"floor":9,"key":"Sundial"}],"event_choices":[{"event_name":"World of Goop","player_choice":"Gather Gold","floor":4,"damage_taken":0},{"event_name":"Liars Game","player_choice":"disagreed","floor":7,"damage_taken":0},{"event_name":"Golden Wing","player_choice":"Gained Gold","floor":10,"damage_taken":0},{"event_name":"The Lab","player_choice":"Got Potions","floor":11,"damage_taken":0},{"event_name":"Golden Idol","player_choice":"Take Damage","floor":12,"damage_taken":0},{"event_name":"The Cleric","player_choice":"Card Removal","floor":14,"damage_taken":0}],"is_beta":false,"boss_relics":[],"items_purged_floors":[5,13],"is_endless":false,"potions_floor_spawned":[1,3],"killed_by":"Slime Boss","ascension_level":0}