{"gold_per_floor":[119,138,138,150,164,176,176,195,195,195,195,211,224,239,239,336,336,350,275,35,35,46,46,65,18,18,34,34,64,64,77,77,77],"floor_reached":33,"playtime":880,"items_purged":[],"score":288,"play_id":"7e83d812-f4ca-40b6-bb33-82fb504caf13","local_time":"20190322133358","is_ascension_mode":false,"campfire_choices":[{"data":"Bash","floor":7.0,"key":"SMITH"},{"data":"Perfected Strike","floor":10.0,"key":"SMITH"},{"data":"Perfected Strike","floor":15,"key":"SMITH"},{"data":"Flex","floor":23,"key":"SMITH"},{"data":"Perfected Strike","floor":28,"key":"SMITH"},{"floor":30,"key":"REST"},{"floor":32,"key":"REST"}],"neow_cost":"NONE","seed_source_timestamp":13776846344072,"circlet_count":0,"master_deck":["Strike_R+1","Strike_R+1","Defend_R","Defend_R","Defend_R","Defend_R","Bash+1","Twin Strike","Perfected Strike+1","Perfected Strike+1","Twin Strike","Clash+1","Anger+1","Wild Strike","Perfected Strike+1","Twin Strike+1","Flex+1","True Grit","Cleave","Shrug It Off","Twin Strike+1","Flex","Pommel Strike+1"],"special_seed":0,"relics":["Burning Blood","Kunai","Empty Cage","Whetstone","Charon\u0027s Ashes","Vajra","Dream Catcher"],"potions_floor_usage":[16,16,24,29,29,29],"damage_taken":[{"damage":6.0,"enemies":"Jaw Worm","floor":1.0,"turns":5.0},{"damage":2.0,"enemies":"2 Louse","floor":2.0,"turns":3.0},{"damage":1.0,"enemies":"Cultist","floor":4.0,"turns":3.0},{"damage":7.0,"enemies":"3 Louse","floor":5.0,"turns":3.0},{"damage":7.0,"enemies":"Blue Slaver","floor":6.0,"turns":3.0},{"damage":0.0,"enemies":"2 Fungi Beasts","floor":8.0,"turns":2.0},{"damage":6,"enemies":"Large Slime","floor":12,"turns":3},{"damage":0,"enemies":"Gremlin Gang","floor":13,"turns":4},{"damage":0,"enemies":"Looter","floor":14,"turns":1},{"damage":54,"enemies":"Hexaghost","floor":16,"turns":4},{"damage":10,"enemies":"Shell Parasite","floor":18,"turns":4},{"damage":1,"enemies":"3 Byrds","floor":22,"turns":6},{"damage":22,"enemies":"Shelled Parasite and Fungi","floor":24,"turns":5},{"damage":4,"enemies":"Snecko","floor":27,"turns":3},{"damage":43,"enemies":"Gremlin Leader","floor":29,"turns":4},{"damage":38,"enemies":"Centurion and Healer","floor":31,"turns":4},{"damage":58,"enemies":"Automaton","floor":33,"turns":6}],"seed_played":"-3457039910108540975","potions_obtained":[{"floor":1.0,"key":"Swift Potion"},{"floor":4.0,"key":"GamblersBrew"},{"floor":6.0,"key":"Fruit Juice"},{"floor":13,"key":"Energy Potion"},{"floor":22,"key":"SteroidPotion"},{"floor":24,"key":"Regen Potion"},{"floor":27,"key":"Explosive Potion"}],"is_trial":false,"path_per_floor":["M","M","?","M","M","M","R","M","T","R","?","M","M","M","R","B",null,"M","?","$","?","M","R","M","$","T","M","R","E","R","M","R","B"],"character_chosen":"IRONCLAD","items_purchased":["Whetstone","Flex","SkillPotion","Shrug It Off"],"campfire_rested":2,"item_purchase_floors":[20,20,20,25],"current_hp_per_floor":[88,88,70,75,74,78,78,84,84,84,84,84,90,93,93,45,93,89,89,89,89,93,93,77,77,77,79,79,54,81,49,76,18],"gold":77,"neow_bonus":"TEN_PERCENT_HP_BONUS","is_prod":false,"is_daily":false,"chose_seed":false,"campfire_upgraded":5,"win_rate":0,"timestamp":1553229238,"path_taken":["M","M","?","M","M","M","R","M","T","R","?","M","?","M","R","BOSS","M","?","$","?","M","R","M","$","T","M","R","E","R","M","R","BOSS"],"build_version":"2019-01-23","purchased_purges":0,"victory":false,"max_hp_per_floor":[88,88,88,88,88,93,93,93,93,93,93,93,93,93,93,93,93,93,93,93,93,93,93,93,93,93,93,93,93,93,93,93,93],"card_choices":[{"not_picked":["Carnage","Sever Soul","Shockwave"],"picked":"SKIP","floor":1.0},{"not_picked":["Shockwave","Warcry"],"picked":"Twin Strike","floor":2.0},{"not_picked":["Intimidate","Iron Wave"],"picked":"Perfected Strike","floor":4.0},{"not_picked":["Clash","Demon Form"],"picked":"Perfected Strike","floor":5.0},{"not_picked":["Blood for Blood","Whirlwind"],"picked":"Twin Strike","floor":6.0},{"not_picked":["Carnage","Armaments"],"picked":"Clash","floor":8.0},{"not_picked":["Clothesline","Iron Wave"],"picked":"Anger","floor":12},{"not_picked":["Sword Boomerang","Combust"],"picked":"Wild Strike","floor":13},{"not_picked":["Pummel","Dual Wield"],"picked":"Perfected Strike","floor":14},{"not_picked":["Wild Strike+1","Flex"],"picked":"Twin Strike+1","floor":18},{"not_picked":["Searing Blow","Fire Breathing"],"picked":"True Grit","floor":22},{"not_picked":["Perfected Strike","Sentinel"],"picked":"Cleave","floor":24},{"not_picked":["Hemokinesis+1","Heavy Blade","Headbutt+1"],"picked":"SKIP","floor":27},{"not_picked":["Bloodletting","Rupture"],"picked":"Twin Strike+1","floor":29},{"not_picked":["Rupture","Searing Blow"],"picked":"Flex","floor":31},{"not_picked":["Metallicize","Iron Wave"],"picked":"Pommel Strike+1","floor":32}],"player_experience":377748,"relics_obtained":[{"floor":9.0,"key":"Kunai"},{"floor":26,"key":"Vajra"},{"floor":29,"key":"Dream Catcher"}],"event_choices":[{"damage_healed":0.0,"max_hp_gain":0.0,"max_hp_loss":0.0,"gold_gain":0.0,"event_name":"Shining Light","player_choice":"Entered Light","floor":3.0,"gold_loss":0.0,"damage_taken":18.0,"cards_upgraded":["Strike_R","Strike_R"]},{"damage_healed":0,"gold_gain":0,"player_choice":"Ignored","damage_taken":0,"max_hp_gain":0,"max_hp_loss":0,"event_name":"Transmorgrifier","floor":11,"gold_loss":0},{"cards_removed":["Strike_R"],"damage_healed":0,"gold_gain":0,"player_choice":"Gave Gold","damage_taken":0,"max_hp_gain":0,"max_hp_loss":0,"event_name":"Beggar","floor":19,"gold_loss":75},{"damage_healed":0,"gold_gain":0,"player_choice":"Opened","damage_taken":0,"relics_obtained":["Charon\u0027s Ashes"],"max_hp_gain":0,"max_hp_loss":0,"event_name":"The Mausoleum","floor":21,"gold_loss":0}],"is_beta":false,"boss_relics":[{"not_picked":["Lizard Tail","Runic Dome"],"picked":"Empty Cage"}],"items_purged_floors":[],"is_endless":false,"potions_floor_spawned":[1,4,6,13,22,24,27],"killed_by":"Automaton","ascension_level":0}