{"gold_per_floor":[215,66,78,97,97,97,97,97,120,153,163,163,233,249,249,249],"floor_reached":16,"playtime":649,"items_purged":[],"score":153,"play_id":"b05df60e-7dff-412a-aba8-e98cc0b289ab","local_time":"20190320154533","is_ascension_mode":true,"campfire_choices":[{"data":"Neutralize","floor":6,"key":"SMITH"},{"data":"Poisoned Stab","floor":8,"key":"SMITH"},{"data":"Catalyst","floor":12,"key":"SMITH"},{"data":"Survivor","floor":15,"key":"SMITH"}],"neow_cost":"NONE","seed_source_timestamp":3271300794101,"circlet_count":0,"master_deck":["AscendersBane","Defend_G","Defend_G","Defend_G","Defend_G","Defend_G","Strike_G","Strike_G+1","Strike_G","Strike_G+1","Strike_G","Survivor+1","Neutralize+1","Catalyst+1","Flash of Steel","Poisoned Stab+1"],"relics":["Ring of the Snake","SsserpentHead","Boot","Whetstone"],"potions_floor_usage":[11,16],"damage_taken":[{"damage":9,"enemies":"Small Slimes","floor":1,"turns":6},{"damage":6,"enemies":"2 Louse","floor":3,"turns":3},{"damage":2,"enemies":"Cultist","floor":4,"turns":5},{"damage":27,"enemies":"3 Sentries","floor":10,"turns":10},{"damage":0,"enemies":"Lots of Slimes","floor":11,"turns":4},{"damage":0,"enemies":"Gremlin Gang","floor":13,"turns":7},{"damage":9,"enemies":"Exordium Wildlife","floor":14,"turns":6},{"damage":47,"enemies":"Slime Boss","floor":16,"turns":7}],"seed_played":"-4408251714076085594","potions_obtained":[{"floor":3,"key":"SkillPotion"},{"floor":4,"key":"SpeedPotion"}],"is_trial":false,"path_per_floor":["M","$","M","M","?","R","?","R","T","E","M","R","M","M","R","B"],"character_chosen":"THE_SILENT","items_purchased":["Catalyst","Flash of Steel"],"campfire_rested":0,"item_purchase_floors":[2,2],"current_hp_per_floor":[54,54,48,46,69,69,69,69,69,42,42,42,42,33,33,0],"gold":249,"neow_bonus":"HUNDRED_GOLD","is_prod":false,"is_daily":false,"chose_seed":false,"campfire_upgraded":4,"win_rate":0,"timestamp":1553064333,"path_taken":["M","$","M","M","?","R","?","R","T","E","M","R","?","M","R","BOSS"],"build_version":"2019-01-23","purchased_purges":0,"victory":false,"max_hp_per_floor":[70,70,70,70,70,70,70,70,70,70,70,70,70,70,70,70],"card_choices":[{"not_picked":["Quick Slash","Underhanded Strike","Tactician"],"picked":"SKIP","floor":1},{"not_picked":["Bane","Masterful Stab"],"picked":"Poisoned Stab","floor":3},{"not_picked":["Deflect","Acrobatics","Dagger Spray"],"picked":"SKIP","floor":4},{"not_picked":["Heel Hook","Tactician","Concentrate"],"picked":"SKIP","floor":10},{"not_picked":["Well Laid Plans","Cloak And Dagger","Expertise"],"picked":"SKIP","floor":11},{"not_picked":["Well Laid Plans","Flechettes","Tools of the Trade"],"picked":"SKIP","floor":13},{"not_picked":["Finisher","Deflect","Quick Slash"],"picked":"SKIP","floor":14}],"player_experience":354374,"relics_obtained":[{"floor":9,"key":"Boot"},{"floor":10,"key":"Whetstone"}],"event_choices":[{"damage_healed":23,"gold_gain":0,"player_choice":"Banana","damage_taken":0,"max_hp_gain":0,"max_hp_loss":0,"event_name":"Big Fish","floor":5,"gold_loss":0},{"damage_healed":0,"gold_gain":0,"player_choice":"Trade","damage_taken":0,"relics_obtained":["SsserpentHead"],"max_hp_gain":0,"max_hp_loss":0,"event_name":"FaceTrader","floor":7,"gold_loss":0}],"is_beta":false,"boss_relics":[],"items_purged_floors":[],"is_endless":false,"potions_floor_spawned":[3,4],"killed_by":"Slime Boss","ascension_level":10}