{"gold_per_floor":[116,116,135,55,75,103,113,139,139,158,177,177,196,215,215,310,310,321,321,321,336,336,362,5,5,29,46,79,178,192,203,203,298,298,309,309,105,122,135,135,168,183,183,183,71,81,81],"floor_reached":47,"playtime":4858,"items_purged":["Poisoned Stab"],"score":586,"play_id":"8f80e219-ca8c-4cbc-ae1f-eb65030ae4c1","local_time":"20181125233633","is_ascension_mode":false,"campfire_choices":[{"data":"Neutralize","floor":12,"key":"SMITH"},{"data":"Deflect","floor":15,"key":"SMITH"},{"floor":32,"key":"REST"},{"floor":40,"key":"REST"},{"floor":44,"key":"REST"}],"neow_cost":"NONE","seed_source_timestamp":58778912138835,"circlet_count":0,"master_deck":["Defend_G+1","Defend_G+1","Defend_G+1","Defend_G+1","Defend_G+1","Strike_G+1","Strike_G+1","Strike_G+1","Strike_G+1","Survivor","Neutralize+1","Tools of the Trade+1","Blur","Bouncing Flask","Prepared","Deflect+1","Noxious Fumes","PiercingWail","Escape Plan","Catalyst","Caltrops","Backflip","Venomology","Prepared","Distraction","Crippling Poison","Noxious Fumes","Noxious Fumes","PiercingWail","Caltrops","Calculated Gamble+1","Expertise+1","Corpse Explosion","Poisoned Stab+1","Escape Plan","Crippling Poison","Blur","Catalyst","Outmaneuver+1","Madness","Madness","Blur","Noxious Fumes+1","Footwork","Backflip+1","PiercingWail+1","Catalyst","Prepared+1"],"relics":["Ring of the Snake","Pantograph","Peace Pipe","Molten Egg 2","Fusion Hammer","MutagenicStrength","Gremlin Horn","Strange Spoon","Bronze Scales","Ancient Tea Set","Orrery","Lantern","Dream Catcher","Ornamental Fan"],"potions_floor_usage":[6,6,8,21,21,23,23,28,28,28,31,33,33,38,39,41],"damage_taken":[{"damage":0,"enemies":"2 Louse","floor":1,"turns":3},{"damage":0,"enemies":"Jaw Worm","floor":3,"turns":6},{"damage":0,"enemies":"Small Slimes","floor":5,"turns":2},{"damage":10,"enemies":"Lagavulin","floor":6,"turns":7},{"damage":0,"enemies":"Looter","floor":7,"turns":4},{"damage":3,"enemies":"3 Sentries","floor":8,"turns":9},{"damage":2,"enemies":"Exordium Thugs","floor":10,"turns":4},{"damage":0,"enemies":"Blue Slaver","floor":11,"turns":4},{"damage":4,"enemies":"2 Fungi Beasts","floor":13,"turns":4},{"damage":1,"enemies":"3 Louse","floor":14,"turns":3},{"damage":1,"enemies":"Hexaghost","floor":16,"turns":8},{"damage":0,"enemies":"3 Byrds","floor":18,"turns":3},{"damage":2,"enemies":"2 Thieves","floor":21,"turns":5},{"damage":2,"enemies":"Book of Stabbing","floor":23,"turns":7},{"damage":0,"enemies":"Shelled Parasite and Fungi","floor":27,"turns":5},{"damage":32,"enemies":"Gremlin Leader","floor":28,"turns":6},{"damage":0,"enemies":"Chosen and Byrds","floor":30,"turns":5},{"damage":4,"enemies":"Sentry and Sphere","floor":31,"turns":6},{"damage":16,"enemies":"Champ","floor":33,"turns":11},{"damage":0,"enemies":"3 Shapes","floor":35,"turns":5},{"damage":13,"enemies":"Orb Walker","floor":38,"turns":4},{"damage":5,"enemies":"Jaw Worm Horde","floor":39,"turns":4},{"damage":13,"enemies":"Giant Head","floor":41,"turns":7},{"damage":23,"enemies":"4 Shapes","floor":42,"turns":4},{"damage":40,"enemies":"Spire Growth","floor":46,"turns":4},{"damage":37,"enemies":"Writhing Mass","floor":47,"turns":4}],"seed_played":"-3442803948117269678","potions_obtained":[{"floor":1,"key":"Energy Potion"},{"floor":5,"key":"Poison Potion"},{"floor":7,"key":"Block Potion"},{"floor":10,"key":"GhostInAJar"},{"floor":11,"key":"Swift Potion"},{"floor":13,"key":"EssenceOfSteel"},{"floor":21,"key":"Ancient Potion"},{"floor":27,"key":"Ancient Potion"},{"floor":30,"key":"Dexterity Potion"},{"floor":42,"key":"Explosive Potion"}],"is_trial":false,"path_per_floor":["M","?","M","$","M","E","M","E","T","M","M","R","M","M","R","B",null,"M","?","?","M","?","E","$","?","T","M","E","?","M","M","R","B",null,"M","?","$","M","M","R","E","M","T","R","$","M","M"],"character_chosen":"THE_SILENT","items_purchased":["Bouncing Flask","Strange Spoon","Crippling Poison","Noxious Fumes","Lantern","Block Potion","Catalyst"],"campfire_rested":3,"item_purchase_floors":[4,24,24,24,37,37,45],"current_hp_per_floor":[70,56,56,56,56,46,46,43,43,41,41,41,37,36,36,60,70,70,57,57,55,55,53,53,53,53,53,21,21,21,17,39,48,75,75,66,66,53,48,70,57,34,34,56,56,16,0],"gold":81,"neow_bonus":"TRANSFORM_CARD","is_prod":false,"is_daily":false,"chose_seed":false,"campfire_upgraded":2,"win_rate":0.0,"timestamp":1543156593,"path_taken":["M","?","M","$","M","E","M","E","T","M","M","R","M","M","R","BOSS","M","?","?","M","?","E","$","?","T","?","E","?","M","M","R","BOSS","M","?","$","M","M","R","E","M","T","R","$","M","M"],"build_version":"2018-11-15","purchased_purges":1,"victory":false,"max_hp_per_floor":[70,70,70,70,70,70,70,70,70,70,70,70,70,70,70,70,70,70,75,75,75,75,75,75,75,75,75,75,75,75,75,75,75,75,75,75,75,75,75,75,75,75,75,75,75,75,75],"card_choices":[{"not_picked":["Dagger Spray","Blade Dance"],"picked":"Blur","floor":1},{"not_picked":["Flechettes","Distraction"],"picked":"Poisoned Stab","floor":3},{"not_picked":["Flying Knee","Bane"],"picked":"Prepared","floor":5},{"not_picked":["Finisher","Eviscerate"],"picked":"Deflect","floor":6},{"not_picked":["Predator","Deadly Poison"],"picked":"Noxious Fumes","floor":7},{"not_picked":["Cloak And Dagger","Flying Knee"],"picked":"PiercingWail","floor":8},{"not_picked":["Dagger Throw+1","Distraction"],"picked":"Escape Plan","floor":10},{"not_picked":["Escape Plan","Underhanded Strike+1"],"picked":"Catalyst","floor":11},{"not_picked":["Masterful Stab+1","Infinite Blades"],"picked":"Caltrops","floor":13},{"not_picked":["Underhanded Strike+1","Dagger Throw+1"],"picked":"Backflip","floor":14},{"not_picked":["Envenom","Malaise"],"picked":"Venomology","floor":16},{"not_picked":["Dodge and Roll+1","Underhanded Strike+1"],"picked":"Prepared","floor":18},{"not_picked":["Backflip","Dagger Throw+1"],"picked":"Distraction","floor":21},{"not_picked":["Eviscerate+1","Dagger Throw+1","Leg Sweep"],"picked":"SKIP","floor":23},{"not_picked":["Riddle With Holes+1","Leg Sweep"],"picked":"PiercingWail","floor":27},{"not_picked":["Blade Dance","Quick Slash+1"],"picked":"Caltrops","floor":28},{"not_picked":["Flechettes+1","Backflip"],"picked":"Calculated Gamble+1","floor":30},{"not_picked":["Choke+1","Poisoned Stab+1"],"picked":"Expertise+1","floor":31},{"not_picked":["A Thousand Cuts","Night Terror"],"picked":"Corpse Explosion","floor":33},{"not_picked":["Dagger Spray+1","Quick Slash+1"],"picked":"Poisoned Stab+1","floor":34},{"not_picked":["Cloak And Dagger+1","Outmaneuver+1"],"picked":"Escape Plan","floor":34},{"not_picked":["Leg Sweep","Well Laid Plans"],"picked":"Crippling Poison","floor":34},{"not_picked":["Endless Agony+1","Acrobatics"],"picked":"Blur","floor":34},{"not_picked":["Reflex","Bane+1"],"picked":"Catalyst","floor":34},{"not_picked":["Cloak And Dagger+1","Accuracy+1"],"picked":"Outmaneuver+1","floor":35},{"not_picked":["Cloak And Dagger+1","Riddle With Holes+1"],"picked":"Blur","floor":38},{"not_picked":["Calculated Gamble+1","Quick Slash+1"],"picked":"Noxious Fumes+1","floor":39},{"not_picked":["Escape Plan","Blade Dance+1"],"picked":"Footwork","floor":41},{"not_picked":["Sucker Punch+1","Quick Slash+1"],"picked":"Backflip+1","floor":42},{"not_picked":["Tactician+1","Footwork"],"picked":"PiercingWail+1","floor":44},{"not_picked":["Envenom","Choke+1"],"picked":"Prepared+1","floor":46}],"player_experience":68150,"relics_obtained":[{"floor":6,"key":"Pantograph"},{"floor":8,"key":"Peace Pipe"},{"floor":9,"key":"Molten Egg 2"},{"floor":23,"key":"Gremlin Horn"},{"floor":26,"key":"Bronze Scales"},{"floor":28,"key":"Ancient Tea Set"},{"floor":41,"key":"Dream Catcher"},{"floor":43,"key":"Ornamental Fan"}],"event_choices":[{"damage_healed":0,"gold_gain":0,"player_choice":"Entered Light","damage_taken":14,"max_hp_gain":0,"max_hp_loss":0,"event_name":"Shining Light","floor":2,"gold_loss":0,"cards_upgraded":["Strike_G","Tools of the Trade"]},{"damage_healed":0,"gold_gain":0,"player_choice":"Shed Blood","damage_taken":18,"max_hp_gain":5,"max_hp_loss":0,"event_name":"Forgotten Altar","floor":19,"gold_loss":0},{"damage_healed":0,"gold_gain":0,"player_choice":"Inject Mutagens","damage_taken":0,"relics_obtained":["MutagenicStrength"],"max_hp_gain":0,"max_hp_loss":0,"event_name":"Drug Dealer","floor":20,"gold_loss":0},{"damage_healed":0,"gold_gain":0,"player_choice":"Simplicity","damage_taken":0,"max_hp_gain":0,"max_hp_loss":0,"event_name":"Back to Basics","floor":22,"gold_loss":0,"cards_upgraded":["Defend_G","Defend_G","Defend_G","Defend_G","Defend_G","Strike_G","Strike_G","Strike_G"]},{"damage_healed":0,"gold_gain":0,"player_choice":"Read","damage_taken":0,"max_hp_gain":0,"max_hp_loss":0,"event_name":"The Library","floor":25,"gold_loss":0,"cards_obtained":["Noxious Fumes"]},{"damage_healed":0,"gold_gain":99,"player_choice":"Stole From Cult","damage_taken":0,"max_hp_gain":0,"max_hp_loss":0,"event_name":"Nest","floor":29,"gold_loss":0},{"damage_healed":0,"gold_gain":0,"player_choice":"Embrace Madness","damage_taken":9,"max_hp_gain":0,"max_hp_loss":0,"event_name":"Winding Halls","floor":36,"gold_loss":0,"cards_obtained":["Madness","Madness"]}],"is_beta":false,"boss_relics":[{"not_picked":["Busted Crown","Sozu"],"picked":"Fusion Hammer"},{"not_picked":["Coffee Dripper","Calling Bell"],"picked":"Orrery"}],"items_purged_floors":[45],"is_endless":false,"potions_floor_spawned":[1,5,7,10,11,13,18,21,27,30,42],"killed_by":"Writhing Mass","ascension_level":0}