{"gold_per_floor":[112,112,112,123,140,140,168,168,245,257,276,307,307,335,335,430,430,443,443,244,257,275,275,198,198,272,291,317,317,335,347,347,449,449,468,468,486,144,154,154,171,171],"floor_reached":42,"playtime":2605,"items_purged":[],"score":597,"play_id":"c2adac11-9efc-426d-b826-46786ceb136b","local_time":"20190324033727","is_ascension_mode":true,"campfire_choices":[{"data":"Flame Barrier","floor":6.0,"key":"SMITH"},{"data":"Offering","floor":8.0,"key":"SMITH"},{"data":"Armaments","floor":13.0,"key":"SMITH"},{"data":"Seeing Red","floor":15.0,"key":"SMITH"},{"data":"Uppercut","floor":23.0,"key":"SMITH"},{"floor":29.0,"key":"DIG"},{"floor":32.0,"key":"DIG"},{"floor":40,"key":"REST"}],"neow_cost":"NONE","seed_source_timestamp":354294079279800,"circlet_count":0,"master_deck":["Strike_R","Strike_R","Strike_R","Defend_R","Defend_R+1","Defend_R+1","Defend_R","Bash","Flame Barrier+1","Pommel Strike","Carnage","Offering+1","Inflame","Shrug It Off","Armaments+1","Seeing Red+1","Feed","Infernal Blade+1","Headbutt","Uppercut+1","Jack Of All Trades","Impervious","Demon Form","Impervious","Injury","Dark Shackles","Apotheosis","Parasite","True Grit+1"],"special_seed":0,"relics":["Burning Blood","Ancient Tea Set","Bottled Lightning","Pen Nib","Darkstone Periapt","Mark of Pain","Omamori","Self Forming Clay","Shovel","Red Skull","War Paint","Calling Bell","PreservedInsect","Pantograph","Peace Pipe","Regal Pillow"],"potions_floor_usage":[],"damage_taken":[{"damage":1.0,"enemies":"Small Slimes","floor":1.0,"turns":4.0},{"damage":1.0,"enemies":"2 Louse","floor":4.0,"turns":3.0},{"damage":0.0,"enemies":"Cultist","floor":5.0,"turns":5.0},{"damage":30.0,"enemies":"Lagavulin","floor":7.0,"turns":12.0},{"damage":1.0,"enemies":"2 Fungi Beasts","floor":10.0,"turns":3.0},{"damage":11.0,"enemies":"Large Slime","floor":11.0,"turns":6.0},{"damage":13.0,"enemies":"3 Sentries","floor":12.0,"turns":10.0},{"damage":15.0,"enemies":"Lagavulin","floor":14.0,"turns":7.0},{"damage":16.0,"enemies":"The Guardian","floor":16.0,"turns":13.0},{"damage":6.0,"enemies":"Chosen","floor":18.0,"turns":3.0},{"damage":0.0,"enemies":"3 Byrds","floor":21.0,"turns":1.0},{"damage":6.0,"enemies":"Snecko","floor":22.0,"turns":2.0},{"damage":0.0,"enemies":"Snake Plant","floor":27.0,"turns":3.0},{"damage":28.0,"enemies":"Book of Stabbing","floor":28.0,"turns":4.0},{"damage":6.0,"enemies":"Centurion and Healer","floor":30.0,"turns":3.0},{"damage":16.0,"enemies":"Snecko","floor":31.0,"turns":3.0},{"damage":58.0,"enemies":"Champ","floor":33.0,"turns":7.0},{"damage":21.0,"enemies":"3 Darklings","floor":35.0,"turns":5.0},{"damage":9.0,"enemies":"Orb Walker","floor":37.0,"turns":4.0},{"damage":37,"enemies":"Writhing Mass","floor":39,"turns":5},{"damage":69,"enemies":"Maw","floor":41,"turns":8},{"damage":58,"enemies":"Reptomancer","floor":42,"turns":3}],"seed_played":"7999973813600263693","potions_obtained":[{"floor":5.0,"key":"BloodPotion"},{"floor":7.0,"key":"Explosive Potion"},{"floor":12.0,"key":"Poison Potion"},{"floor":18.0,"key":"GamblersBrew"},{"floor":28.0,"key":"GamblersBrew"},{"floor":30.0,"key":"FairyPotion"},{"floor":35.0,"key":"GamblersBrew"}],"is_trial":false,"path_per_floor":["M","?","?","M","M","R","E","R","T","M","M","E","R","E","R","B",null,"M","?","$","M","M","R","$","?","T","M","E","R","M","M","R","B",null,"M","?","M","$","M","R","M","E"],"character_chosen":"IRONCLAD","items_purchased":["Headbutt","Omamori","Regen Potion","Regal Pillow","Apotheosis"],"campfire_rested":1,"item_purchase_floors":[20,20,24,38,38],"current_hp_per_floor":[77,82,82,85,85,85,61,61,61,66,61,54,54,45,45,43,75,75,75,75,81,81,81,81,81,81,85,75,75,79,72,72,20,80,65,65,65,65,40,87,24,0],"gold":171,"neow_bonus":"THREE_CARDS","is_prod":false,"is_daily":false,"chose_seed":false,"campfire_upgraded":5,"win_rate":0,"timestamp":1553395047,"path_taken":["M","?","?","M","?","R","E","R","T","M","M","E","R","E","R","BOSS","M","?","$","M","M","R","$","?","T","M","E","R","?","M","R","BOSS","M","?","M","?","M","R","M","E"],"build_version":"2019-01-23","purchased_purges":0,"victory":false,"max_hp_per_floor":[80,85,85,85,85,85,85,85,85,85,85,85,85,85,85,85,85,85,85,85,85,85,85,85,85,85,85,85,85,89,92,92,92,98,98,98,101,101,107,107,107,107],"card_choices":[{"not_picked":["Shockwave","Wild Strike"],"picked":"Flame Barrier","floor":0.0},{"not_picked":["Sword Boomerang","Thunderclap"],"picked":"Pommel Strike","floor":1.0},{"not_picked":["Intimidate","Havoc","Anger"],"picked":"SKIP","floor":4.0},{"not_picked":["Sword Boomerang","Pommel Strike"],"picked":"Carnage","floor":5.0},{"not_picked":["Anger","Power Through"],"picked":"Offering","floor":7.0},{"not_picked":["Perfected Strike","Havoc"],"picked":"Inflame","floor":10.0},{"not_picked":["Clash","Perfected Strike"],"picked":"Shrug It Off","floor":11.0},{"not_picked":["Carnage","Dropkick"],"picked":"Armaments","floor":12.0},{"not_picked":["Sword Boomerang","Dropkick"],"picked":"Seeing Red","floor":14.0},{"not_picked":["Bludgeon","Offering"],"picked":"Feed","floor":16.0},{"not_picked":["Armaments","Havoc+1"],"picked":"Infernal Blade+1","floor":18.0},{"not_picked":["True Grit+1","Cleave","Anger"],"picked":"SKIP","floor":21.0},{"not_picked":["Havoc+1","Rupture"],"picked":"Uppercut","floor":22.0},{"not_picked":["Blood for Blood","Inflame","Clash"],"picked":"SKIP","floor":27.0},{"not_picked":["Sword Boomerang+1","Body Slam","Twin Strike"],"picked":"SKIP","floor":28.0},{"not_picked":["Warcry","Dual Wield","Cleave+1"],"picked":"SKIP","floor":30.0},{"not_picked":["Body Slam+1","Flex+1"],"picked":"Demon Form","floor":31.0},{"not_picked":["Barricade","Dark Embrace"],"picked":"Impervious","floor":33.0},{"not_picked":["Clothesline","Iron Wave+1","Corruption"],"picked":"SKIP","floor":35.0},{"not_picked":["Panacea","Deep Breath"],"picked":"Dark Shackles","floor":36.0},{"not_picked":["Corruption+1","True Grit+1","Disarm"],"picked":"SKIP","floor":37.0},{"not_picked":["Headbutt","Inflame","Battle Trance"],"picked":"SKIP","floor":39},{"not_picked":["Armaments+1","Wild Strike+1"],"picked":"True Grit+1","floor":41}],"player_experience":392868,"relics_obtained":[{"floor":7.0,"key":"Ancient Tea Set"},{"floor":9.0,"key":"Bottled Lightning"},{"floor":12.0,"key":"Pen Nib"},{"floor":14.0,"key":"Darkstone Periapt"},{"floor":26.0,"key":"Self Forming Clay"},{"floor":28.0,"key":"Shovel"},{"floor":29.0,"key":"Red Skull"},{"floor":32.0,"key":"War Paint"},{"floor":34.0,"key":"PreservedInsect"},{"floor":34.0,"key":"Pantograph"},{"floor":34.0,"key":"Peace Pipe"}],"event_choices":[{"damage_healed":0.0,"max_hp_gain":5.0,"max_hp_loss":0.0,"gold_gain":0.0,"event_name":"Big Fish","player_choice":"Donut","floor":2.0,"gold_loss":0.0,"damage_taken":0.0},{"cards_removed":["Strike_R"],"damage_healed":0.0,"max_hp_gain":0.0,"max_hp_loss":0.0,"gold_gain":0.0,"event_name":"Purifier","player_choice":"Purged","floor":3.0,"gold_loss":0.0,"damage_taken":0.0},{"cards_removed":["Strike_R"],"damage_healed":0.0,"max_hp_gain":0.0,"max_hp_loss":0.0,"gold_gain":0.0,"event_name":"Back to Basics","player_choice":"Elegance","floor":19.0,"gold_loss":0.0,"damage_taken":0.0},{"damage_healed":0.0,"max_hp_gain":0.0,"max_hp_loss":0.0,"gold_gain":0.0,"event_name":"Match and Keep!","player_choice":"2 cards matched","floor":25.0,"gold_loss":0.0,"damage_taken":0.0,"cards_obtained":["Jack Of All Trades","Impervious"]},{"damage_healed":0.0,"max_hp_gain":0.0,"max_hp_loss":0.0,"gold_gain":0.0,"event_name":"SensoryStone","player_choice":"Memory 1","floor":36.0,"gold_loss":0.0,"damage_taken":0.0}],"is_beta":false,"boss_relics":[{"not_picked":["Busted Crown","Tiny House"],"picked":"Mark of Pain"},{"not_picked":["Runic Pyramid","Lizard Tail"],"picked":"Calling Bell"}],"items_purged_floors":[],"is_endless":false,"potions_floor_spawned":[5,7,12,18,28,30,35,39],"killed_by":"Reptomancer","ascension_level":6}