{"gold_per_floor":[113,113,113,113,42,60,73,73,73,84,104,135,147,157,157,255,255,270,287,307,322,322],"floor_reached":22,"playtime":1532,"items_purged":[],"score":192,"play_id":"9bdd4777-c174-409d-b69f-884e84cc8f68","local_time":"20181004220454","is_ascension_mode":false,"campfire_choices":[{"data":"Perfected Strike","floor":8.0,"key":"SMITH"},{"floor":15,"key":"REST"}],"neow_cost":"NONE","seed_source_timestamp":0,"circlet_count":0,"master_deck":["Strike_R","Strike_R","Strike_R","Strike_R","Strike_R","Defend_R","Defend_R","Defend_R","Defend_R","Bash","Perfected Strike+1","Flex","Headbutt","Spot Weakness","Inflame","Heavy Blade","Infernal Blade","Shrug It Off","Pommel Strike","Reaper","Shrug It Off+1","Iron Wave","Twin Strike","Wild Strike"],"special_seed":0,"relics":["Runic Cube"],"potions_floor_usage":[16,20,22,22],"damage_taken":[{"damage":5.0,"enemies":"Jaw Worm","floor":1.0,"turns":4.0},{"damage":0.0,"enemies":"Small Slimes","floor":6.0,"turns":2.0},{"damage":7.0,"enemies":"2 Louse","floor":7.0,"turns":3.0},{"damage":8.0,"enemies":"Large Slime","floor":10.0,"turns":6.0},{"damage":9.0,"enemies":"Blue Slaver","floor":11.0,"turns":3.0},{"damage":25.0,"enemies":"Gremlin Nob","floor":12.0,"turns":4.0},{"damage":15.0,"enemies":"Looter","floor":13.0,"turns":3.0},{"damage":2.0,"enemies":"Exordium Wildlife","floor":14.0,"turns":4.0},{"damage":38,"enemies":"Slime Boss","floor":16,"turns":11},{"damage":20,"enemies":"Spheric Guardian","floor":18,"turns":4},{"damage":6,"enemies":"Chosen","floor":19,"turns":5},{"damage":30,"enemies":"Centurion and Healer","floor":20,"turns":5},{"damage":22,"enemies":"Cultist and Chosen","floor":21,"turns":7},{"damage":27,"enemies":"3 Cultists","floor":22,"turns":5}],"seed_played":"-6725852059416867512","potions_obtained":[{"floor":6.0,"key":"Regen Potion"},{"floor":10.0,"key":"Dexterity Potion"},{"floor":13.0,"key":"FearPotion"},{"floor":14.0,"key":"Weak Potion"},{"floor":19,"key":"Energy Potion"},{"floor":21,"key":"Weak Potion"}],"is_trial":false,"path_per_floor":["M","?","?","?","$","M","M","R","T","M","M","E","M","M","R","B",null,"M","M","M","M"],"character_chosen":"IRONCLAD","items_purchased":["Flex","Headbutt"],"campfire_rested":1,"item_purchase_floors":[5,5],"current_hp_per_floor":[75,75,75,80,80,80,73,73,73,79,70,45,30,28,53,15,85,65,59,47,25,0],"gold":322,"neow_bonus":"BOSS_RELIC","is_prod":false,"is_daily":false,"chose_seed":false,"campfire_upgraded":1,"win_rate":0,"timestamp":1538683494,"path_taken":["M","?","?","?","$","M","M","R","T","M","?","E","?","M","R","BOSS","M","M","M","?","?"],"build_version":"2018-09-27","purchased_purges":0,"victory":false,"max_hp_per_floor":[80,80,80,85,85,85,85,85,85,85,85,85,85,85,85,85,85,85,85,85,85,85],"card_choices":[{"not_picked":["Searing Blow","Cleave"],"picked":"Perfected Strike","floor":1.0},{"not_picked":["Headbutt","Shockwave"],"picked":"Spot Weakness","floor":6.0},{"not_picked":["Second Wind","Sentinel"],"picked":"Inflame","floor":7.0},{"not_picked":["Clothesline","Sentinel"],"picked":"Heavy Blade","floor":10.0},{"not_picked":["Clothesline","Havoc","Berserk"],"picked":"SKIP","floor":11.0},{"not_picked":["Body Slam","Feel No Pain"],"picked":"Infernal Blade","floor":12.0},{"not_picked":["Iron Wave","Ghostly Armor"],"picked":"Shrug It Off","floor":13.0},{"not_picked":["Cleave","Perfected Strike"],"picked":"Pommel Strike","floor":14.0},{"not_picked":["Dark Embrace","Demon Form"],"picked":"Reaper","floor":16},{"not_picked":["Heavy Blade","Disarm+1"],"picked":"Shrug It Off+1","floor":18},{"not_picked":["Sever Soul+1","Inflame"],"picked":"Iron Wave","floor":19},{"not_picked":["Thunderclap","True Grit"],"picked":"Twin Strike","floor":20},{"not_picked":["Clash+1","Reckless Charge+1"],"picked":"Wild Strike","floor":21}],"player_experience":218301,"relics_obtained":[],"event_choices":[{"event_name":"Scrap Ooze","player_choice":"unsuccessful","floor":2.0,"damage_taken":0.0},{"event_name":"Liars Game","player_choice":"disagreed","floor":3.0,"damage_taken":0.0},{"event_name":"Big Fish","player_choice":"Donut","floor":4.0,"damage_taken":0.0}],"is_beta":false,"boss_relics":[{"not_picked":["Velvet Choker","Orrery","Philosopher\u0027s Stone"]}],"items_purged_floors":[],"is_endless":false,"potions_floor_spawned":[6,10,13,14,19,21],"killed_by":"3 Cultists","ascension_level":0}