{"gold_per_floor":[116,116,116,129,129,160,177,177,177,212,212,227,260,274,274,374,374,391,407,407,423,423,522,582,507,507,507,213,244,263,280,280,375,425,441,457,20,31,41,41,70,70,70,70,87,87,37,66,66,66],"floor_reached":50,"playtime":2530,"items_purged":["Dual Wield+1","Strike_R","Strike_R"],"score":698,"play_id":"2911b223-3388-440a-969b-f13d27e51571","local_time":"20190225170447","is_ascension_mode":true,"campfire_choices":[{"data":"Bash","floor":8,"key":"SMITH"},{"data":"Berserk","floor":11,"key":"SMITH"},{"floor":15,"key":"REST"},{"floor":27,"key":"REST"},{"data":"Panacea","floor":32,"key":"SMITH"},{"data":"Limit Break","floor":40,"key":"SMITH"},{"data":"Inflame","floor":42,"key":"SMITH"},{"data":"Defend_R","floor":44,"key":"SMITH"},{"data":"Madness","floor":49,"key":"SMITH"}],"neow_cost":"NONE","seed_source_timestamp":13531156456990,"circlet_count":0,"master_deck":["Strike_R","Defend_R+1","Defend_R","Defend_R","Bash+1","Dropkick","Cleave","Berserk+1","Anger","Immolate+1","Infernal Blade+1","Searing Blow+1","Inflame+1","Uppercut+1","Anger","Armaments+1","Panacea+1","Clash","Limit Break+1","Pommel Strike+1","Body Slam+1","Madness+1","Seeing Red+1","Clash","Infernal Blade+1"],"relics":["Burning Blood","Smiling Mask","Singing Bowl","Mercury Hourglass","Kunai","Letter Opener","Red Skull","Happy Flower","Astrolabe","Bronze Scales","Tiny Chest","Question Card","Anchor","Strawberry","Tiny House","Shuriken","Thread and Needle","Bottled Lightning","Dodecahedron"],"potions_floor_usage":[6,13,21,21,24,30,38,41,48,50],"damage_taken":[{"damage":5,"enemies":"2 Louse","floor":1,"turns":4},{"damage":4,"enemies":"Small Slimes","floor":4,"turns":3},{"damage":32,"enemies":"Gremlin Nob","floor":6,"turns":4},{"damage":0,"enemies":"Cultist","floor":7,"turns":3},{"damage":24,"enemies":"3 Sentries","floor":10,"turns":6},{"damage":18,"enemies":"Exordium Thugs","floor":12,"turns":3},{"damage":8,"enemies":"Gremlin Nob","floor":13,"turns":3},{"damage":8,"enemies":"Blue Slaver","floor":14,"turns":2},{"damage":33,"enemies":"The Guardian","floor":16,"turns":9},{"damage":7,"enemies":"3 Byrds","floor":18,"turns":3},{"damage":11,"enemies":"Spheric Guardian","floor":19,"turns":3},{"damage":0,"enemies":"Snake Plant","floor":21,"turns":2},{"damage":45,"enemies":"Slavers","floor":24,"turns":4},{"damage":8,"enemies":"Gremlin Leader","floor":29,"turns":4},{"damage":15,"enemies":"Centurion and Healer","floor":30,"turns":3},{"damage":0,"enemies":"Snecko","floor":31,"turns":3},{"damage":36,"enemies":"Champ","floor":33,"turns":8},{"damage":20,"enemies":"Orb Walker","floor":35,"turns":4},{"damage":0,"enemies":"3 Shapes","floor":36,"turns":3},{"damage":39,"enemies":"3 Darklings","floor":38,"turns":4},{"damage":0,"enemies":"Sphere and 2 Shapes","floor":39,"turns":2},{"damage":31,"enemies":"Reptomancer","floor":41,"turns":5},{"damage":32,"enemies":"Spire Growth","floor":45,"turns":4},{"damage":3,"enemies":"Giant Head","floor":48,"turns":5},{"damage":107,"enemies":"Donu and Deca","floor":50,"turns":6}],"seed_played":"8880722726932485102","potions_obtained":[{"floor":1,"key":"SkillPotion"},{"floor":10,"key":"SkillPotion"},{"floor":12,"key":"BloodPotion"},{"floor":16,"key":"Block Potion"},{"floor":18,"key":"SpeedPotion"},{"floor":29,"key":"Swift Potion"},{"floor":30,"key":"SteroidPotion"},{"floor":34,"key":"SmokeBomb"},{"floor":36,"key":"BloodPotion"},{"floor":39,"key":"Block Potion"},{"floor":41,"key":"Strength Potion"},{"floor":48,"key":"Energy Potion"}],"is_trial":false,"path_per_floor":["M","?","?","M","?","E","M","R","T","E","R","M","E","M","R","B",null,"M","M","?","M","?","?","E","?","T","R","$","E","M","M","R","B",null,"M","M","$","M","M","R","E","R","T","R","M","?","$","E","R","B"],"character_chosen":"IRONCLAD","items_purchased":["Anchor","Panacea","Shuriken","Madness","Dexterity Potion"],"campfire_rested":2,"item_purchase_floors":[28,28,37,37,37],"current_hp_per_floor":[80,55,60,62,62,38,46,46,46,28,28,16,24,24,51,24,93,92,87,69,75,75,75,36,36,36,65,65,70,63,71,71,41,116,102,108,108,86,94,94,69,69,69,69,45,105,105,105,105,0],"gold":66,"neow_bonus":"RANDOM_COMMON_RELIC","is_prod":false,"is_daily":false,"chose_seed":false,"campfire_upgraded":7,"win_rate":0,"timestamp":1551085487,"path_taken":["M","?","?","M","?","E","M","R","T","E","R","?","E","M","R","BOSS","M","M","?","M","?","?","E","?","T","R","?","E","?","M","R","BOSS","M","M","$","M","M","R","E","R","T","R","M","?","$","E","R","BOSS"],"build_version":"2019-01-23","purchased_purges":3,"victory":false,"max_hp_per_floor":[80,80,85,85,85,87,89,89,89,89,89,89,91,93,93,93,93,93,93,98,98,98,98,98,98,98,98,98,105,107,109,109,109,116,116,116,116,116,118,118,118,118,118,118,120,105,105,105,105,105],"card_choices":[{"not_picked":["Wild Strike","Clothesline"],"picked":"Dropkick","floor":1},{"not_picked":["Warcry","Iron Wave"],"picked":"Cleave","floor":4},{"not_picked":["Havoc","Bloodletting","Headbutt"],"picked":"Singing Bowl","floor":6},{"not_picked":["Warcry","Headbutt","Evolve"],"picked":"Singing Bowl","floor":7},{"not_picked":["Armaments","Iron Wave"],"picked":"Berserk","floor":10},{"not_picked":["Uppercut","Intimidate"],"picked":"Anger","floor":12},{"not_picked":["Sword Boomerang","Pommel Strike","Iron Wave"],"picked":"Singing Bowl","floor":13},{"not_picked":["Warcry","Wild Strike","Clothesline"],"picked":"Singing Bowl","floor":14},{"not_picked":["Exhume","Feed"],"picked":"Immolate","floor":16},{"not_picked":["Pommel Strike","Thunderclap+1"],"picked":"Inflame","floor":18},{"not_picked":["Disarm","Pommel Strike"],"picked":"Uppercut+1","floor":19},{"not_picked":["Iron Wave+1","Thunderclap"],"picked":"Anger","floor":21},{"not_picked":["Rampage","Carnage"],"picked":"Armaments+1","floor":24},{"not_picked":["Barricade","Iron Wave","Spot Weakness"],"picked":"Clash","floor":29},{"not_picked":["Heavy Blade","Thunderclap","Armaments+1","Body Slam"],"picked":"Singing Bowl","floor":30},{"not_picked":["Iron Wave","Havoc","True Grit","Twin Strike"],"picked":"Singing Bowl","floor":31},{"not_picked":["Berserk","Juggernaut","Brutality"],"picked":"Limit Break","floor":33},{"not_picked":["Headbutt","Rampage","Perfected Strike+1","Iron Wave+1"],"picked":"Singing Bowl","floor":34},{"not_picked":["Wild Strike+1","Bloodletting","Pummel+1"],"picked":"Pommel Strike+1","floor":35},{"not_picked":["Sword Boomerang","Carnage","Anger"],"picked":"Body Slam+1","floor":36},{"not_picked":["Metallicize+1","Thunderclap+1","True Grit"],"picked":"Seeing Red+1","floor":38},{"not_picked":["Combust+1","True Grit+1","Dual Wield+1","Corruption"],"picked":"Singing Bowl","floor":39},{"not_picked":["Demon Form","Heavy Blade+1","Berserk"],"picked":"Clash","floor":41},{"not_picked":["Corruption","Iron Wave+1","Shockwave+1","Headbutt+1"],"picked":"Singing Bowl","floor":45},{"not_picked":["Disarm+1","Exhume","Thunderclap+1"],"picked":"Infernal Blade+1","floor":48}],"player_experience":183712,"relics_obtained":[{"floor":5,"key":"Mercury Hourglass"},{"floor":6,"key":"Kunai"},{"floor":9,"key":"Letter Opener"},{"floor":10,"key":"Red Skull"},{"floor":13,"key":"Happy Flower"},{"floor":24,"key":"Tiny Chest"},{"floor":26,"key":"Question Card"},{"floor":29,"key":"Strawberry"},{"floor":41,"key":"Thread and Needle"},{"floor":43,"key":"Bottled Lightning"},{"floor":48,"key":"Dodecahedron"}],"event_choices":[{"damage_healed":0,"gold_gain":0,"player_choice":"Success","damage_taken":25,"relics_obtained":["Singing Bowl"],"max_hp_gain":0,"max_hp_loss":0,"event_name":"Scrap Ooze","floor":2,"gold_loss":0},{"damage_healed":0,"gold_gain":0,"player_choice":"Donut","damage_taken":0,"max_hp_gain":5,"max_hp_loss":0,"event_name":"Big Fish","floor":3,"gold_loss":0},{"damage_healed":0,"gold_gain":0,"player_choice":"Relic","damage_taken":0,"max_hp_gain":0,"max_hp_loss":0,"event_name":"Wheel of Change","floor":5,"gold_loss":0},{"damage_healed":0,"gold_gain":0,"player_choice":"Shed Blood","damage_taken":23,"max_hp_gain":5,"max_hp_loss":0,"event_name":"Forgotten Altar","floor":20,"gold_loss":0},{"damage_healed":0,"gold_gain":0,"player_choice":"Opened","damage_taken":0,"relics_obtained":["Bronze Scales"],"max_hp_gain":0,"max_hp_loss":0,"event_name":"The Mausoleum","floor":22,"gold_loss":0,"cards_obtained":["Writhe"]},{"damage_healed":0,"gold_gain":99,"player_choice":"Stole From Cult","damage_taken":0,"max_hp_gain":0,"max_hp_loss":0,"event_name":"Nest","floor":23,"gold_loss":0},{"cards_removed":["Writhe"],"damage_healed":0,"gold_gain":0,"player_choice":"Gave Gold","damage_taken":0,"max_hp_gain":0,"max_hp_loss":0,"event_name":"Beggar","floor":25,"gold_loss":75},{"damage_healed":105,"gold_gain":0,"player_choice":"Heal","damage_taken":0,"max_hp_gain":0,"max_hp_loss":15,"event_name":"The Moai Head","floor":46,"gold_loss":0}],"is_beta":false,"boss_relics":[{"not_picked":["Lizard Tail","White Beast Statue"],"picked":"Astrolabe"},{"not_picked":["Eternal Feather","Coffee Dripper"],"picked":"Tiny House"}],"items_purged_floors":[28,37,47],"is_endless":false,"potions_floor_spawned":[1,10,12,16,18,29,30,36,39,41,45,48],"killed_by":"Donu and Deca","ascension_level":3}