{"gold_per_floor":[119,28,62,98,98,98,128,139,184,184,196,246,246,246,246,341,341,351,84,84,84,84,84,99,99,99,219,238,248,248,266,266,362,362,372,372,383,399,411,411,446,446,518,53,66,76,87,103,103,103],"floor_reached":50,"playtime":2743,"items_purged":["Parasite"],"score":625,"play_id":"fb8847d3-1676-47fd-95b7-9166bb6d6a39","local_time":"20190226224135","is_ascension_mode":true,"campfire_choices":[{"data":"Blade Dance","floor":6.0,"key":"SMITH"},{"floor":10.0,"key":"REST"},{"data":"Jack Of All Trades","floor":13.0,"key":"SMITH"},{"data":"Neutralize","floor":15.0,"key":"SMITH"},{"data":"A Thousand Cuts","floor":23.0,"key":"SMITH"},{"data":"Blade Dance","floor":25.0,"key":"SMITH"},{"data":"Cloak And Dagger","floor":30.0,"key":"SMITH"},{"data":"Venomology","floor":32.0,"key":"SMITH"},{"data":"Storm of Steel","floor":40.0,"key":"SMITH"},{"floor":49,"key":"REST"}],"neow_cost":"NONE","seed_source_timestamp":50489133820133,"circlet_count":0,"master_deck":["Defend_G","Defend_G","Defend_G","Defend_G","Defend_G","Strike_G","Strike_G","Survivor","Neutralize+1","Backstab+1","Jack Of All Trades+1","Blade Dance+1","Backstab","Quick Slash","Endless Agony","A Thousand Cuts+1","Decay","Parasite","Quick Slash+1","Blade Dance+1","Venomology+1","Cloak And Dagger+1","Blade Dance+1","Backflip+1","Endless Agony+1","Storm of Steel+1","PiercingWail","PiercingWail+1","PiercingWail","Quick Slash+1","Clumsy","Backstab","PiercingWail","Endless Agony+1"],"special_seed":0,"relics":["WristBlade","Tiny Chest","Strawberry","Matryoshka","Calling Bell","Centennial Puzzle","Mango","Darkstone Periapt","Oddly Smooth Stone","Potion Belt","Ornamental Fan","Turnip","Bottled Lightning","Cursed Key","Whetstone","Dream Catcher","Dodecahedron","Paper Crane"],"potions_floor_usage":[42,46,47,50,50,50,50,50],"damage_taken":[{"damage":9.0,"enemies":"Small Slimes","floor":1.0,"turns":5.0},{"damage":1.0,"enemies":"Cultist","floor":3.0,"turns":3.0},{"damage":2.0,"enemies":"Jaw Worm","floor":4.0,"turns":2.0},{"damage":1.0,"enemies":"Looter","floor":8.0,"turns":2.0},{"damage":0.0,"enemies":"Gremlin Gang","floor":11.0,"turns":3.0},{"damage":15.0,"enemies":"Gremlin Nob","floor":12.0,"turns":4.0},{"damage":60.0,"enemies":"The Guardian","floor":16.0,"turns":11.0},{"damage":5.0,"enemies":"3 Byrds","floor":18.0,"turns":6.0},{"damage":0.0,"enemies":"Spheric Guardian","floor":24.0,"turns":1.0},{"damage":14.0,"enemies":"Colosseum Slavers","floor":27.0,"turns":3.0},{"damage":16.0,"enemies":"Colosseum Nobs","floor":27.0,"turns":4.0},{"damage":10.0,"enemies":"3 Cultists","floor":28.0,"turns":5.0},{"damage":0.0,"enemies":"Chosen and Byrds","floor":29.0,"turns":4.0},{"damage":3.0,"enemies":"Snake Plant","floor":31.0,"turns":4.0},{"damage":32.0,"enemies":"Champ","floor":33.0,"turns":11.0},{"damage":0.0,"enemies":"3 Darklings","floor":35.0,"turns":4.0},{"damage":5.0,"enemies":"3 Shapes","floor":37.0,"turns":4.0},{"damage":16.0,"enemies":"Maw","floor":38.0,"turns":6.0},{"damage":36.0,"enemies":"3 Darklings","floor":39.0,"turns":3.0},{"damage":40.0,"enemies":"Giant Head","floor":41.0,"turns":7.0},{"damage":0,"enemies":"4 Shapes","floor":42,"turns":1},{"damage":7,"enemies":"Jaw Worm Horde","floor":45,"turns":4},{"damage":3,"enemies":"Maw","floor":46,"turns":5},{"damage":3,"enemies":"Sphere and 2 Shapes","floor":47,"turns":4},{"damage":2,"enemies":"4 Shapes","floor":48,"turns":4},{"damage":56,"enemies":"Donu and Deca","floor":50,"turns":8}],"seed_played":"-7502294143483676108","potions_obtained":[{"floor":3.0,"key":"Swift Potion"},{"floor":11.0,"key":"EssenceOfSteel"},{"floor":16.0,"key":"FearPotion"},{"floor":24.0,"key":"Dexterity Potion"},{"floor":28.0,"key":"Strength Potion"},{"floor":33.0,"key":"Fire Potion"},{"floor":36.0,"key":"Regen Potion"},{"floor":47,"key":"Ancient Potion"}],"is_trial":false,"path_per_floor":["M","$","M","M","?","R","?","M","T","R","M","E","R","?","R","B",null,"M","$","$","?","?","R","M","R","T","?","M","M","R","M","R","B",null,"M","?","M","M","M","R","E","M","T","$","M","M","M","M","R","B"],"character_chosen":"THE_SILENT","items_purchased":["Jack Of All Trades","Blade Dance","Oddly Smooth Stone","Backstab","Dexterity Potion","Paper Crane","GhostInAJar"],"campfire_rested":2,"item_purchase_floors":[2,19,19,44,44,44,44],"current_hp_per_floor":[61,61,60,58,51,51,18,17,24,47,47,32,32,77,77,17,91,86,86,86,86,98,98,98,98,98,73,63,63,63,60,60,28,98,98,98,93,77,53,53,13,13,19,19,12,9,6,4,35,0],"gold":103,"neow_bonus":"BOSS_RELIC","is_prod":false,"is_daily":false,"chose_seed":false,"campfire_upgraded":8,"win_rate":0,"timestamp":1551192095,"path_taken":["M","$","M","M","?","R","?","M","T","R","M","E","R","?","R","BOSS","M","?","$","?","?","R","?","R","T","?","M","M","R","M","R","BOSS","M","?","M","?","M","R","E","M","T","$","M","M","?","M","R","BOSS"],"build_version":"2019-01-23","purchased_purges":1,"victory":false,"max_hp_per_floor":[70,70,70,70,70,70,70,70,77,77,77,77,77,77,77,77,91,91,88,88,88,98,98,98,98,98,98,98,98,98,98,98,98,98,98,98,98,98,98,98,98,98,104,104,104,104,104,104,104,104],"card_choices":[{"not_picked":["Blade Dance","Flying Knee"],"picked":"Backstab","floor":1.0},{"not_picked":["Phantasmal Killer","Deadly Poison"],"picked":"Blade Dance","floor":3.0},{"not_picked":["Underhanded Strike","Dagger Spray"],"picked":"Backstab","floor":4.0},{"not_picked":["Deflect","Flechettes"],"picked":"Quick Slash","floor":8.0},{"not_picked":["Expertise","Outmaneuver","Choke"],"picked":"SKIP","floor":11.0},{"not_picked":["Tactician","Backflip"],"picked":"Endless Agony","floor":12.0},{"not_picked":["Envenom","Adrenaline"],"picked":"A Thousand Cuts","floor":16.0},{"not_picked":["Outmaneuver","Dagger Spray"],"picked":"Quick Slash+1","floor":18.0},{"not_picked":["Backflip","Acrobatics+1"],"picked":"Cloak And Dagger","floor":24.0},{"not_picked":["Acrobatics","Poisoned Stab+1"],"picked":"Blade Dance+1","floor":27.0},{"not_picked":["Deadly Poison","Bane"],"picked":"Backflip+1","floor":28.0},{"not_picked":["Corpse Explosion","Outmaneuver"],"picked":"Endless Agony","floor":29.0},{"not_picked":["Riddle With Holes","Poisoned Stab","Sucker Punch+1"],"picked":"SKIP","floor":31.0},{"not_picked":["Grand Finale","After Image"],"picked":"Storm of Steel","floor":33.0},{"not_picked":["Backflip","Prepared+1","Flying Knee"],"picked":"SKIP","floor":35.0},{"not_picked":["Flying Knee","Bane"],"picked":"PiercingWail","floor":37.0},{"not_picked":["Sucker Punch","Prepared"],"picked":"PiercingWail+1","floor":38.0},{"not_picked":["Quick Slash","Glass Knife"],"picked":"PiercingWail","floor":39.0},{"not_picked":["All Out Attack","Outmaneuver+1"],"picked":"Quick Slash+1","floor":41.0},{"not_picked":["Bane+1","Prepared+1"],"picked":"PiercingWail","floor":45},{"not_picked":["Expertise","Poisoned Stab","Riddle With Holes"],"picked":"SKIP","floor":46},{"not_picked":["Acrobatics","Poisoned Stab+1","Distraction"],"picked":"SKIP","floor":47},{"not_picked":["Backflip","Outmaneuver+1"],"picked":"Endless Agony+1","floor":48}],"player_experience":196151,"relics_obtained":[{"floor":9.0,"key":"Strawberry"},{"floor":12.0,"key":"Matryoshka"},{"floor":17.0,"key":"Centennial Puzzle"},{"floor":17.0,"key":"Mango"},{"floor":17.0,"key":"Darkstone Periapt"},{"floor":26.0,"key":"Potion Belt"},{"floor":26.0,"key":"Ornamental Fan"},{"floor":27.0,"key":"Turnip"},{"floor":27.0,"key":"Bottled Lightning"},{"floor":41.0,"key":"Whetstone"},{"floor":43,"key":"Dream Catcher"},{"floor":43,"key":"Dodecahedron"}],"event_choices":[{"cards_removed":["Strike_G"],"damage_healed":0.0,"max_hp_gain":0.0,"max_hp_loss":0.0,"gold_gain":0.0,"event_name":"Golden Wing","player_choice":"Card Removal","floor":5.0,"gold_loss":0.0,"damage_taken":7.0},{"damage_healed":0.0,"max_hp_gain":0.0,"max_hp_loss":0.0,"gold_gain":0.0,"event_name":"Scrap Ooze","player_choice":"Success","floor":7.0,"gold_loss":0.0,"damage_taken":33.0,"relics_obtained":["Tiny Chest"]},{"damage_healed":45.0,"max_hp_gain":0.0,"max_hp_loss":0.0,"gold_gain":0.0,"event_name":"Wheel of Change","player_choice":"Full Heal","floor":14.0,"gold_loss":0.0,"damage_taken":0.0},{"damage_healed":0.0,"max_hp_gain":0.0,"max_hp_loss":0.0,"gold_gain":0.0,"cards_transformed":["Strike_G","Strike_G"],"event_name":"Drug Dealer","player_choice":"Became Test Subject","floor":21.0,"gold_loss":0.0,"damage_taken":0.0,"cards_obtained":["Unload","Venomology"]},{"cards_removed":["Unload"],"damage_healed":2.0,"max_hp_gain":10.0,"max_hp_loss":0.0,"gold_gain":0.0,"event_name":"Bonfire Elementals","player_choice":"Offered Rare","floor":22.0,"gold_loss":0.0,"damage_taken":0.0},{"damage_healed":0.0,"max_hp_gain":0.0,"max_hp_loss":0.0,"gold_gain":0.0,"event_name":"Colosseum","player_choice":"Fight","floor":27.0,"gold_loss":0.0,"damage_taken":0.0},{"damage_healed":0.0,"max_hp_gain":0.0,"max_hp_loss":0.0,"gold_gain":0.0,"event_name":"Colosseum","player_choice":"Fought Nobs","floor":27.0,"gold_loss":0.0,"damage_taken":0.0},{"damage_healed":0.0,"max_hp_gain":0.0,"max_hp_loss":0.0,"gold_gain":0.0,"event_name":"Lab","player_choice":"Got Potions","floor":36.0,"gold_loss":0.0,"damage_taken":0.0}],"is_beta":false,"boss_relics":[{"not_picked":["HoveringKite","Orrery"],"picked":"Calling Bell"},{"not_picked":["Runic Dome","Tiny House"],"picked":"Cursed Key"}],"items_purged_floors":[19],"is_endless":false,"potions_floor_spawned":[3,11,16,24,27,28,33,38,41,42,46,47],"killed_by":"Donu and Deca","ascension_level":3}