{"gold_per_floor":[116,25,40,40,58,93,93,120,168,180,193,205,205,180,180,275,275,291,310,100,119,138,138,150,150,150,150,184,200,200],"floor_reached":30,"playtime":906,"items_purged":["Strike_B"],"score":383,"play_id":"daee1f86-4d9d-4abc-8310-48432f140dff","local_time":"20190316131521","is_ascension_mode":true,"campfire_choices":[{"data":"Trip","floor":7,"key":"SMITH"},{"data":"Sunder","floor":13,"key":"SMITH"},{"floor":15,"key":"REST"},{"floor":23,"key":"REST"},{"floor":25,"key":"REST"},{"data":"Sunder","floor":27,"key":"SMITH"}],"neow_cost":"NONE","seed_source_timestamp":13190242972426,"circlet_count":0,"master_deck":["Strike_B","Strike_B","Defend_B","Defend_B","Defend_B","Defend_B","Zap","Dualcast","Sunder+1","Trip+1","Sunder+1","Reboot","Sweeping Beam","Seek","Dramatic Entrance","FTL","Beam Cell","Sunder","Beam Cell+1"],"relics":["Cracked Core","NlothsMask","Bottled Lightning","Strawberry","Sozu","Mummified Hand","Letter Opener"],"potions_floor_usage":[8,12,16],"damage_taken":[{"damage":7,"enemies":"Jaw Worm","floor":1,"turns":4},{"damage":0,"enemies":"Cultist","floor":3,"turns":3},{"damage":4,"enemies":"2 Louse","floor":5,"turns":2},{"damage":30,"enemies":"3 Sentries","floor":6,"turns":8},{"damage":18,"enemies":"Lagavulin","floor":8,"turns":5},{"damage":0,"enemies":"Exordium Wildlife","floor":10,"turns":1},{"damage":0,"enemies":"2 Fungi Beasts","floor":11,"turns":1},{"damage":0,"enemies":"Large Slime","floor":12,"turns":3},{"damage":38,"enemies":"The Guardian","floor":16,"turns":11},{"damage":11,"enemies":"2 Thieves","floor":18,"turns":2},{"damage":0,"enemies":"Chosen","floor":19,"turns":3},{"damage":13,"enemies":"Snecko","floor":21,"turns":3},{"damage":34,"enemies":"Centurion and Healer","floor":22,"turns":4},{"damage":7,"enemies":"3 Cultists","floor":24,"turns":3},{"damage":5,"enemies":"Gremlin Leader","floor":28,"turns":4},{"damage":25,"enemies":"Shelled Parasite and Fungi","floor":29,"turns":4},{"damage":19,"enemies":"Snake Plant","floor":30,"turns":1}],"seed_played":"-2600273906924897862","potions_obtained":[{"floor":1,"key":"LiquidBronze"},{"floor":3,"key":"Block Potion"},{"floor":11,"key":"AttackPotion"},{"floor":12,"key":"SkillPotion"}],"is_trial":false,"path_per_floor":["M","$","M","?","M","E","R","E","T","M","M","M","R","?","R","B",null,"M","M","$","M","M","R","M","R","T","R","E","M","M"],"character_chosen":"DEFECT","items_purchased":["Trip","Dramatic Entrance","FTL"],"campfire_rested":3,"item_purchase_floors":[2,20,20],"current_hp_per_floor":[61,61,61,61,57,27,27,16,16,16,16,16,16,16,40,2,62,51,51,51,38,4,28,21,45,45,45,40,15,0],"gold":200,"neow_bonus":"REMOVE_CARD","is_prod":false,"is_daily":false,"chose_seed":false,"campfire_upgraded":3,"win_rate":0,"timestamp":1552713321,"path_taken":["M","$","M","?","?","E","R","E","T","M","?","M","R","?","R","BOSS","M","M","$","M","M","R","M","R","T","R","E","M","M"],"build_version":"2019-01-23","purchased_purges":1,"victory":false,"max_hp_per_floor":[75,75,75,75,75,75,75,82,82,82,82,82,82,82,82,82,82,82,82,82,82,82,82,82,82,82,82,82,82,82],"card_choices":[{"not_picked":["Steam","Barrage"],"picked":"Sunder","floor":1},{"not_picked":["Steam Power","Compile Driver"],"picked":"Sunder","floor":3},{"not_picked":["Fusion","Gash","Redo"],"picked":"SKIP","floor":5},{"not_picked":["Fusion","Gash","Redo"],"picked":"SKIP","floor":5},{"not_picked":["Redo","Genetic Algorithm","Rebound"],"picked":"SKIP","floor":6},{"not_picked":["Go for the Eyes","Fusion","Turbo"],"picked":"SKIP","floor":8},{"not_picked":["Conserve Battery","Barrage"],"picked":"Reboot","floor":10},{"not_picked":["Rebound","Hologram"],"picked":"Sweeping Beam","floor":11},{"not_picked":["Hologram","Leap","Steam"],"picked":"SKIP","floor":12},{"not_picked":["Core Surge","Creative AI"],"picked":"Seek","floor":16},{"not_picked":["Coolheaded","Aggregate","Cold Snap"],"picked":"SKIP","floor":18},{"not_picked":["Coolheaded","Turbo","Hologram"],"picked":"SKIP","floor":19},{"not_picked":["Lockon","Consume"],"picked":"Beam Cell","floor":21},{"not_picked":["Barrage","Streamline","Steam"],"picked":"SKIP","floor":22},{"not_picked":["Skim+1","Chaos"],"picked":"Sunder","floor":24},{"not_picked":["Hologram","Chaos","Hello World+1"],"picked":"SKIP","floor":28},{"not_picked":["Loop","Rainbow"],"picked":"Beam Cell+1","floor":29}],"player_experience":325144,"relics_obtained":[{"floor":6,"key":"Bottled Lightning"},{"floor":8,"key":"Strawberry"},{"floor":26,"key":"Mummified Hand"},{"floor":28,"key":"Letter Opener"}],"event_choices":[{"damage_healed":0,"gold_gain":0,"player_choice":"Trade","damage_taken":0,"relics_obtained":["NlothsMask"],"max_hp_gain":0,"max_hp_loss":0,"event_name":"FaceTrader","floor":4,"gold_loss":0},{"damage_healed":0,"gold_gain":0,"player_choice":"Left Gold","damage_taken":0,"max_hp_gain":0,"max_hp_loss":0,"event_name":"World of Goop","floor":14,"gold_loss":25}],"is_beta":false,"boss_relics":[{"not_picked":["Snecko Eye","FrozenCore"],"picked":"Sozu"}],"items_purged_floors":[20],"is_endless":false,"potions_floor_spawned":[1,3,11,12,18,24,29],"killed_by":"Snake Plant","ascension_level":9}