{"gold_per_floor":[119,133,143,159,179,212,212,212,258,258,258,225,20,45,45,148,148,159,177,197,215,234,234],"floor_reached":23,"playtime":1591,"items_purged":[],"score":302,"play_id":"5e94c660-7580-48ac-8aa1-9f5ab51af271","local_time":"20190305184231","is_ascension_mode":true,"campfire_choices":[{"data":"Glacier","floor":7.0,"key":"SMITH"},{"data":"Consume","floor":10.0,"key":"SMITH"},{"data":"Loop","floor":15,"key":"SMITH"}],"neow_cost":"NONE","seed_source_timestamp":24829884603088,"circlet_count":0,"master_deck":["Strike_B","Strike_B","Strike_B","Strike_B","Defend_B","Defend_B","Defend_B","Defend_B","Zap","Dualcast","Consume+1","Glacier+1","Leap+1","Blizzard","Core Surge","Coolheaded","White Noise","Loop+1","Cold Snap","Self Repair","Reboot","Reinforced Body","Coolheaded","Go for the Eyes+1","Cold Snap+1"],"special_seed":0,"relics":["Runic Dome","Art of War","Potion Belt","Kunai","Philosopher\u0027s Stone"],"potions_floor_usage":[12,14,22,23,23],"damage_taken":[{"damage":0.0,"enemies":"Small Slimes","floor":1.0,"turns":5.0},{"damage":8.0,"enemies":"Jaw Worm","floor":2.0,"turns":4.0},{"damage":0.0,"enemies":"Cultist","floor":3.0,"turns":4.0},{"damage":6.0,"enemies":"3 Louse","floor":4.0,"turns":5.0},{"damage":5.0,"enemies":"Exordium Wildlife","floor":5.0,"turns":5.0},{"damage":0.0,"enemies":"3 Sentries","floor":6.0,"turns":11.0},{"damage":1,"enemies":"Exordium Thugs","floor":12,"turns":5},{"damage":12,"enemies":"Gremlin Nob","floor":14,"turns":6},{"damage":6,"enemies":"The Guardian","floor":16,"turns":15},{"damage":1,"enemies":"Shell Parasite","floor":18,"turns":9},{"damage":7,"enemies":"Spheric Guardian","floor":19,"turns":5},{"damage":0,"enemies":"Snecko","floor":20,"turns":6},{"damage":17,"enemies":"Centurion and Healer","floor":21,"turns":15},{"damage":0,"enemies":"3 Cultists","floor":22,"turns":5},{"damage":72,"enemies":"Gremlin Leader","floor":23,"turns":11}],"seed_played":"-1566559737383612832","potions_obtained":[{"floor":2.0,"key":"Block Potion"},{"floor":3.0,"key":"SpeedPotion"},{"floor":4.0,"key":"SteroidPotion"},{"floor":5.0,"key":"SneckoOil"},{"floor":18,"key":"PowerPotion"},{"floor":19,"key":"EssenceOfSteel"},{"floor":22,"key":"Dexterity Potion"}],"is_trial":false,"path_per_floor":["M","M","M","M","M","E","R","?","T","R","?","M","$","E","R","B",null,"M","M","M","M","M","E"],"character_chosen":"DEFECT","items_purchased":["White Noise","Loop","Cold Snap"],"campfire_rested":0,"item_purchase_floors":[13,13,13],"current_hp_per_floor":[68,60,60,54,49,49,49,74,74,74,74,73,73,61,61,62,72,75,75,75,65,72,0],"gold":234,"neow_bonus":"BOSS_RELIC","is_prod":false,"is_daily":false,"chose_seed":false,"campfire_upgraded":3,"win_rate":0,"timestamp":1551782551,"path_taken":["M","M","M","M","M","E","R","?","T","R","?","M","?","E","R","BOSS","M","M","M","M","M","E"],"build_version":"2019-01-23","purchased_purges":0,"victory":false,"max_hp_per_floor":[75,75,75,75,75,75,75,75,75,75,75,75,75,75,75,75,75,75,75,75,75,75,75],"card_choices":[{"not_picked":["Gash","Compile Driver"],"picked":"Consume","floor":1.0},{"not_picked":["Lockon","Go for the Eyes"],"picked":"Glacier","floor":2.0},{"not_picked":["Stack","Double Energy"],"picked":"Leap","floor":3.0},{"not_picked":["Self Repair","Coolheaded"],"picked":"Blizzard","floor":4.0},{"not_picked":["Coolheaded","Redo"],"picked":"Core Surge","floor":5.0},{"not_picked":["Hologram","BootSequence","Rebound"],"picked":"SKIP","floor":6.0},{"not_picked":["Stack","Ball Lightning"],"picked":"Coolheaded","floor":12},{"not_picked":["Rebound","Gash"],"picked":"Self Repair","floor":14},{"not_picked":["All For One","Biased Cognition"],"picked":"Reboot","floor":16},{"not_picked":["Rip and Tear+1","Turbo"],"picked":"Reinforced Body","floor":18},{"not_picked":["Fusion","Steam"],"picked":"Coolheaded","floor":19},{"not_picked":["Storm","Static Discharge+1","Beam Cell"],"picked":"SKIP","floor":20},{"not_picked":["Leap","Barrage+1"],"picked":"Go for the Eyes+1","floor":21},{"not_picked":["Barrage","Multi-Cast"],"picked":"Cold Snap+1","floor":22}],"player_experience":240867,"relics_obtained":[{"floor":6.0,"key":"Art of War"},{"floor":9.0,"key":"Potion Belt"},{"floor":14,"key":"Kunai"}],"event_choices":[{"damage_healed":25.0,"max_hp_gain":0.0,"max_hp_loss":0.0,"gold_gain":0.0,"event_name":"Big Fish","player_choice":"Banana","floor":8.0,"gold_loss":0.0,"damage_taken":0.0},{"damage_healed":0.0,"max_hp_gain":0.0,"max_hp_loss":0.0,"gold_gain":0.0,"event_name":"Living Wall","player_choice":"Grow","floor":11.0,"gold_loss":0.0,"damage_taken":0.0,"cards_upgraded":["Leap"]}],"is_beta":false,"boss_relics":[{"not_picked":["Snecko Eye","Pandora\u0027s Box"],"picked":"Philosopher\u0027s Stone"}],"items_purged_floors":[],"is_endless":false,"potions_floor_spawned":[2,3,4,5,18,19,22],"killed_by":"Gremlin Leader","ascension_level":6}