{"gold_per_floor":[16,36,36,54,70,103,122,122,148,148,165,198,198,209,209,309,309,327,352,32,32,48,73,73,103,148,177,177,193,226,151,151,252,252,262,273,292,37,53,88,88,88,88,88,121,141,141,160,160,160],"floor_reached":51,"playtime":2889,"items_purged":["Parasite","Strike_B"],"score":1084,"play_id":"67fb3155-fec4-4422-87c5-beb456328830","local_time":"20190228183822","is_ascension_mode":true,"campfire_choices":[{"data":"Electrodynamics","floor":8,"key":"SMITH"},{"data":"Undo","floor":10,"key":"SMITH"},{"data":"Conserve Battery","floor":15,"key":"SMITH"},{"data":"Apotheosis","floor":24,"key":"SMITH"},{"data":"BootSequence","floor":28,"key":"SMITH"},{"data":"Storm","floor":32,"key":"SMITH"},{"floor":42,"key":"RECALL"},{"data":"Seek","floor":47,"key":"SMITH"},{"data":"Reboot","floor":49,"key":"SMITH"}],"neow_cost":"NO_GOLD","seed_source_timestamp":28890196706546,"circlet_count":0,"master_deck":["Defend_B","Defend_B+1","Defend_B+1","Defend_B","Zap","Dualcast","Go for the Eyes+1","BootSequence+1","Coolheaded","Storm+1","Undo+1","Electrodynamics+1","Conserve Battery+1","Seek+1","Steam","Apotheosis+1","Electrodynamics","Hologram+1","Consume+1","Auto Shields","Self Repair","Madness","Madness","Finesse","Reboot+1","Double Energy"],"relics":["Cracked Core","CultistMask","Vajra","DataDisk","Ancient Tea Set","Busted Crown","Red Mask","Bronze Scales","War Paint","PreservedInsect","Centennial Puzzle","Oddly Smooth Stone","FossilizedHelix","Nuclear Battery","Lantern","Cables","Whetstone"],"potions_floor_usage":[5,12,12,14,19,27,33,40,40,50,50,50],"damage_taken":[{"damage":2,"enemies":"Small Slimes","floor":1,"turns":6},{"damage":0,"enemies":"Cultist","floor":2,"turns":4},{"damage":0,"enemies":"Jaw Worm","floor":4,"turns":4},{"damage":0,"enemies":"Gremlin Gang","floor":5,"turns":7},{"damage":27,"enemies":"3 Sentries","floor":6,"turns":13},{"damage":0,"enemies":"Exordium Wildlife","floor":7,"turns":4},{"damage":0,"enemies":"2 Fungi Beasts","floor":11,"turns":2},{"damage":0,"enemies":"Gremlin Nob","floor":12,"turns":4},{"damage":0,"enemies":"3 Louse","floor":14,"turns":1},{"damage":25,"enemies":"The Guardian","floor":16,"turns":17},{"damage":10,"enemies":"Spheric Guardian","floor":18,"turns":5},{"damage":0,"enemies":"Masked Bandits","floor":19,"turns":2},{"damage":0,"enemies":"Shell Parasite","floor":22,"turns":5},{"damage":0,"enemies":"Gremlin Leader","floor":23,"turns":3},{"damage":0,"enemies":"Slavers","floor":25,"turns":2},{"damage":1,"enemies":"Book of Stabbing","floor":27,"turns":3},{"damage":0,"enemies":"3 Cultists","floor":29,"turns":2},{"damage":4,"enemies":"Slavers","floor":30,"turns":2},{"damage":20,"enemies":"Automaton","floor":33,"turns":18},{"damage":0,"enemies":"3 Darklings","floor":35,"turns":3},{"damage":0,"enemies":"Orb Walker","floor":36,"turns":2},{"damage":0,"enemies":"Jaw Worm Horde","floor":37,"turns":3},{"damage":0,"enemies":"Transient","floor":39,"turns":5},{"damage":8,"enemies":"Giant Head","floor":40,"turns":10},{"damage":0,"enemies":"Reptomancer","floor":45,"turns":4},{"damage":0,"enemies":"Sphere and 2 Shapes","floor":46,"turns":3},{"damage":0,"enemies":"4 Shapes","floor":48,"turns":2},{"damage":17,"enemies":"Donu and Deca","floor":50,"turns":13}],"seed_played":"542033598943965070","potions_obtained":[{"floor":1,"key":"Block Potion"},{"floor":5,"key":"Poison Potion"},{"floor":6,"key":"Weak Potion"},{"floor":7,"key":"Block Potion"},{"floor":11,"key":"SpeedPotion"},{"floor":12,"key":"AttackPotion"},{"floor":22,"key":"Block Potion"},{"floor":25,"key":"EssenceOfSteel"},{"floor":27,"key":"Weak Potion"},{"floor":29,"key":"LiquidBronze"},{"floor":30,"key":"Dexterity Potion"},{"floor":35,"key":"Explosive Potion"},{"floor":39,"key":"FocusPotion"},{"floor":40,"key":"Weak Potion"},{"floor":48,"key":"Block Potion"}],"is_trial":false,"path_per_floor":["M","M","?","M","M","E","M","R","T","R","M","E","?","M","R","B",null,"M","?","$","?","M","E","R","E","T","E","R","M","E","$","R","B",null,"M","M","M","$","M","E","?","R","T","?","E","M","R","M","R","B",null],"character_chosen":"DEFECT","items_purchased":["Bronze Scales","Apotheosis","Self Repair","GamblersBrew"],"campfire_rested":0,"item_purchase_floors":[20,20,38,38],"current_hp_per_floor":[73,73,73,73,73,46,46,46,46,46,46,46,64,64,64,39,66,56,56,56,56,56,56,56,56,56,55,55,55,51,51,51,31,62,62,62,62,62,69,68,59,59,59,59,69,72,72,72,72,62],"gold":160,"neow_bonus":"REMOVE_TWO","is_prod":false,"is_daily":false,"chose_seed":false,"campfire_upgraded":8,"win_rate":0,"timestamp":1551350302,"path_taken":["M","M","?","?","M","E","M","R","T","R","M","E","?","M","R","BOSS","M","?","$","?","M","E","R","E","T","E","R","M","E","$","R","BOSS","M","M","?","$","M","E","?","R","T","?","E","M","R","M","R","BOSS"],"build_version":"2019-01-23","purchased_purges":2,"victory":true,"max_hp_per_floor":[75,75,75,75,75,75,75,75,75,75,75,75,75,75,75,75,75,75,75,75,75,75,75,75,75,75,75,75,75,75,72,72,72,72,72,72,72,72,72,72,72,72,72,72,72,72,72,72,72,72],"card_choices":[{"not_picked":["Hologram","Barrage"],"picked":"Go for the Eyes","floor":1},{"not_picked":["Coolheaded","Genetic Algorithm"],"picked":"BootSequence","floor":2},{"not_picked":["Conserve Battery","BootSequence"],"picked":"Coolheaded","floor":4},{"not_picked":["Sweeping Beam","Barrage"],"picked":"Storm","floor":5},{"not_picked":["Gash","Steam"],"picked":"Undo","floor":6},{"not_picked":["Beam Cell","Storm"],"picked":"Electrodynamics","floor":7},{"not_picked":["Compile Driver","Genetic Algorithm","Glacier"],"picked":"SKIP","floor":11},{"not_picked":["Streamline","Force Field","Recycle"],"picked":"SKIP","floor":12},{"not_picked":["Sweeping Beam","Blizzard"],"picked":"Conserve Battery","floor":14},{"not_picked":["Meteor Strike","Amplify"],"picked":"Seek","floor":16},{"not_picked":[],"picked":"Steam","floor":18},{"not_picked":[],"picked":"Hologram+1","floor":22},{"not_picked":[],"picked":"Consume+1","floor":23},{"not_picked":[],"picked":"Auto Shields","floor":25},{"not_picked":["Sweeping Beam"],"picked":"SKIP","floor":27},{"not_picked":["Hologram"],"picked":"SKIP","floor":29},{"not_picked":["Streamline"],"picked":"SKIP","floor":30},{"not_picked":["Ball Lightning"],"picked":"SKIP","floor":35},{"not_picked":["Cold Snap"],"picked":"SKIP","floor":36},{"not_picked":["Fusion+1"],"picked":"SKIP","floor":37},{"not_picked":["Barrage"],"picked":"SKIP","floor":39},{"not_picked":["Barrage"],"picked":"SKIP","floor":39},{"not_picked":["Aggregate+1"],"picked":"SKIP","floor":40},{"not_picked":[],"picked":"Finesse","floor":44},{"not_picked":[],"picked":"Reboot","floor":45},{"not_picked":[],"picked":"Double Energy","floor":46},{"not_picked":["Cold Snap"],"picked":"SKIP","floor":48}],"player_experience":225322,"relics_obtained":[{"floor":6,"key":"Vajra"},{"floor":9,"key":"DataDisk"},{"floor":12,"key":"Ancient Tea Set"},{"floor":19,"key":"Red Mask"},{"floor":23,"key":"War Paint"},{"floor":25,"key":"PreservedInsect"},{"floor":26,"key":"Centennial Puzzle"},{"floor":27,"key":"Oddly Smooth Stone"},{"floor":30,"key":"FossilizedHelix"},{"floor":40,"key":"Lantern"},{"floor":43,"key":"Cables"},{"floor":45,"key":"Whetstone"}],"event_choices":[{"damage_healed":0,"gold_gain":0,"player_choice":"Trade","damage_taken":0,"relics_obtained":["CultistMask"],"max_hp_gain":0,"max_hp_loss":0,"event_name":"FaceTrader","floor":3,"gold_loss":0},{"damage_healed":18,"gold_gain":0,"player_choice":"Healed and dodged fight","damage_taken":0,"max_hp_gain":0,"max_hp_loss":0,"event_name":"Mushrooms","floor":13,"gold_loss":0,"cards_obtained":["Parasite"]},{"damage_healed":0,"gold_gain":0,"player_choice":"Fought Bandits","damage_taken":0,"max_hp_gain":0,"max_hp_loss":0,"event_name":"Masked Bandits","floor":19,"gold_loss":0},{"damage_healed":0,"gold_gain":0,"cards_transformed":["Strike_B"],"player_choice":"Transformed","damage_taken":0,"max_hp_gain":0,"max_hp_loss":0,"event_name":"Transmorgrifier","floor":21,"gold_loss":0,"cards_obtained":["Electrodynamics"]},{"damage_healed":0,"gold_gain":0,"player_choice":"Embrace Madness","damage_taken":9,"max_hp_gain":0,"max_hp_loss":0,"event_name":"Winding Halls","floor":41,"gold_loss":0,"cards_obtained":["Madness","Madness"]},{"damage_healed":0,"gold_gain":0,"player_choice":"Memory 1","damage_taken":0,"max_hp_gain":0,"max_hp_loss":0,"event_name":"SensoryStone","floor":44,"gold_loss":0}],"is_beta":false,"boss_relics":[{"not_picked":["Black Star","Lizard Tail"],"picked":"Busted Crown"},{"not_picked":["Calling Bell","Pandora\u0027s Box"],"picked":"Nuclear Battery"}],"items_purged_floors":[31,38],"is_endless":false,"potions_floor_spawned":[1,5,6,7,11,12,22,25,27,29,30,35,39,40,48],"ascension_level":5}