{"gold_per_floor":[113,113,63,82,102,102,122,149,149,149,163,193,193,219,219,315,315,334,7,20,33,33,33],"floor_reached":23,"playtime":1682,"items_purged":[],"score":221,"play_id":"2218bae7-7dda-4f58-b18e-9a8e5a6ee27c","local_time":"20181203234623","is_ascension_mode":true,"campfire_choices":[{"data":"Metamorphosis","floor":6,"key":"SMITH"},{"data":"Armaments","floor":10,"key":"SMITH"},{"data":"Bandage Up","floor":13,"key":"SMITH"},{"floor":15,"key":"REST"}],"neow_cost":"PERCENT_DAMAGE","seed_source_timestamp":38744255032597,"circlet_count":0,"master_deck":["Strike_R","Strike_R","Strike_R","Strike_R","Defend_R","Defend_R","Defend_R","Defend_R","Bash","Metamorphosis+1","Bandage Up+1","Armaments+1","Shrug It Off","Flex","Burning Pact","Feed","Battle Trance","Rage","True Grit","Shrug It Off"],"relics":["Black Blood","Bird Faced Urn","Turnip","Odd Mushroom","Strange Spoon","Nloth\u0027s Gift"],"potions_floor_usage":[8,16],"damage_taken":[{"damage":0,"enemies":"Cultist","floor":1,"turns":3},{"damage":0,"enemies":"2 Louse","floor":4,"turns":2},{"damage":0,"enemies":"Small Slimes","floor":5,"turns":3},{"damage":17,"enemies":"Looter","floor":7,"turns":3},{"damage":10,"enemies":"Gremlin Nob","floor":8,"turns":4},{"damage":16,"enemies":"Blue Slaver","floor":11,"turns":6},{"damage":21,"enemies":"The Mushroom Lair","floor":12,"turns":5},{"damage":34,"enemies":"3 Sentries","floor":14,"turns":9},{"damage":11,"enemies":"Slime Boss","floor":16,"turns":9},{"damage":7,"enemies":"3 Byrds","floor":18,"turns":7},{"damage":21,"enemies":"Spheric Guardian","floor":20,"turns":5},{"damage":59,"enemies":"Cultist and Chosen","floor":21,"turns":12},{"damage":58,"enemies":"Book of Stabbing","floor":23,"turns":6}],"seed_played":"2640769400915140553","potions_obtained":[{"floor":1,"key":"GamblersBrew"},{"floor":12,"key":"GamblersBrew"},{"floor":14,"key":"FearPotion"},{"floor":16,"key":"EntropicBrew"},{"floor":18,"key":"SpeedPotion"}],"is_trial":false,"path_per_floor":["M","?","?","M","M","R","M","E","T","R","M","?","R","E","R","B",null,"M","$","M","M","?","E"],"character_chosen":"IRONCLAD","items_purchased":["Strange Spoon","Rage","True Grit"],"campfire_rested":1,"item_purchase_floors":[19,19,19],"current_hp_per_floor":[62,67,67,77,85,85,74,74,74,74,68,57,57,35,60,61,85,88,88,86,43,43,0],"gold":33,"neow_bonus":"RANDOM_COLORLESS_2","is_prod":false,"is_daily":false,"chose_seed":false,"campfire_upgraded":3,"win_rate":0,"timestamp":1543848383,"path_taken":["M","?","?","M","M","R","M","E","T","R","M","?","R","E","R","BOSS","M","$","M","M","?","E"],"build_version":"2018-11-15","purchased_purges":0,"victory":false,"max_hp_per_floor":[80,85,85,85,85,85,85,85,85,85,85,85,85,85,85,85,85,88,88,91,91,91,91],"card_choices":[{"not_picked":["Heavy Blade","Pommel Strike"],"picked":"Armaments","floor":1},{"not_picked":["Carnage","Rampage","Warcry"],"picked":"SKIP","floor":4},{"not_picked":["Sword Boomerang","Body Slam","Bloodletting"],"picked":"SKIP","floor":5},{"not_picked":["Armaments","Body Slam"],"picked":"Shrug It Off","floor":7},{"not_picked":["Havoc","Spot Weakness","Flame Barrier"],"picked":"SKIP","floor":8},{"not_picked":["Body Slam","Iron Wave","Dropkick"],"picked":"SKIP","floor":11},{"not_picked":["Sever Soul","Blood for Blood"],"picked":"Flex","floor":12},{"not_picked":["Clothesline","Cleave"],"picked":"Burning Pact","floor":14},{"not_picked":["Dark Embrace","Offering"],"picked":"Feed","floor":16},{"not_picked":["Sword Boomerang","Heavy Blade"],"picked":"Battle Trance","floor":18},{"not_picked":["Rampage","Clash","Carnage"],"picked":"SKIP","floor":20},{"not_picked":["True Grit","Perfected Strike+1"],"picked":"Shrug It Off","floor":21}],"player_experience":137512,"relics_obtained":[{"floor":8,"key":"Bird Faced Urn"},{"floor":9,"key":"Turnip"},{"floor":12,"key":"Odd Mushroom"},{"floor":14,"key":"Girya"}],"event_choices":[{"damage_healed":0,"gold_gain":0,"player_choice":"Donut","damage_taken":0,"max_hp_gain":5,"max_hp_loss":0,"event_name":"Big Fish","floor":2,"gold_loss":0},{"cards_removed":["Strike_R"],"damage_healed":0,"gold_gain":0,"player_choice":"Card Removal","damage_taken":0,"max_hp_gain":0,"max_hp_loss":0,"event_name":"The Cleric","floor":3,"gold_loss":50},{"damage_healed":0,"gold_gain":0,"player_choice":"Fought Mushrooms","damage_taken":0,"max_hp_gain":0,"max_hp_loss":0,"event_name":"Mushrooms","floor":12,"gold_loss":0},{"damage_healed":0,"gold_gain":0,"player_choice":"Traded Relic","damage_taken":0,"relics_obtained":["Nloth\u0027s Gift"],"max_hp_gain":0,"max_hp_loss":0,"event_name":"N\u0027loth","floor":22,"relics_lost":["Girya"],"gold_loss":0}],"is_beta":false,"boss_relics":[{"not_picked":["Mark of Pain","Fusion Hammer"],"picked":"Black Blood"}],"items_purged_floors":[],"is_endless":false,"potions_floor_spawned":[1,12,14,16,18,21],"killed_by":"Book of Stabbing","ascension_level":2}