{"gold_per_floor":[111,111,126,81,95,95,128,39,39,39,58,73,73,88,88,185,185,197,197,163,181,181,181,212,212,288,288,288,203,217,0,0,97,97,109,109,0,48,148,148,148,161,240,214,214,230,230,41,41,41],"floor_reached":50,"playtime":5188,"items_purged":[],"score":479,"play_id":"f33a24ca-d941-4ba2-8e02-41204ac6d18d","local_time":"20190305132253","is_ascension_mode":false,"campfire_choices":[{"data":"Finisher","floor":6.0,"key":"SMITH"},{"floor":10.0,"key":"REST"},{"data":"Flying Knee","floor":13.0,"key":"SMITH"},{"data":"Dodge and Roll","floor":15.0,"key":"SMITH"},{"floor":23.0,"key":"REST"},{"floor":27.0,"key":"REST"},{"floor":32.0,"key":"REST"},{"floor":40.0,"key":"REST"},{"floor":47,"key":"REST"},{"data":"Panache","floor":49,"key":"SMITH"}],"neow_cost":"NONE","seed_source_timestamp":0,"circlet_count":0,"master_deck":["Defend_G","Defend_G","Defend_G","Defend_G","Strike_G","Strike_G","Strike_G","Strike_G","Strike_G","Survivor","Neutralize","Wraith Form v2","Outmaneuver","Finisher+1","Sucker Punch","Escape Plan","Acrobatics","Acrobatics","Choke","Predator","Flying Knee+1","Dodge and Roll+1","A Thousand Cuts","Calculated Gamble+1","Masterful Stab","Masterful Stab","RitualDagger","Dodge and Roll+1","Writhe","J.A.X.","All Out Attack","Prepared","Burst","Madness","Madness","Finisher+1","Quick Slash+1","Flying Knee","Prepared+1","Panache+1"],"special_seed":0,"relics":["Ring of the Serpent","Letter Opener","Lantern","Unceasing Top","White Beast Statue","Nilry\u0027s Codex","Darkstone Periapt","Matryoshka","Bag of Preparation","Gremlin Horn","FossilizedHelix","Anchor","Red Mask","WingedGreaves","Pocketwatch","Ninja Scroll","Bottled Flame","Ancient Tea Set"],"potions_floor_usage":[42,50,50,50],"damage_taken":[{"damage":0.0,"enemies":"Small Slimes","floor":1.0,"turns":5.0},{"damage":1.0,"enemies":"Cultist","floor":3.0,"turns":4.0},{"damage":0.0,"enemies":"Jaw Worm","floor":5.0,"turns":4.0},{"damage":13.0,"enemies":"3 Sentries","floor":7.0,"turns":10.0},{"damage":0.0,"enemies":"Large Slime","floor":11.0,"turns":3.0},{"damage":1.0,"enemies":"Blue Slaver","floor":12.0,"turns":3.0},{"damage":9.0,"enemies":"2 Fungi Beasts","floor":14.0,"turns":3.0},{"damage":40.0,"enemies":"The Guardian","floor":16.0,"turns":14.0},{"damage":2.0,"enemies":"Chosen","floor":18.0,"turns":6.0},{"damage":11.0,"enemies":"Spheric Guardian","floor":21.0,"turns":4.0},{"damage":23.0,"enemies":"Book of Stabbing","floor":24.0,"turns":6.0},{"damage":0.0,"enemies":"3 Cultists","floor":30.0,"turns":3.0},{"damage":71.0,"enemies":"Collector","floor":33.0,"turns":9.0},{"damage":0.0,"enemies":"Orb Walker","floor":35.0,"turns":2.0},{"damage":11.0,"enemies":"2 Orb Walkers","floor":38.0,"turns":5.0},{"damage":8.0,"enemies":"Mind Bloom Boss Battle","floor":39.0,"turns":6.0},{"damage":4,"enemies":"3 Darklings","floor":42,"turns":3},{"damage":17,"enemies":"Jaw Worm Horde","floor":46,"turns":3},{"damage":85,"enemies":"Awakened One","floor":50,"turns":9}],"seed_played":"2230543890710970764","potions_obtained":[{"floor":1.0,"key":"Fire Potion"},{"floor":5.0,"key":"Poison Potion"},{"floor":16.0,"key":"Poison Potion"},{"floor":18.0,"key":"Block Potion"},{"floor":21.0,"key":"Dexterity Potion"},{"floor":24.0,"key":"PowerPotion"},{"floor":30.0,"key":"Swift Potion"},{"floor":33.0,"key":"Energy Potion"},{"floor":35.0,"key":"AttackPotion"},{"floor":38.0,"key":"EntropicBrew"},{"floor":39.0,"key":"FearPotion"},{"floor":42,"key":"Regen Potion"},{"floor":46,"key":"GhostInAJar"}],"is_trial":false,"path_per_floor":["M","?","M","$","M","R","E","$","T","R","M","M","R","M","R","B",null,"M","?","$","M","?","R","E","?","T","R","?","?","M","$","R","B",null,"M","?","?","?","?","R","?","M","T","$","T","M","R","$","R","B"],"character_chosen":"THE_SILENT","items_purchased":["Sucker Punch","Acrobatics","Choke","Masterful Stab","Prepared","Anchor","Block Potion","Flying Knee","Panache"],"campfire_rested":6,"item_purchase_floors":[4,8,8,20,31,31,31,44,48],"current_hp_per_floor":[70,70,69,69,69,69,56,56,56,70,70,69,69,60,60,20,70,68,52,52,41,35,56,33,39,39,61,61,61,61,61,76,5,76,76,66,66,55,47,69,69,65,65,65,65,48,70,70,70,0],"gold":41,"neow_bonus":"ONE_RANDOM_RARE_CARD","is_prod":false,"is_daily":false,"chose_seed":false,"campfire_upgraded":4,"win_rate":0.0,"timestamp":1551788573,"path_taken":["M","?","?","$","M","R","E","$","T","R","M","M","R","M","R","BOSS","M","?","$","M","?","R","E","?","T","R","?","?","M","?","R","BOSS","M","?","?","?","?","R","?","M","T","$","?","M","R","$","R","BOSS"],"build_version":"2019-01-23","purchased_purges":0,"victory":false,"max_hp_per_floor":[70,70,70,70,70,70,70,70,70,70,70,70,70,70,70,70,70,70,70,70,70,70,70,70,76,76,76,76,76,76,76,76,76,76,76,76,76,76,76,76,76,76,76,76,76,76,76,76,76,76],"card_choices":[{"not_picked":["Flechettes","Prepared"],"picked":"Outmaneuver","floor":1.0},{"not_picked":["Cloak And Dagger","Outmaneuver"],"picked":"Finisher","floor":3.0},{"not_picked":["Cloak And Dagger","Backstab"],"picked":"Escape Plan","floor":5.0},{"not_picked":["Backstab","Dash"],"picked":"Acrobatics","floor":7.0},{"not_picked":["Noxious Fumes","Outmaneuver"],"picked":"Predator","floor":11.0},{"not_picked":["Deadly Poison","Wraith Form v2"],"picked":"Flying Knee","floor":12.0},{"not_picked":["Acrobatics","Slice"],"picked":"Dodge and Roll","floor":14.0},{"not_picked":["Corpse Explosion","Night Terror"],"picked":"A Thousand Cuts","floor":16.0},{"not_picked":["Outmaneuver+1","Cloak And Dagger"],"picked":"Calculated Gamble+1","floor":18.0},{"not_picked":["Blade Dance","Acrobatics"],"picked":"Masterful Stab","floor":21.0},{"not_picked":["Storm of Steel","Tactician"],"picked":"Dodge and Roll+1","floor":24.0},{"not_picked":["Outmaneuver","Poisoned Stab"],"picked":"All Out Attack","floor":30.0},{"not_picked":["Venomology","Storm of Steel"],"picked":"Burst","floor":33.0},{"not_picked":["PiercingWail+1","Backflip","Eviscerate"],"picked":"SKIP","floor":35.0},{"not_picked":["Terror+1","Skewer"],"picked":"Finisher+1","floor":38.0},{"not_picked":["Prepared+1","Slice"],"picked":"Quick Slash+1","floor":39.0},{"not_picked":["Leg Sweep","Choke","Deflect+1"],"picked":"SKIP","floor":42},{"not_picked":["Tactician","Predator+1"],"picked":"Prepared+1","floor":46}],"player_experience":279971,"relics_obtained":[{"floor":2.0,"key":"Letter Opener"},{"floor":7.0,"key":"Lantern"},{"floor":9.0,"key":"Unceasing Top"},{"floor":19.0,"key":"Nilry\u0027s Codex"},{"floor":24.0,"key":"Darkstone Periapt"},{"floor":26.0,"key":"Bag of Preparation"},{"floor":26.0,"key":"Gremlin Horn"},{"floor":38.0,"key":"WingedGreaves"},{"floor":39.0,"key":"Pocketwatch"},{"floor":43,"key":"Ninja Scroll"},{"floor":43,"key":"Bottled Flame"},{"floor":45,"key":"Ancient Tea Set"}],"event_choices":[{"damage_healed":0.0,"max_hp_gain":0.0,"max_hp_loss":0.0,"gold_gain":0.0,"event_name":"Wheel of Change","player_choice":"Relic","floor":2.0,"gold_loss":0.0,"damage_taken":0.0},{"damage_healed":0.0,"max_hp_gain":0.0,"max_hp_loss":0.0,"gold_gain":0.0,"event_name":"Cursed Tome","player_choice":"Obtained Book","floor":19.0,"gold_loss":0.0,"damage_taken":16.0},{"damage_healed":0.0,"max_hp_gain":0.0,"max_hp_loss":0.0,"gold_gain":0.0,"event_name":"Nest","player_choice":"Joined the Cult","floor":22.0,"gold_loss":0.0,"damage_taken":6.0,"cards_obtained":["RitualDagger"]},{"damage_healed":0.0,"max_hp_gain":0.0,"max_hp_loss":0.0,"gold_gain":0.0,"event_name":"The Mausoleum","player_choice":"Opened","floor":25.0,"gold_loss":0.0,"damage_taken":0.0,"relics_obtained":["Matryoshka"],"cards_obtained":["Writhe"]},{"damage_healed":0.0,"max_hp_gain":0.0,"max_hp_loss":0.0,"gold_gain":0.0,"event_name":"Drug Dealer","player_choice":"Obtain J.A.X.","floor":28.0,"gold_loss":0.0,"damage_taken":0.0,"cards_obtained":["J.A.X."]},{"damage_healed":0.0,"max_hp_gain":0.0,"max_hp_loss":0.0,"gold_gain":0.0,"event_name":"Addict","player_choice":"Obtained Relic","floor":29.0,"gold_loss":85.0,"damage_taken":0.0,"relics_obtained":["FossilizedHelix"]},{"damage_healed":0.0,"max_hp_gain":0.0,"max_hp_loss":0.0,"gold_gain":0.0,"event_name":"Winding Halls","player_choice":"Embrace Madness","floor":36.0,"gold_loss":0.0,"damage_taken":10.0,"cards_obtained":["Madness","Madness"]},{"damage_healed":0.0,"max_hp_gain":0.0,"max_hp_loss":0.0,"gold_gain":0.0,"event_name":"Tomb of Lord Red Mask","player_choice":"Paid","floor":37.0,"gold_loss":109.0,"damage_taken":0.0,"relics_obtained":["Red Mask"]},{"damage_healed":0.0,"max_hp_gain":0.0,"max_hp_loss":0.0,"gold_gain":0.0,"event_name":"Mysterious Sphere","player_choice":"Fight","floor":38.0,"gold_loss":0.0,"damage_taken":0.0},{"damage_healed":0.0,"max_hp_gain":0.0,"max_hp_loss":0.0,"gold_gain":0.0,"event_name":"MindBloom","player_choice":"Fight","floor":39.0,"gold_loss":0.0,"damage_taken":0.0},{"cards_removed":["Defend_G"],"damage_healed":0.0,"max_hp_gain":0.0,"max_hp_loss":0.0,"gold_gain":0.0,"event_name":"Falling","player_choice":"Removed Skill","floor":41.0,"gold_loss":0.0,"damage_taken":0.0}],"is_beta":false,"boss_relics":[{"not_picked":["Calling Bell","Sozu"],"picked":"White Beast Statue"},{"not_picked":["Fusion Hammer","Lizard Tail"],"picked":"Ring of the Serpent"}],"items_purged_floors":[],"is_endless":false,"potions_floor_spawned":[1,5,16,18,21,24,30,33,35,38,39,42,46],"killed_by":"Awakened One","ascension_level":0}