{"gold_per_floor":[117,117,117,117,117,117,129,141,141,160,160,160,172,190,190,290,290,305,319,332,332,52,52,86,86,86,100,199,57,57,68,68,171,171,186,200,200,1199,1199,1199,1199,423,447,47,47,47,71,91,91,91],"floor_reached":50,"playtime":2094,"items_purged":["Normality","Normality"],"score":523,"play_id":"f91de0af-43e3-488b-b36e-1d1de236c902","local_time":"20190321164747","is_ascension_mode":false,"campfire_choices":[{"data":"Sucker Punch","floor":6,"key":"SMITH"},{"floor":11,"key":"REST"},{"data":"Caltrops","floor":15,"key":"SMITH"},{"data":"Infinite Blades","floor":23,"key":"SMITH"},{"floor":25,"key":"REST"},{"data":"Storm of Steel","floor":30,"key":"SMITH"},{"floor":32,"key":"REST"},{"floor":40,"key":"REST"},{"data":"After Image","floor":46,"key":"SMITH"},{"floor":49,"key":"REST"}],"neow_cost":"NONE","seed_source_timestamp":143110541809480,"circlet_count":0,"master_deck":["Defend_G+1","Defend_G+1","Defend_G+1","Defend_G+1","Defend_G+1","Strike_G+1","Strike_G+1","Strike_G+1","Strike_G+1","Strike_G+1","Survivor","Neutralize","A Thousand Cuts+1","Sucker Punch+1","Blade Dance+1","Backstab+1","Outmaneuver","Masterful Stab+1","Caltrops+1","After Image+1","Expertise","Cloak And Dagger+1","Slice+1","Infinite Blades+1","Slice+1","Prepared+1","Storm of Steel+1","Outmaneuver+1","Tools of the Trade","Sucker Punch+1","Acrobatics+1","Mind Blast+1","Blade Dance","Quick Slash+1","Chrysalis"],"relics":["Ring of the Snake","Molten Egg 2","Snake Skull","Black Star","Lee\u0027s Waffle","Mercury Hourglass","Dodecahedron","Meat on the Bone","Bottled Lightning","Mummified Hand","Smiling Mask","Singing Bowl","Anchor"],"potions_floor_usage":[16,16,20,20,24,24,33,33,35,50,50,50],"damage_taken":[{"damage":0,"enemies":"2 Louse","floor":1,"turns":3},{"damage":3,"enemies":"Jaw Worm","floor":7,"turns":4},{"damage":0,"enemies":"Small Slimes","floor":8,"turns":3},{"damage":5,"enemies":"Blue Slaver","floor":10,"turns":2},{"damage":9,"enemies":"Large Slime","floor":13,"turns":4},{"damage":0,"enemies":"Gremlin Gang","floor":14,"turns":3},{"damage":25,"enemies":"Hexaghost","floor":16,"turns":8},{"damage":22,"enemies":"Spheric Guardian","floor":18,"turns":4},{"damage":27,"enemies":"Shell Parasite","floor":19,"turns":6},{"damage":3,"enemies":"Cultist and Chosen","floor":20,"turns":6},{"damage":22,"enemies":"Slavers","floor":24,"turns":4},{"damage":9,"enemies":"Centurion and Healer","floor":27,"turns":4},{"damage":18,"enemies":"Snake Plant","floor":31,"turns":3},{"damage":30,"enemies":"Collector","floor":33,"turns":9},{"damage":13,"enemies":"3 Shapes","floor":35,"turns":3},{"damage":30,"enemies":"3 Darklings","floor":36,"turns":5},{"damage":20,"enemies":"Spire Growth","floor":48,"turns":4},{"damage":90,"enemies":"Awakened One","floor":50,"turns":9}],"seed_played":"-7601857506734339012","potions_obtained":[{"floor":7,"key":"PowerPotion"},{"floor":13,"key":"Poison Potion"},{"floor":14,"key":"Poison Potion"},{"floor":16,"key":"GhostInAJar"},{"floor":19,"key":"SkillPotion"},{"floor":20,"key":"Energy Potion"},{"floor":24,"key":"Poison Potion"},{"floor":31,"key":"Strength Potion"},{"floor":33,"key":"PowerPotion"},{"floor":48,"key":"Dexterity Potion"}],"is_trial":false,"path_per_floor":["M","?","?","?","?","R","M","M","T","M","R","?","M","M","R","B",null,"M","M","M","?","$","R","E","R","T","M","?","$","R","M","R","B",null,"M","M","?","?","?","R","?","$","T","$","?","R","T","M","R","B"],"character_chosen":"THE_SILENT","items_purchased":["Lee\u0027s Waffle","Infinite Blades","Storm of Steel","Bottled Lightning","Mummified Hand","Mind Blast+1","Regen Potion","FearPotion","Singing Bowl","Blade Dance","Quick Slash+1"],"campfire_rested":5,"item_purchase_floors":[22,22,29,42,42,42,42,42,44,44,44],"current_hp_per_floor":[70,63,63,63,63,63,60,60,60,55,70,70,61,61,61,36,70,48,21,18,18,77,77,55,77,77,68,68,68,68,50,73,43,77,64,46,46,46,46,69,69,69,69,69,69,69,69,51,73,0],"gold":91,"neow_bonus":"ONE_RANDOM_RARE_CARD","is_prod":false,"is_daily":false,"chose_seed":false,"campfire_upgraded":5,"win_rate":0.0,"timestamp":1553183267,"path_taken":["M","?","?","?","?","R","M","?","T","M","R","?","M","M","R","BOSS","M","M","?","?","$","R","E","R","T","M","?","?","R","?","R","BOSS","M","M","?","?","?","R","?","?","T","$","?","R","?","M","R","BOSS"],"build_version":"2019-01-23","purchased_purges":2,"victory":false,"max_hp_per_floor":[70,70,70,70,70,70,70,70,70,70,70,70,70,70,70,70,70,70,70,70,70,77,77,77,77,77,77,77,77,77,77,77,77,77,77,77,77,77,77,77,73,73,73,73,73,73,73,75,75,75],"card_choices":[{"not_picked":["Riddle With Holes","Underhanded Strike"],"picked":"Sucker Punch","floor":1},{"not_picked":["Finisher+1","Prepared"],"picked":"Blade Dance","floor":7},{"not_picked":["PiercingWail","Outmaneuver"],"picked":"Backstab+1","floor":8},{"not_picked":["Underhanded Strike+1","Poisoned Stab+1"],"picked":"Outmaneuver","floor":10},{"not_picked":["Blur","Dodge and Roll"],"picked":"Masterful Stab+1","floor":13},{"not_picked":["Deadly Poison","Riddle With Holes+1"],"picked":"Caltrops","floor":14},{"not_picked":["Glass Knife+1","Unload+1"],"picked":"After Image","floor":16},{"not_picked":["Riddle With Holes+1","Bane+1"],"picked":"Expertise","floor":18},{"not_picked":["Bane+1","Flying Knee+1"],"picked":"Cloak And Dagger+1","floor":19},{"not_picked":["Outmaneuver","Dagger Throw+1"],"picked":"Slice+1","floor":20},{"not_picked":["Dagger Spray+1","Well Laid Plans"],"picked":"Slice+1","floor":24},{"not_picked":["Deadly Poison","Quick Slash+1"],"picked":"Prepared+1","floor":27},{"not_picked":["Flechettes+1","Dodge and Roll"],"picked":"Outmaneuver+1","floor":31},{"not_picked":["Unload+1","Corpse Explosion"],"picked":"Tools of the Trade","floor":33},{"not_picked":["Cloak And Dagger","Dodge and Roll"],"picked":"Sucker Punch+1","floor":35},{"not_picked":["Masterful Stab+1","Slice+1"],"picked":"Acrobatics+1","floor":36},{"not_picked":["Deep Breath","Panacea"],"picked":"Chrysalis","floor":45},{"not_picked":["Deadly Poison+1","Deflect","Blur"],"picked":"Singing Bowl","floor":48}],"player_experience":339146,"relics_obtained":[{"floor":9,"key":"Snake Skull"},{"floor":24,"key":"Mercury Hourglass"},{"floor":24,"key":"Dodecahedron"},{"floor":26,"key":"Meat on the Bone"},{"floor":43,"key":"Smiling Mask"},{"floor":47,"key":"Anchor"}],"event_choices":[{"damage_healed":0,"gold_gain":0,"player_choice":"Success","damage_taken":7,"relics_obtained":["Molten Egg 2"],"max_hp_gain":0,"max_hp_loss":0,"event_name":"Scrap Ooze","floor":2,"gold_loss":0},{"damage_healed":0,"gold_gain":0,"player_choice":"Ignored","damage_taken":0,"max_hp_gain":0,"max_hp_loss":0,"event_name":"Golden Wing","floor":3,"gold_loss":0},{"damage_healed":0,"gold_gain":0,"player_choice":"Grow","damage_taken":0,"max_hp_gain":0,"max_hp_loss":0,"event_name":"Living Wall","floor":4,"gold_loss":0,"cards_upgraded":["A Thousand Cuts"]},{"damage_healed":0,"gold_gain":0,"player_choice":"Ignored","damage_taken":0,"max_hp_gain":0,"max_hp_loss":0,"event_name":"Golden Idol","floor":5,"gold_loss":0},{"damage_healed":0,"gold_gain":0,"player_choice":"Forge","damage_taken":0,"max_hp_gain":0,"max_hp_loss":0,"event_name":"Accursed Blacksmith","floor":12,"gold_loss":0,"cards_upgraded":["Blade Dance"]},{"damage_healed":0,"gold_gain":0,"player_choice":"Simplicity","damage_taken":0,"max_hp_gain":0,"max_hp_loss":0,"event_name":"Back to Basics","floor":21,"gold_loss":0,"cards_upgraded":["Defend_G","Defend_G","Defend_G","Defend_G","Defend_G","Strike_G","Strike_G","Strike_G","Strike_G","Strike_G"]},{"damage_healed":0,"gold_gain":99,"player_choice":"Stole From Cult","damage_taken":0,"max_hp_gain":0,"max_hp_loss":0,"event_name":"Nest","floor":28,"gold_loss":0},{"damage_healed":0,"gold_gain":0,"player_choice":"Ignored","damage_taken":0,"max_hp_gain":0,"max_hp_loss":0,"event_name":"Tomb of Lord Red Mask","floor":37,"gold_loss":0},{"damage_healed":0,"gold_gain":999,"player_choice":"Gold","damage_taken":0,"max_hp_gain":0,"max_hp_loss":0,"event_name":"MindBloom","floor":38,"gold_loss":0,"cards_obtained":["Normality","Normality"]},{"damage_healed":0,"gold_gain":0,"player_choice":"Ignored","damage_taken":0,"max_hp_gain":0,"max_hp_loss":0,"event_name":"Mysterious Sphere","floor":39,"gold_loss":0},{"damage_healed":0,"gold_gain":0,"player_choice":"Max HP","damage_taken":0,"max_hp_gain":0,"max_hp_loss":4,"event_name":"Winding Halls","floor":41,"gold_loss":0},{"damage_healed":0,"gold_gain":0,"player_choice":"Memory 1","damage_taken":0,"max_hp_gain":0,"max_hp_loss":0,"event_name":"SensoryStone","floor":45,"gold_loss":0}],"is_beta":false,"boss_relics":[{"not_picked":["Coffee Dripper","Orrery"],"picked":"Black Star"},{"not_picked":["Runic Dome","Fusion Hammer","Busted Crown"]}],"items_purged_floors":[42,44],"is_endless":false,"potions_floor_spawned":[7,13,14,16,19,20,24,31,33,48],"killed_by":"Awakened One","ascension_level":0}