{"gold_per_floor":[117,192,209,221,176,204,204,233,233,233,1,1,16,45,45,148,148,165,181,195,209,209,209,31,31,31,63,63,82,95,123,123,223,223,234,234,254,269,0,27,59,99,111,152,11,26,26,45,45,45,45,45,45,78,78],"floor_reached":55,"playtime":3738,"items_purged":["Regret"],"score":1344,"play_id":"c84d216f-370c-4f58-a1da-598582ee4b49","local_time":"20190315230844","is_ascension_mode":true,"campfire_choices":[{"data":"Blur","floor":7.0,"key":"SMITH"},{"data":"Backflip","floor":10.0,"key":"SMITH"},{"data":"Accuracy","floor":15.0,"key":"SMITH"},{"data":"Blur","floor":23.0,"key":"SMITH"},{"data":"Cloak And Dagger","floor":25.0,"key":"SMITH"},{"data":"Infinite Blades","floor":28.0,"key":"SMITH"},{"data":"Survivor","floor":32.0,"key":"SMITH"},{"floor":47.0,"key":"RECALL"},{"data":"Infinite Blades","floor":49.0,"key":"SMITH"},{"data":"Accuracy","floor":52,"key":"SMITH"}],"neow_cost":"NONE","seed_source_timestamp":27843339067609,"circlet_count":0,"master_deck":["Defend_G","Defend_G","Defend_G","Defend_G+1","Defend_G","Strike_G","Strike_G","Strike_G","Survivor+1","Neutralize+1","Blur+1","PiercingWail+1","Backflip+1","Infinite Blades+1","Endless Agony","Blur+1","Accuracy+1","Slice","Dagger Throw","Masterful Stab","Bullet Time","Backflip+1","Backflip+1","Well Laid Plans","Accuracy+1","Cloak And Dagger+1","Slice","Slice","Terror","Leg Sweep+1","A Thousand Cuts","Parasite","Injury","Masterful Stab+1","Parasite","Infinite Blades","A Thousand Cuts","Calculated Gamble","Backstab+1","PiercingWail","Terror+1","Infinite Blades+1","Cloak And Dagger+1","Terror"],"special_seed":0,"relics":["Ring of the Snake","Kunai","FossilizedHelix","Ginger","PreservedInsect","Ancient Tea Set","WristBlade","Gambling Chip","Gremlin Horn","Du-Vu Doll","Calling Bell","War Paint","Pantograph","Pocketwatch","MawBank","Lantern","Vajra","Mummified Hand"],"potions_floor_usage":[50,50,50],"damage_taken":[{"damage":0.0,"enemies":"Small Slimes","floor":1.0,"turns":5.0},{"damage":0.0,"enemies":"Jaw Worm","floor":3.0,"turns":7.0},{"damage":1.0,"enemies":"Cultist","floor":4.0,"turns":6.0},{"damage":0.0,"enemies":"Looter","floor":5.0,"turns":5.0},{"damage":20.0,"enemies":"Lagavulin","floor":6.0,"turns":11.0},{"damage":4.0,"enemies":"3 Sentries","floor":8.0,"turns":12.0},{"damage":0.0,"enemies":"Exordium Thugs","floor":13.0,"turns":5.0},{"damage":0.0,"enemies":"Lagavulin","floor":14.0,"turns":6.0},{"damage":0.0,"enemies":"Slime Boss","floor":16.0,"turns":12.0},{"damage":0.0,"enemies":"Spheric Guardian","floor":18.0,"turns":4.0},{"damage":0.0,"enemies":"Shell Parasite","floor":19.0,"turns":6.0},{"damage":0.0,"enemies":"Snake Plant","floor":20.0,"turns":7.0},{"damage":0.0,"enemies":"Shelled Parasite and Fungi","floor":21.0,"turns":7.0},{"damage":0.0,"enemies":"Slavers","floor":27.0,"turns":5.0},{"damage":0.0,"enemies":"Cultist and Chosen","floor":29.0,"turns":5.0},{"damage":0.0,"enemies":"3 Cultists","floor":30.0,"turns":5.0},{"damage":21.0,"enemies":"Book of Stabbing","floor":31.0,"turns":4.0},{"damage":8.0,"enemies":"Automaton","floor":33.0,"turns":14.0},{"damage":0.0,"enemies":"3 Darklings","floor":35.0,"turns":4.0},{"damage":3.0,"enemies":"3 Shapes","floor":37.0,"turns":5.0},{"damage":0.0,"enemies":"Writhing Mass","floor":38.0,"turns":7.0},{"damage":0.0,"enemies":"Reptomancer","floor":40.0,"turns":5.0},{"damage":0.0,"enemies":"Transient","floor":41.0,"turns":5.0},{"damage":0.0,"enemies":"Nemesis","floor":42.0,"turns":5.0},{"damage":0.0,"enemies":"Giant Head","floor":44.0,"turns":6.0},{"damage":0.0,"enemies":"3 Darklings","floor":46.0,"turns":4.0},{"damage":0.0,"enemies":"Spire Growth","floor":48.0,"turns":3.0},{"damage":7,"enemies":"Awakened One","floor":50,"turns":11},{"damage":32,"enemies":"Shield and Spear","floor":54,"turns":5},{"damage":69,"enemies":"The Heart","floor":55,"turns":5}],"seed_played":"-6936385220745598832","potions_obtained":[{"floor":1.0,"key":"PowerPotion"},{"floor":4.0,"key":"Strength Potion"},{"floor":13.0,"key":"SteroidPotion"},{"floor":14.0,"key":"Strength Potion"},{"floor":16.0,"key":"Explosive Potion"},{"floor":31.0,"key":"GhostInAJar"},{"floor":33.0,"key":"GhostInAJar"},{"floor":41.0,"key":"Block Potion"},{"floor":46.0,"key":"Block Potion"}],"is_trial":false,"path_per_floor":["M","?","M","M","M","E","R","E","T","R","$","?","M","E","R","B",null,"M","M","M","M","?","R","$","R","T","E","R","M","M","E","R","B",null,"M","?","M","M","$","E","M","E","T","E","$","M","R","M","R","B",null,"R","$","E","B"],"character_chosen":"THE_SILENT","items_purchased":["Accuracy","Slice","PreservedInsect","Accuracy","Cloak And Dagger","Slice","A Thousand Cuts","Calculated Gamble","Infinite Blades","EssenceOfSteel"],"campfire_rested":0,"item_purchase_floors":[11,11,11,24,24,24,39,39,45,45],"current_hp_per_floor":[63,52,52,51,51,31,31,27,27,27,27,27,27,27,27,27,59,59,59,59,59,59,59,59,59,59,59,59,59,59,38,38,30,60,60,60,57,57,57,57,57,57,57,57,57,57,57,57,57,63,68,68,68,36,0],"gold":78,"neow_bonus":"UPGRADE_CARD","is_prod":false,"is_daily":false,"chose_seed":false,"campfire_upgraded":9,"win_rate":0,"timestamp":1552662524,"path_taken":["M","?","M","M","M","E","R","E","T","R","$","?","?","E","R","BOSS","M","M","M","M","?","R","?","R","T","E","R","?","M","E","R","BOSS","M","?","M","M","$","E","M","E","T","E","$","M","R","M","R","BOSS","R","$","E","BOSS"],"build_version":"2019-01-23","purchased_purges":1,"victory":false,"max_hp_per_floor":[70,70,70,70,70,70,70,70,70,70,70,70,70,70,70,70,70,70,70,70,70,70,70,70,70,70,70,70,70,70,70,70,70,70,70,70,70,70,70,70,70,70,70,70,70,70,70,70,70,70,70,70,70,70,70],"card_choices":[{"not_picked":["Dagger Throw","Setup"],"picked":"Blur","floor":1.0},{"not_picked":["Dagger Throw","Dodge and Roll"],"picked":"PiercingWail","floor":3.0},{"not_picked":["Prepared","Blade Dance"],"picked":"Backflip","floor":4.0},{"not_picked":["Dodge and Roll","Dagger Spray"],"picked":"Infinite Blades","floor":5.0},{"not_picked":["Flying Knee","Riddle With Holes"],"picked":"Endless Agony","floor":6.0},{"not_picked":["Night Terror","Deadly Poison"],"picked":"Blur","floor":8.0},{"not_picked":["Acrobatics","Deadly Poison"],"picked":"Dagger Throw","floor":13.0},{"not_picked":["Backflip","Bane"],"picked":"Masterful Stab","floor":14.0},{"not_picked":["Venomology","Tools of the Trade"],"picked":"Bullet Time","floor":16.0},{"not_picked":["Quick Slash","Poisoned Stab","Prepared"],"picked":"SKIP","floor":18.0},{"not_picked":["Catalyst+1","Dagger Spray"],"picked":"Backflip+1","floor":19.0},{"not_picked":["Quick Slash","Flechettes"],"picked":"Backflip+1","floor":20.0},{"not_picked":["Quick Slash","Concentrate"],"picked":"Well Laid Plans","floor":21.0},{"not_picked":["Dagger Spray","Reflex"],"picked":"Slice","floor":27.0},{"not_picked":["Doppelganger","Sucker Punch"],"picked":"Terror","floor":29.0},{"not_picked":["Outmaneuver","Underhanded Strike"],"picked":"Leg Sweep+1","floor":30.0},{"not_picked":["Skewer","Concentrate","Bullet Time"],"picked":"SKIP","floor":31.0},{"not_picked":["Bullet Time","Tools of the Trade"],"picked":"A Thousand Cuts","floor":33.0},{"not_picked":["Cloak And Dagger","Quick Slash"],"picked":"Masterful Stab+1","floor":35.0},{"not_picked":["Sucker Punch","Flechettes+1","Acrobatics+1"],"picked":"SKIP","floor":37.0},{"not_picked":["Distraction","Backflip"],"picked":"Infinite Blades","floor":38.0},{"not_picked":["Deadly Poison+1","Skewer+1"],"picked":"Backstab+1","floor":40.0},{"not_picked":["Deadly Poison+1","Expertise+1"],"picked":"PiercingWail","floor":41.0},{"not_picked":["Quick Slash+1","Bane"],"picked":"Terror+1","floor":42.0},{"not_picked":["Catalyst","Setup","Dodge and Roll+1"],"picked":"SKIP","floor":44.0},{"not_picked":["Prepared","Deflect","Terror+1"],"picked":"SKIP","floor":46.0},{"not_picked":["Flying Knee","Deflect"],"picked":"Cloak And Dagger+1","floor":48.0},{"not_picked":["Corpse Explosion","Well Laid Plans"],"picked":"Terror","floor":54}],"player_experience":315233,"relics_obtained":[{"floor":6.0,"key":"Kunai"},{"floor":8.0,"key":"FossilizedHelix"},{"floor":9.0,"key":"Ginger"},{"floor":14.0,"key":"Ancient Tea Set"},{"floor":26.0,"key":"Gambling Chip"},{"floor":27.0,"key":"Gremlin Horn"},{"floor":31.0,"key":"Du-Vu Doll"},{"floor":34.0,"key":"War Paint"},{"floor":34.0,"key":"Pantograph"},{"floor":34.0,"key":"Pocketwatch"},{"floor":40.0,"key":"MawBank"},{"floor":42.0,"key":"Lantern"},{"floor":44.0,"key":"Vajra"},{"floor":54,"key":"Mummified Hand"}],"event_choices":[{"damage_healed":0.0,"max_hp_gain":0.0,"max_hp_loss":0.0,"gold_gain":75.0,"event_name":"World of Goop","player_choice":"Gather Gold","floor":2.0,"gold_loss":0.0,"damage_taken":11.0},{"cards_removed":["Strike_G"],"damage_healed":0.0,"max_hp_gain":0.0,"max_hp_loss":0.0,"gold_gain":0.0,"event_name":"Purifier","player_choice":"Purged","floor":12.0,"gold_loss":0.0,"damage_taken":0.0},{"cards_removed":["Strike_G"],"damage_healed":0.0,"max_hp_gain":0.0,"max_hp_loss":0.0,"gold_gain":0.0,"event_name":"Purifier","player_choice":"Purged","floor":22.0,"gold_loss":0.0,"damage_taken":0.0},{"damage_healed":0.0,"max_hp_gain":0.0,"max_hp_loss":0.0,"gold_gain":0.0,"event_name":"Mysterious Sphere","player_choice":"Ignored","floor":36.0,"gold_loss":0.0,"damage_taken":0.0}],"is_beta":false,"boss_relics":[{"not_picked":["Coffee Dripper","Black Star"],"picked":"WristBlade"},{"not_picked":["Runic Pyramid","Cursed Key"],"picked":"Calling Bell"}],"items_purged_floors":[39],"is_endless":false,"potions_floor_spawned":[1,4,13,14,16,20,21,27,29,31,33,35,41,46],"killed_by":"The Heart","ascension_level":8}