{"gold_per_floor":[114,39,39,39,39,59,73,23,50,77,106,18,35,48,48,48],"floor_reached":16,"playtime":514,"items_purged":["Strike_R","Strike_R"],"score":94,"play_id":"624dda9a-1b17-43bd-9bb7-dbf5b1ab1c2c","local_time":"20181007015354","is_ascension_mode":false,"campfire_choices":[{"floor":15,"key":"REST"}],"neow_cost":"NONE","seed_source_timestamp":0,"circlet_count":0,"master_deck":["Strike_R","Strike_R","Defend_R","Defend_R","Defend_R","Bash+1","Uppercut","Shrug It Off"],"special_seed":0,"relics":["Burning Blood","Pen Nib","MawBank"],"potions_floor_usage":[],"damage_taken":[{"damage":7.0,"enemies":"Small Slimes","floor":1.0,"turns":4.0},{"damage":4.0,"enemies":"Cultist","floor":6.0,"turns":3.0},{"damage":6.0,"enemies":"Jaw Worm","floor":7.0,"turns":3.0},{"damage":7.0,"enemies":"Looter","floor":10.0,"turns":3.0},{"damage":6.0,"enemies":"2 Fungi Beasts","floor":11.0,"turns":4.0},{"damage":18.0,"enemies":"Large Slime","floor":13.0,"turns":4.0},{"damage":10.0,"enemies":"Exordium Wildlife","floor":14.0,"turns":6.0},{"damage":0,"enemies":"Hexaghost","floor":16,"turns":1}],"seed_played":"-7193509307561401069","potions_obtained":[{"floor":6.0,"key":"Weak Potion"},{"floor":11.0,"key":"SkillPotion"},{"floor":14.0,"key":"Swift Potion"}],"is_trial":false,"path_per_floor":["M","$","?","?","?","M","M","?","T","M","M","$","M","M","R"],"character_chosen":"IRONCLAD","items_purchased":[],"campfire_rested":1,"item_purchase_floors":[],"current_hp_per_floor":[79,79,79,72,77,79,79,79,79,78,78,78,66,62,85,85],"gold":48,"neow_bonus":"REMOVE_CARD","is_prod":false,"is_daily":false,"chose_seed":false,"campfire_upgraded":0,"win_rate":0,"timestamp":1538870034,"path_taken":["M","$","?","?","?","M","M","?","T","M","?","$","M","M","R","BOSS"],"build_version":"2018-10-04v2","purchased_purges":2,"victory":false,"max_hp_per_floor":[80,80,80,80,85,85,85,85,85,85,85,85,85,85,85,85],"card_choices":[{"not_picked":["Thunderclap","Anger"],"picked":"Uppercut","floor":1.0},{"not_picked":["Body Slam","Burning Pact","Wild Strike"],"picked":"SKIP","floor":6.0},{"not_picked":["Evolve","Bloodletting","Body Slam"],"picked":"SKIP","floor":7.0},{"not_picked":["Shockwave","Anger"],"picked":"Shrug It Off","floor":10.0},{"not_picked":["Heavy Blade","Wild Strike","Clash"],"picked":"SKIP","floor":11.0},{"not_picked":["Power Through","Havoc","Headbutt"],"picked":"SKIP","floor":13.0},{"not_picked":["Havoc","Anger","Sword Boomerang"],"picked":"SKIP","floor":14.0}],"player_experience":225175,"relics_obtained":[{"floor":9.0,"key":"MawBank"}],"event_choices":[{"event_name":"Upgrade Shrine","player_choice":"Upgraded","floor":3.0,"damage_taken":0.0},{"event_name":"Scrap Ooze","player_choice":"success","floor":4.0,"damage_taken":7.0},{"event_name":"Big Fish","player_choice":"Donut","floor":5.0,"damage_taken":0.0},{"event_name":"The Cleric","player_choice":"Card Removal","floor":8.0,"damage_taken":0.0}],"is_beta":false,"boss_relics":[],"items_purged_floors":[2,12],"is_endless":false,"potions_floor_spawned":[6,11,14],"killed_by":"Hexaghost","ascension_level":0}