{"gold_per_floor":[118,118,137,147,164,164,1,1,27,45,45,71,146,146,146,242,292,302,315,315,115,127,127,127,127,127,127,42,59,59,159,159,258,258,268,283,283,283],"floor_reached":39,"playtime":971,"items_purged":[],"score":652,"play_id":"9e83137a-122b-4032-aa53-11fb17ea3435","local_time":"20190319174826","is_ascension_mode":false,"campfire_choices":[{"data":"Perfected Strike","floor":6.0,"key":"SMITH"},{"data":"Perfected Strike","floor":8.0,"key":"SMITH"},{"data":"Inflame","floor":11.0,"key":"SMITH"},{"floor":15.0,"key":"REST"},{"data":"Perfected Strike","floor":23.0,"key":"SMITH"},{"floor":25.0,"key":"REST"},{"data":"Demon Form","floor":27.0,"key":"SMITH"},{"data":"1","floor":32.0,"key":"LIFT"}],"neow_cost":"NONE","seed_source_timestamp":0,"circlet_count":0,"master_deck":["Strike_R+1","Strike_R+1","Strike_R+1","Strike_R+1","Strike_R+1","Defend_R+1","Defend_R+1","Defend_R+1","Defend_R+1","Bash+1","Flex","Perfected Strike+1","Ghostly Armor","Perfected Strike+1","Inflame+1","Flash of Steel","Thunderclap","Offering","Demon Form+1","Perfected Strike+1","Shrug It Off+1","Infernal Blade","J.A.X.","Perfected Strike+1","Shockwave+1","Twin Strike+1","Pommel Strike+1","Wild Strike"],"special_seed":0,"relics":["Burning Blood","Oddly Smooth Stone","Orichalcum","Tiny House","HandDrill","Shuriken","Dodecahedron","Girya","Sundial","White Beast Statue"],"potions_floor_usage":[38,38],"damage_taken":[{"damage":5.0,"enemies":"Small Slimes","floor":1.0,"turns":3.0},{"damage":0.0,"enemies":"Cultist","floor":3.0,"turns":2.0},{"damage":6.0,"enemies":"2 Louse","floor":4.0,"turns":2.0},{"damage":10.0,"enemies":"Looter","floor":5.0,"turns":3.0},{"damage":12.0,"enemies":"Blue Slaver","floor":10.0,"turns":3.0},{"damage":8.0,"enemies":"Lagavulin","floor":12.0,"turns":5.0},{"damage":10.0,"enemies":"Slime Boss","floor":16.0,"turns":7.0},{"damage":20.0,"enemies":"Spheric Guardian","floor":18.0,"turns":4.0},{"damage":6.0,"enemies":"Chosen","floor":19.0,"turns":3.0},{"damage":18.0,"enemies":"Shelled Parasite and Fungi","floor":22.0,"turns":4.0},{"damage":0.0,"enemies":"3 Cultists","floor":29.0,"turns":4.0},{"damage":7.0,"enemies":"Colosseum Slavers","floor":31.0,"turns":3.0},{"damage":22.0,"enemies":"Colosseum Nobs","floor":31.0,"turns":4.0},{"damage":77.0,"enemies":"Collector","floor":33.0,"turns":6.0},{"damage":3.0,"enemies":"3 Shapes","floor":35.0,"turns":4.0},{"damage":4.0,"enemies":"Orb Walker","floor":36.0,"turns":2.0},{"damage":95,"enemies":"Awakened One","floor":38,"turns":9}],"seed_played":"-8779236834103176417","potions_obtained":[{"floor":4.0,"key":"EssenceOfSteel"},{"floor":5.0,"key":"Fire Potion"},{"floor":10.0,"key":"Strength Potion"},{"floor":14.0,"key":"FearPotion"},{"floor":16.0,"key":"Explosive Potion"},{"floor":17.0,"key":"Fruit Juice"},{"floor":18.0,"key":"Energy Potion"},{"floor":29.0,"key":"PowerPotion"},{"floor":35.0,"key":"SkillPotion"},{"floor":36.0,"key":"PowerPotion"}],"is_trial":false,"path_per_floor":["M","?","M","M","M","R","$","R","T","M","R","E","?","?","R","B",null,"M","M","?","$","M","R","?","R","T","R","?","M","$","?","R","B",null,"M","M","?","B",null],"character_chosen":"IRONCLAD","items_purchased":["Inflame","Flash of Steel","HandDrill"],"campfire_rested":2,"item_purchase_floors":[7,7,21],"current_hp_per_floor":[88,88,88,88,84,84,84,84,84,78,78,76,65,65,88,84,98,84,84,84,84,72,72,72,98,98,98,98,98,98,81,81,10,98,98,98,98,9],"gold":283,"neow_bonus":"TEN_PERCENT_HP_BONUS","is_prod":false,"is_daily":false,"chose_seed":false,"campfire_upgraded":5,"win_rate":0,"timestamp":1553014106,"path_taken":["M","?","M","?","M","R","$","R","T","M","R","E","?","?","R","BOSS","M","?","?","$","M","R","?","R","T","R","?","M","?","?","R","BOSS","M","M","?","BOSS"],"build_version":"2019-01-23","purchased_purges":0,"victory":true,"max_hp_per_floor":[88,88,88,88,88,88,88,88,88,88,88,88,88,88,88,88,98,98,98,98,98,98,98,98,98,98,98,98,98,98,98,98,98,98,98,98,98,98],"card_choices":[{"not_picked":["Clash","Feel No Pain"],"picked":"Flex","floor":1.0},{"not_picked":["Shrug It Off","True Grit"],"picked":"Perfected Strike","floor":3.0},{"not_picked":["Metallicize","Havoc"],"picked":"Ghostly Armor","floor":4.0},{"not_picked":["True Grit","Blood for Blood"],"picked":"Perfected Strike","floor":5.0},{"not_picked":["Havoc","Warcry"],"picked":"Thunderclap","floor":10.0},{"not_picked":["Havoc","Berserk"],"picked":"Offering","floor":12.0},{"not_picked":["Exhume","Dark Embrace"],"picked":"Demon Form","floor":16.0},{"not_picked":["True Grit","Hemokinesis"],"picked":"Perfected Strike","floor":17.0},{"not_picked":["Anger","Evolve+1"],"picked":"Shrug It Off+1","floor":18.0},{"not_picked":["Fire Breathing","Iron Wave+1"],"picked":"Infernal Blade","floor":19.0},{"not_picked":["Corruption","Clash"],"picked":"Perfected Strike+1","floor":22.0},{"not_picked":["Spot Weakness","Warcry+1"],"picked":"Shockwave+1","floor":29.0},{"not_picked":["Warcry+1","Uppercut"],"picked":"Twin Strike+1","floor":31.0},{"not_picked":["Hemokinesis","Iron Wave"],"picked":"Pommel Strike+1","floor":35.0},{"not_picked":["Rampage+1","Warcry+1"],"picked":"Wild Strike","floor":36.0}],"player_experience":324237,"relics_obtained":[{"floor":9.0,"key":"Oddly Smooth Stone"},{"floor":12.0,"key":"Orichalcum"},{"floor":26.0,"key":"Shuriken"},{"floor":31.0,"key":"Girya"},{"floor":31.0,"key":"Sundial"}],"event_choices":[{"damage_healed":0.0,"max_hp_gain":0.0,"max_hp_loss":0.0,"gold_gain":0.0,"event_name":"Purifier","player_choice":"Ignored","floor":2.0,"gold_loss":0.0,"damage_taken":0.0},{"damage_healed":0.0,"max_hp_gain":0.0,"max_hp_loss":0.0,"gold_gain":75.0,"event_name":"World of Goop","player_choice":"Gather Gold","floor":13.0,"gold_loss":0.0,"damage_taken":11.0},{"damage_healed":0.0,"max_hp_gain":0.0,"max_hp_loss":0.0,"gold_gain":0.0,"event_name":"Lab","player_choice":"Got Potions","floor":14.0,"gold_loss":0.0,"damage_taken":0.0},{"damage_healed":0.0,"max_hp_gain":0.0,"max_hp_loss":0.0,"gold_gain":0.0,"event_name":"Drug Dealer","player_choice":"Obtain J.A.X.","floor":20.0,"gold_loss":0.0,"damage_taken":0.0,"cards_obtained":["J.A.X."]},{"damage_healed":0.0,"max_hp_gain":0.0,"max_hp_loss":0.0,"gold_gain":0.0,"event_name":"Back to Basics","player_choice":"Simplicity","floor":24.0,"gold_loss":0.0,"damage_taken":0.0,"cards_upgraded":["Strike_R","Strike_R","Strike_R","Strike_R","Strike_R","Defend_R","Defend_R","Defend_R","Defend_R"]},{"damage_healed":0.0,"max_hp_gain":0.0,"max_hp_loss":0.0,"gold_gain":0.0,"event_name":"Addict","player_choice":"Obtained Relic","floor":28.0,"gold_loss":85.0,"damage_taken":0.0,"relics_obtained":["Dodecahedron"]},{"damage_healed":0.0,"max_hp_gain":0.0,"max_hp_loss":0.0,"gold_gain":0.0,"event_name":"Colosseum","player_choice":"Fight","floor":31.0,"gold_loss":0.0,"damage_taken":0.0},{"damage_healed":0.0,"max_hp_gain":0.0,"max_hp_loss":0.0,"gold_gain":0.0,"event_name":"Colosseum","player_choice":"Fought Nobs","floor":31.0,"gold_loss":0.0,"damage_taken":0.0},{"damage_healed":0.0,"max_hp_gain":0.0,"max_hp_loss":0.0,"gold_gain":0.0,"event_name":"SecretPortal","player_choice":"Took Portal","floor":37.0,"gold_loss":0.0,"damage_taken":0.0}],"is_beta":false,"boss_relics":[{"not_picked":["Velvet Choker","Runic Dome"],"picked":"Tiny House"},{"not_picked":["Coffee Dripper","Lizard Tail"],"picked":"White Beast Statue"}],"items_purged_floors":[],"is_endless":false,"potions_floor_spawned":[4,5,10,16,18,22,29,31,35,36],"ascension_level":0}