{"gold_per_floor":[113,133,83,96,112,139,139,166,166,166,201,29,29,40,40,145,145,163,174,99,119,139,168,186,206,261,287,287,287,43,75,75,173,173,193,112,127,127,144,144,174,174,243,48,63,96,107,121,121,121],"floor_reached":50,"playtime":5251,"items_purged":["Strike_G","Strike_G"],"score":634,"play_id":"34988b6c-e46c-48a5-8200-964eedadc67c","local_time":"20181125144843","is_ascension_mode":false,"campfire_choices":[{"data":"Noxious Fumes","floor":7,"key":"SMITH"},{"data":"Bouncing Flask","floor":10,"key":"SMITH"},{"data":"Backflip","floor":15,"key":"SMITH"},{"data":"Burst","floor":29,"key":"SMITH"},{"floor":32,"key":"REST"},{"data":"Adrenaline","floor":40,"key":"SMITH"},{"data":"Panacea","floor":42,"key":"SMITH"},{"floor":49,"key":"REST"}],"neow_cost":"NONE","seed_source_timestamp":26718410807695,"circlet_count":0,"master_deck":["Defend_G+1","Defend_G","Defend_G","Defend_G","Defend_G","Survivor","Neutralize","Terror+1","Deflect","Noxious Fumes+1","Escape Plan","Backstab","Bouncing Flask+1","Dodge and Roll","Backflip+1","Footwork","Backflip","Burst+1","PiercingWail","Prepared","Deadly Poison","Dash+1","Adrenaline+1","Expertise+1","All Out Attack","Caltrops+1","Deadly Poison","Panacea+1","Night Terror","Well Laid Plans+1","Backflip+1","Deadly Poison","Madness+1","Bouncing Flask+1","Tactician+1","Outmaneuver+1","Backstab+1"],"relics":["Ring of the Snake","Oddly Smooth Stone","WingedGreaves","Smiling Mask","Pear","Matryoshka","Black Star","Frozen Egg 2","Ornamental Fan","Happy Flower","War Paint","Snake Skull","Lantern","Paper Crane","Molten Egg 2","Busted Crown","Gremlin Horn","Meat on the Bone","Toxic Egg 2","Mummified Hand","Centennial Puzzle","Blood Vial"],"potions_floor_usage":[27,33,33,39,41,41,50],"damage_taken":[{"damage":2,"enemies":"Small Slimes","floor":1,"turns":4},{"damage":0,"enemies":"Jaw Worm","floor":2,"turns":4},{"damage":0,"enemies":"2 Louse","floor":4,"turns":3},{"damage":0,"enemies":"Looter","floor":5,"turns":4},{"damage":11,"enemies":"3 Sentries","floor":6,"turns":9},{"damage":15,"enemies":"Gremlin Nob","floor":8,"turns":5},{"damage":8,"enemies":"Lagavulin","floor":11,"turns":5},{"damage":23,"enemies":"Exordium Thugs","floor":14,"turns":6},{"damage":10,"enemies":"The Guardian","floor":16,"turns":8},{"damage":8,"enemies":"Spheric Guardian","floor":18,"turns":4},{"damage":0,"enemies":"Shell Parasite","floor":19,"turns":6},{"damage":3,"enemies":"Centurion and Healer","floor":21,"turns":9},{"damage":0,"enemies":"Snake Plant","floor":22,"turns":6},{"damage":17,"enemies":"Gremlin Leader","floor":23,"turns":7},{"damage":7,"enemies":"3 Cultists","floor":24,"turns":6},{"damage":21,"enemies":"Cultist and Chosen","floor":25,"turns":9},{"damage":0,"enemies":"Book of Stabbing","floor":27,"turns":8},{"damage":32,"enemies":"Slavers","floor":31,"turns":5},{"damage":26,"enemies":"Collector","floor":33,"turns":8},{"damage":17,"enemies":"3 Shapes","floor":35,"turns":5},{"damage":0,"enemies":"3 Darklings","floor":37,"turns":4},{"damage":9,"enemies":"Transient","floor":39,"turns":5},{"damage":10,"enemies":"Reptomancer","floor":41,"turns":7},{"damage":0,"enemies":"4 Shapes","floor":45,"turns":4},{"damage":2,"enemies":"Giant Head","floor":46,"turns":8},{"damage":0,"enemies":"Maw","floor":47,"turns":7},{"damage":0,"enemies":"Spire Growth","floor":48,"turns":3},{"damage":78,"enemies":"Time Eater","floor":50,"turns":12}],"seed_played":"-4110458170711421185","potions_obtained":[{"floor":4,"key":"SpeedPotion"},{"floor":6,"key":"Ancient Potion"},{"floor":8,"key":"PowerPotion"},{"floor":19,"key":"Block Potion"},{"floor":24,"key":"LiquidBronze"},{"floor":27,"key":"EssenceOfSteel"},{"floor":33,"key":"Explosive Potion"},{"floor":35,"key":"Fire Potion"},{"floor":41,"key":"Weak Potion"},{"floor":45,"key":"SteroidPotion"}],"is_trial":false,"path_per_floor":["M","M","?","M","M","E","R","E","T","R","E","$","?","M","R","B",null,"M","M","?","M","M","E","M","M","T","E","?","R","$","E","R","B",null,"M","$","M","?","M","R","E","R","T","$","M","E","M","M","R","B"],"character_chosen":"THE_SILENT","items_purchased":["Backflip","Footwork","Caltrops+1","Deadly Poison","Panacea","Well Laid Plans+1","Madness+1","Bouncing Flask+1","Tactician+1"],"campfire_rested":2,"item_purchase_floors":[12,12,30,30,30,36,44,44,44],"current_hp_per_floor":[68,68,68,68,68,57,57,42,52,52,44,44,70,47,47,37,80,72,72,72,69,69,52,45,24,24,24,50,50,50,18,42,16,80,63,63,63,63,54,54,44,44,44,44,44,42,44,46,70,0],"gold":121,"neow_bonus":"RANDOM_COMMON_RELIC","is_prod":false,"is_daily":false,"chose_seed":false,"campfire_upgraded":6,"win_rate":0.0,"timestamp":1543124923,"path_taken":["M","M","?","M","M","E","R","E","T","R","E","$","?","M","R","BOSS","M","M","?","M","M","E","M","M","T","E","?","R","$","E","R","BOSS","M","$","M","?","M","R","E","R","T","?","M","E","M","M","R","BOSS"],"build_version":"2018-11-15","purchased_purges":2,"victory":false,"max_hp_per_floor":[70,70,70,70,70,70,70,70,80,80,80,80,80,80,80,80,80,80,80,80,80,80,80,80,80,80,80,80,80,80,80,80,80,80,80,80,80,80,80,80,80,80,80,80,80,80,80,80,80,80],"card_choices":[{"not_picked":["Bane","Eviscerate"],"picked":"Terror","floor":1},{"not_picked":["Bane","Underhanded Strike"],"picked":"Deflect","floor":2},{"not_picked":["Envenom","Underhanded Strike"],"picked":"Noxious Fumes","floor":4},{"not_picked":["Dagger Spray","Choke"],"picked":"Escape Plan","floor":5},{"not_picked":["Sucker Punch","Blade Dance"],"picked":"Backstab","floor":6},{"not_picked":["Backflip","Bullet Time"],"picked":"Bouncing Flask","floor":8},{"not_picked":["Predator","Flying Knee"],"picked":"Dodge and Roll","floor":11},{"not_picked":["Masterful Stab","Calculated Gamble"],"picked":"Backflip","floor":14},{"not_picked":["Doppelganger","Tools of the Trade"],"picked":"Burst","floor":16},{"not_picked":["Blade Dance","Dodge and Roll"],"picked":"PiercingWail","floor":18},{"not_picked":["Choke","Dagger Throw","Finisher"],"picked":"SKIP","floor":19},{"not_picked":["Underhanded Strike","Dagger Spray"],"picked":"Prepared","floor":21},{"not_picked":["Poisoned Stab","Dagger Spray"],"picked":"Deadly Poison","floor":22},{"not_picked":["Slice+1","Outmaneuver"],"picked":"Dash+1","floor":23},{"not_picked":["Outmaneuver+1","Deadly Poison"],"picked":"Adrenaline","floor":24},{"not_picked":["Flying Knee","Prepared"],"picked":"Expertise+1","floor":25},{"not_picked":["Slice","Dagger Throw"],"picked":"All Out Attack","floor":27},{"not_picked":["Die Die Die","Dagger Spray","Sucker Punch"],"picked":"SKIP","floor":31},{"not_picked":["Wraith Form v2+1","Envenom+1"],"picked":"Night Terror","floor":33},{"not_picked":["Backflip"],"picked":"SKIP","floor":35},{"not_picked":["Slice+1"],"picked":"SKIP","floor":37},{"not_picked":[],"picked":"Backflip+1","floor":39},{"not_picked":[],"picked":"Deadly Poison","floor":41},{"not_picked":["Finisher+1"],"picked":"SKIP","floor":45},{"not_picked":[],"picked":"Outmaneuver+1","floor":46},{"not_picked":["Sucker Punch+1"],"picked":"SKIP","floor":47},{"not_picked":[],"picked":"Backstab+1","floor":48}],"player_experience":62899,"relics_obtained":[{"floor":6,"key":"WingedGreaves"},{"floor":8,"key":"Smiling Mask"},{"floor":9,"key":"Pear"},{"floor":11,"key":"Matryoshka"},{"floor":23,"key":"Frozen Egg 2"},{"floor":23,"key":"Ornamental Fan"},{"floor":26,"key":"Happy Flower"},{"floor":26,"key":"War Paint"},{"floor":27,"key":"Snake Skull"},{"floor":27,"key":"Lantern"},{"floor":31,"key":"Paper Crane"},{"floor":31,"key":"Molten Egg 2"},{"floor":41,"key":"Gremlin Horn"},{"floor":41,"key":"Meat on the Bone"},{"floor":43,"key":"Toxic Egg 2"},{"floor":43,"key":"Mummified Hand"},{"floor":46,"key":"Centennial Puzzle"},{"floor":46,"key":"Blood Vial"}],"event_choices":[{"cards_removed":["Strike_G"],"damage_healed":0,"gold_gain":0,"player_choice":"Card Removal","damage_taken":0,"max_hp_gain":0,"max_hp_loss":0,"event_name":"The Cleric","floor":3,"gold_loss":50},{"damage_healed":26,"gold_gain":0,"player_choice":"Banana","damage_taken":0,"max_hp_gain":0,"max_hp_loss":0,"event_name":"Big Fish","floor":13,"gold_loss":0},{"cards_removed":["Strike_G"],"damage_healed":0,"gold_gain":0,"player_choice":"Gave Gold","damage_taken":0,"max_hp_gain":0,"max_hp_loss":0,"event_name":"Beggar","floor":20,"gold_loss":75},{"damage_healed":26,"gold_gain":0,"player_choice":"Heal","damage_taken":0,"max_hp_gain":0,"max_hp_loss":0,"event_name":"The Library","floor":28,"gold_loss":0},{"cards_removed":["Strike_G"],"damage_healed":0,"gold_gain":0,"player_choice":"Purged","damage_taken":0,"max_hp_gain":0,"max_hp_loss":0,"event_name":"Purifier","floor":38,"gold_loss":0}],"is_beta":false,"boss_relics":[{"not_picked":["Eternal Feather","Sozu"],"picked":"Black Star"},{"not_picked":["Coffee Dripper","Runic Dome"],"picked":"Busted Crown"}],"items_purged_floors":[12,30],"is_endless":false,"potions_floor_spawned":[4,6,8,16,19,24,27,33,35,37,41,45],"killed_by":"Time Eater","ascension_level":0}