{"gold_per_floor":[119,27,42,42,42,70,81,81,106,117,73,87,99,109,109,209,209,223,243,243,168,178,207,207],"floor_reached":24,"playtime":2095,"items_purged":[],"score":270,"play_id":"3474fe0d-211f-44bc-aded-56ebca3075f0","local_time":"20181122211737","is_ascension_mode":false,"campfire_choices":[{"data":"Defend_B","floor":8,"key":"SMITH"},{"floor":15,"key":"REST"}],"neow_cost":"NONE","seed_source_timestamp":39621142393097,"circlet_count":0,"master_deck":["Strike_B+1","Strike_B+1","Strike_B+1","Strike_B+1","Defend_B+1","Defend_B+1","Defend_B+1","Defend_B+1","Zap","BootSequence","Purity+1","Defragment+1","Gash","Cold Snap","FTL","Cold Snap","Loop","Amplify","White Noise","Heatsinks","Loop","Conserve Battery","Defragment","Storm","Gash","Cold Snap"],"relics":["Cracked Core","Strawberry","Whetstone","Orrery","Shuriken"],"potions_floor_usage":[16,19,23],"damage_taken":[{"damage":6,"enemies":"Jaw Worm","floor":1,"turns":4},{"damage":0,"enemies":"2 Louse","floor":3,"turns":4},{"damage":16,"enemies":"Lagavulin","floor":6,"turns":6},{"damage":0,"enemies":"Small Slimes","floor":7,"turns":4},{"damage":12,"enemies":"Blue Slaver","floor":10,"turns":4},{"damage":9,"enemies":"Lots of Slimes","floor":12,"turns":6},{"damage":0,"enemies":"Large Slime","floor":13,"turns":6},{"damage":0,"enemies":"3 Louse","floor":14,"turns":4},{"damage":0,"enemies":"The Guardian","floor":16,"turns":14},{"damage":14,"enemies":"3 Byrds","floor":18,"turns":6},{"damage":5,"enemies":"Spheric Guardian","floor":19,"turns":6},{"damage":11,"enemies":"Chosen and Byrds","floor":22,"turns":6},{"damage":26,"enemies":"Gremlin Leader","floor":23,"turns":8},{"damage":28,"enemies":"3 Cultists","floor":24,"turns":4}],"seed_played":"7513592321740836415","potions_obtained":[{"floor":6,"key":"Energy Potion"},{"floor":10,"key":"LiquidBronze"},{"floor":13,"key":"Explosive Potion"},{"floor":14,"key":"FocusPotion"},{"floor":16,"key":"Block Potion"},{"floor":23,"key":"SneckoOil"}],"is_trial":false,"path_per_floor":["M","$","M","?","?","E","M","R","T","M","?","M","M","M","R","B",null,"M","M","?","?","M","E","M"],"character_chosen":"DEFECT","items_purchased":["Purity"],"campfire_rested":1,"item_purchase_floors":[2],"current_hp_per_floor":[69,69,69,69,54,45,45,45,45,33,33,24,24,24,48,48,82,68,63,63,63,52,26,0],"gold":207,"neow_bonus":"UPGRADE_CARD","is_prod":false,"is_daily":false,"chose_seed":false,"campfire_upgraded":1,"win_rate":0.0,"timestamp":1542889057,"path_taken":["M","$","M","?","?","E","M","R","T","M","?","M","M","M","R","BOSS","M","M","?","?","M","E","M"],"build_version":"2018-11-15","purchased_purges":0,"victory":false,"max_hp_per_floor":[75,75,75,75,75,82,82,82,82,82,82,82,82,82,82,82,82,82,82,82,82,82,82,82],"card_choices":[{"not_picked":["Ball Lightning","Sweeping Beam"],"picked":"BootSequence","floor":1},{"not_picked":["Reinforced Body","Darkness"],"picked":"Defragment","floor":3},{"not_picked":["Redo","All For One","Compile Driver"],"picked":"SKIP","floor":6},{"not_picked":["Doom and Gloom","Hologram"],"picked":"Gash","floor":7},{"not_picked":["Sweeping Beam","Fission"],"picked":"Cold Snap","floor":10},{"not_picked":["Hologram","Rebound"],"picked":"FTL","floor":12},{"not_picked":["Steam","Darkness"],"picked":"Cold Snap","floor":13},{"not_picked":["Coolheaded","Scrape"],"picked":"Loop","floor":14},{"not_picked":["Fission","All For One"],"picked":"Amplify","floor":16},{"not_picked":["Auto Shields","Redo"],"picked":"White Noise","floor":17},{"not_picked":["Rebound","Skim"],"picked":"Heatsinks","floor":17},{"not_picked":["Genetic Algorithm","Beam Cell"],"picked":"Loop","floor":17},{"not_picked":["Ball Lightning","Beam Cell"],"picked":"Conserve Battery","floor":17},{"not_picked":["Sweeping Beam+1","Creative AI"],"picked":"Defragment","floor":18},{"not_picked":["Redo","Compile Driver"],"picked":"Storm","floor":19},{"not_picked":["Redo+1","Rebound"],"picked":"Gash","floor":22},{"not_picked":["Streamline","Rebound"],"picked":"Cold Snap","floor":23}],"player_experience":23954,"relics_obtained":[{"floor":6,"key":"Strawberry"},{"floor":9,"key":"Whetstone"},{"floor":23,"key":"Shuriken"}],"event_choices":[{"damage_healed":0,"gold_gain":0,"player_choice":"Ignored","damage_taken":0,"max_hp_gain":0,"max_hp_loss":0,"event_name":"Liars Game","floor":4,"gold_loss":0},{"damage_healed":0,"gold_gain":0,"player_choice":"Entered Light","damage_taken":15,"max_hp_gain":0,"max_hp_loss":0,"event_name":"Shining Light","floor":5,"gold_loss":0,"cards_upgraded":["Purity","Defragment"]},{"damage_healed":0,"gold_gain":0,"player_choice":"Left Gold","damage_taken":0,"max_hp_gain":0,"max_hp_loss":0,"event_name":"World of Goop","floor":11,"gold_loss":44},{"damage_healed":0,"gold_gain":0,"player_choice":"Simplicity","damage_taken":0,"max_hp_gain":0,"max_hp_loss":0,"event_name":"Back to Basics","floor":20,"gold_loss":0,"cards_upgraded":["Strike_B","Strike_B","Defend_B","Defend_B"]},{"cards_removed":["Dualcast"],"damage_healed":0,"gold_gain":0,"player_choice":"Gave Gold","damage_taken":0,"max_hp_gain":0,"max_hp_loss":0,"event_name":"Beggar","floor":21,"gold_loss":75}],"is_beta":false,"boss_relics":[{"not_picked":["FrozenCore","Runic Dome"],"picked":"Orrery"}],"items_purged_floors":[],"is_endless":false,"potions_floor_spawned":[6,10,13,14,16,23],"killed_by":"3 Cultists","ascension_level":0}