{"gold_per_floor":[115,115,127,197,150,150,163,183,209,221,10,21,35,69,69,169,169,180,180,191,191,191,191,203,203,257,274,289,289,299,154,154,259,259,269,285,285,385,397,425,223,236,236,236,250,119,119,130,130,130],"floor_reached":50,"playtime":2704,"items_purged":[],"score":576,"play_id":"889e12c7-b21f-4dd1-bc45-f8063c4fc63c","local_time":"20181101234125","is_ascension_mode":false,"campfire_choices":[{"data":"Pommel Strike","floor":6,"key":"SMITH"},{"data":"Flex","floor":10,"key":"SMITH"},{"floor":15,"key":"REST"},{"data":"Perfected Strike","floor":23,"key":"SMITH"},{"data":"Rage","floor":29,"key":"SMITH"},{"floor":32,"key":"REST"},{"floor":44,"key":"REST"},{"floor":47,"key":"REST"},{"floor":49,"key":"REST"}],"neow_cost":"","seed_source_timestamp":76601891858806,"circlet_count":0,"master_deck":["Strike_R","Strike_R","Strike_R","Strike_R","Strike_R","Defend_R","Defend_R","Defend_R","Defend_R","Bash","Pommel Strike+1","Twin Strike","Headbutt","Twin Strike","Flex+1","Flex","Perfected Strike+1","Iron Wave+1","Cleave","Perfected Strike+1","Offering","Iron Wave","Cleave+1","Sword Boomerang","RitualDagger+1","Twin Strike","Rage+1","Flex+1","Feed","Rage","Dual Wield","Magnetism+1","Swift Strike","Pommel Strike","Inflame+1","Twin Strike","Pommel Strike+1","Perfected Strike+1"],"relics":["Burning Blood","Frozen Egg 2","MawBank","Lantern","Kunai","Sozu","Question Card","Regal Pillow","Vajra","Black Star","Darkstone Periapt","Mummified Hand","Whetstone","Molten Egg 2","Oddly Smooth Stone"],"potions_floor_usage":[13,13,18],"damage_taken":[{"damage":6,"enemies":"Cultist","floor":1,"turns":3},{"damage":8,"enemies":"Jaw Worm","floor":3,"turns":3},{"damage":7,"enemies":"2 Louse","floor":7,"turns":2},{"damage":18,"enemies":"Lots of Slimes","floor":8,"turns":4},{"damage":0,"enemies":"Looter","floor":12,"turns":1},{"damage":0,"enemies":"Blue Slaver","floor":13,"turns":2},{"damage":18,"enemies":"3 Sentries","floor":14,"turns":4},{"damage":50,"enemies":"The Guardian","floor":16,"turns":7},{"damage":0,"enemies":"Spheric Guardian","floor":18,"turns":1},{"damage":10,"enemies":"2 Thieves","floor":20,"turns":2},{"damage":4,"enemies":"Colosseum Slavers","floor":21,"turns":4},{"damage":2,"enemies":"Snecko","floor":24,"turns":3},{"damage":11,"enemies":"Sentry and Sphere","floor":27,"turns":4},{"damage":4,"enemies":"Cultist and Chosen","floor":28,"turns":3},{"damage":14,"enemies":"Shelled Parasite and Fungi","floor":30,"turns":3},{"damage":40,"enemies":"Champ","floor":33,"turns":9},{"damage":6,"enemies":"3 Shapes","floor":35,"turns":2},{"damage":16,"enemies":"3 Darklings","floor":36,"turns":4},{"damage":12,"enemies":"Jaw Worm Horde","floor":39,"turns":3},{"damage":52,"enemies":"Giant Head","floor":40,"turns":6},{"damage":30,"enemies":"Maw","floor":42,"turns":5},{"damage":34,"enemies":"Writhing Mass","floor":45,"turns":4},{"damage":22,"enemies":"Jaw Worm Horde","floor":48,"turns":4},{"damage":83,"enemies":"Awakened One","floor":50,"turns":8}],"seed_played":"8924716230291968712","potions_obtained":[{"floor":3,"key":"FairyPotion"},{"floor":8,"key":"SkillPotion"},{"floor":12,"key":"SneckoOil"},{"floor":16,"key":"SneckoOil"}],"is_trial":false,"path_per_floor":["M","?","M","T","$","R","M","M","T","R","$","M","M","E","R","B",null,"M","?","M","?","T","R","M","?","T","M","M","R","M","$","R","B",null,"M","M","?","?","M","E","$","M","T","R","M","?","R","M","R","B"],"character_chosen":"IRONCLAD","items_purchased":["Headbutt","Flex","Perfected Strike","Lantern","Vajra","Whetstone","Twin Strike"],"campfire_rested":5,"item_purchase_floors":[5,11,11,11,31,41,41],"current_hp_per_floor":[80,80,78,78,78,78,77,65,65,65,65,71,77,65,80,36,80,80,80,76,78,78,78,80,74,74,69,71,71,63,63,80,46,80,80,70,65,65,62,16,16,14,14,53,25,25,64,48,83,0],"gold":130,"neow_bonus":"","is_prod":false,"is_daily":false,"chose_seed":false,"campfire_upgraded":4,"win_rate":0.0,"timestamp":1541112085,"path_taken":["M","?","M","?","?","R","M","?","T","R","?","M","M","E","R","BOSS","M","?","?","?","?","R","M","?","T","M","M","R","M","?","R","BOSS","M","M","?","?","M","E","$","M","T","R","?","?","R","M","R","BOSS"],"build_version":"2018-10-31v2","purchased_purges":0,"victory":false,"max_hp_per_floor":[80,80,80,80,80,80,80,80,80,80,80,80,80,80,80,80,80,80,80,80,80,80,80,80,80,80,80,80,80,80,80,80,80,80,80,80,80,80,83,83,83,83,83,83,83,83,83,83,83,83],"card_choices":[{"not_picked":["Clash","Thunderclap"],"picked":"Pommel Strike","floor":1},{"not_picked":["Warcry","Clash"],"picked":"Twin Strike","floor":3},{"not_picked":["Armaments","Pummel"],"picked":"Twin Strike","floor":7},{"not_picked":["Intimidate","Sword Boomerang"],"picked":"Flex","floor":8},{"not_picked":["Dropkick","Clothesline"],"picked":"Iron Wave","floor":12},{"not_picked":["Entrench","Metallicize+1"],"picked":"Cleave","floor":13},{"not_picked":["True Grit","Entrench"],"picked":"Perfected Strike","floor":14},{"not_picked":["Berserk+1","Reaper"],"picked":"Offering","floor":16},{"not_picked":["Battle Trance","Second Wind"],"picked":"Iron Wave","floor":18},{"not_picked":["Body Slam","Dropkick"],"picked":"Cleave+1","floor":20},{"not_picked":["Headbutt","Combust+1","Shockwave"],"picked":"Sword Boomerang","floor":24},{"not_picked":["Flex","Whirlwind","Armaments"],"picked":"Twin Strike","floor":27},{"not_picked":["Iron Wave","Rupture+1","True Grit"],"picked":"Rage","floor":28},{"not_picked":["True Grit","Sever Soul","Dropkick"],"picked":"Flex+1","floor":30},{"not_picked":["Barricade+1","Brutality+1","Reaper"],"picked":"Feed","floor":33},{"not_picked":["Headbutt+1","Intimidate+1","Whirlwind"],"picked":"Rage","floor":35},{"not_picked":["Shockwave+1","Warcry","Sword Boomerang"],"picked":"Dual Wield","floor":36},{"not_picked":["Dramatic Entrance","Flash of Steel","The Bomb"],"picked":"Magnetism+1","floor":37},{"not_picked":["Deep Breath","Blind","Good Instincts"],"picked":"Swift Strike","floor":37},{"not_picked":["Clash","Metallicize+1","Thunderclap"],"picked":"Pommel Strike","floor":39},{"not_picked":["Metallicize+1","Double Tap","Reaper"],"picked":"Inflame+1","floor":40},{"not_picked":["Bloodletting+1","Sever Soul","Iron Wave+1"],"picked":"Pommel Strike+1","floor":42},{"not_picked":["Clash+1","True Grit+1","Reckless Charge+1","Dropkick+1"],"picked":"SKIP","floor":45},{"not_picked":["Iron Wave+1","Pommel Strike+1","Reckless Charge+1"],"picked":"Perfected Strike+1","floor":48}],"player_experience":0,"relics_obtained":[{"floor":4,"key":"Frozen Egg 2"},{"floor":9,"key":"MawBank"},{"floor":14,"key":"Kunai"},{"floor":22,"key":"Question Card"},{"floor":26,"key":"Regal Pillow"},{"floor":40,"key":"Darkstone Periapt"},{"floor":40,"key":"Mummified Hand"},{"floor":43,"key":"Molten Egg 2"}],"event_choices":[{"damage_healed":0,"gold_gain":0,"player_choice":"Leave","damage_taken":0,"max_hp_gain":0,"max_hp_loss":0,"event_name":"The Cleric","floor":2,"gold_loss":0},{"damage_healed":0,"gold_gain":0,"player_choice":"Upgraded","damage_taken":0,"max_hp_gain":0,"max_hp_loss":0,"event_name":"Upgrade Shrine","floor":19,"gold_loss":0,"cards_upgraded":["Perfected Strike"]},{"damage_healed":0,"gold_gain":0,"player_choice":"Fight","damage_taken":0,"max_hp_gain":0,"max_hp_loss":0,"event_name":"Colosseum","floor":21,"gold_loss":0},{"damage_healed":0,"gold_gain":0,"player_choice":"Fled From Nobs","damage_taken":0,"max_hp_gain":0,"max_hp_loss":0,"event_name":"Colosseum","floor":21,"gold_loss":0},{"damage_healed":0,"gold_gain":0,"player_choice":"Joined the Cult","damage_taken":6,"max_hp_gain":0,"max_hp_loss":0,"event_name":"Nest","floor":25,"gold_loss":0,"cards_obtained":["RitualDagger"]},{"damage_healed":0,"gold_gain":0,"player_choice":"Memory 2","damage_taken":5,"max_hp_gain":0,"max_hp_loss":0,"event_name":"SensoryStone","floor":37,"gold_loss":0},{"damage_healed":0,"gold_gain":100,"player_choice":"Pray","damage_taken":0,"max_hp_gain":0,"max_hp_loss":0,"event_name":"Golden Shrine","floor":38,"gold_loss":0},{"damage_healed":0,"gold_gain":0,"player_choice":"Paid Gold","damage_taken":0,"relics_obtained":["Oddly Smooth Stone"],"max_hp_gain":0,"max_hp_loss":0,"event_name":"WeMeetAgain","floor":46,"gold_loss":131}],"is_beta":true,"boss_relics":[{"not_picked":["Runic Pyramid","Orrery"],"picked":"Sozu"},{"not_picked":["Eternal Feather","Runic Dome"],"picked":"Black Star"}],"items_purged_floors":[],"is_endless":false,"potions_floor_spawned":[3,8,12,16,18,27,28,36,42,48],"killed_by":"Awakened One","ascension_level":0}