{"gold_per_floor":[111,111,127,141,141,141,69,129,129,147,197,30,41,111,111,212,262,281,240,290,340,390,415,415,433,433,445,518,535,548,292,292,394,394,411,461,1510,383,394,412,412,462,462,529,579,629,629,641,641,641],"floor_reached":50,"playtime":2834,"items_purged":["Normality"],"score":554,"play_id":"a9accb33-2c17-497b-a7f8-7dfb3f36910b","local_time":"20190322001633","is_ascension_mode":false,"campfire_choices":[{"data":"Doppelganger","floor":6,"key":"SMITH"},{"floor":15,"key":"REST"},{"floor":24,"key":"REST"},{"floor":32,"key":"REST"},{"floor":41,"key":"REST"},{"floor":47,"key":"REST"},{"floor":49,"key":"REST"}],"neow_cost":"NONE","seed_source_timestamp":169297087734433,"circlet_count":0,"master_deck":["Defend_G+1","Defend_G","Defend_G","Defend_G+1","Defend_G","Strike_G","Strike_G","Strike_G+1","Strike_G","Survivor","Neutralize+1","Doppelganger+1","Acrobatics","Underhanded Strike","Caltrops","Eviscerate","Skewer","Reflex","Dagger Throw","Calculated Gamble","Adrenaline","Acrobatics+1","Quick Slash","Tactician","Backstab","Calculated Gamble","Flying Knee","Flying Knee","Quick Slash+1","Adrenaline","Reflex","Normality","Bullet Time","Secret Weapon","Prepared+1","Acrobatics"],"relics":["Ring of the Snake","SsserpentHead","Paper Crane","Tiny Chest","Tiny House","Tingsha","Girya","Matryoshka","Art of War","Whetstone","War Paint","Bag of Preparation","Toy Ornithopter","Letter Opener","HandDrill","Ninja Scroll","Question Card","Bag of Marbles","Ornamental Fan"],"potions_floor_usage":[16,18,23,23,27,33,33,40,40,50,50],"damage_taken":[{"damage":0,"enemies":"2 Louse","floor":1,"turns":3},{"damage":4,"enemies":"Jaw Worm","floor":3,"turns":5},{"damage":0,"enemies":"Cultist","floor":4,"turns":3},{"damage":11,"enemies":"Exordium Wildlife","floor":8,"turns":6},{"damage":3,"enemies":"Lots of Slimes","floor":10,"turns":5},{"damage":0,"enemies":"Looter","floor":13,"turns":4},{"damage":8,"enemies":"Exordium Thugs","floor":14,"turns":3},{"damage":56,"enemies":"The Guardian","floor":16,"turns":14},{"damage":0,"enemies":"Spheric Guardian","floor":18,"turns":1},{"damage":40,"enemies":"Book of Stabbing","floor":23,"turns":6},{"damage":15,"enemies":"Shell Parasite","floor":25,"turns":5},{"damage":0,"enemies":"Sentry and Sphere","floor":27,"turns":3},{"damage":1,"enemies":"Cultist and Chosen","floor":29,"turns":4},{"damage":2,"enemies":"Snake Plant","floor":30,"turns":3},{"damage":46,"enemies":"Collector","floor":33,"turns":10},{"damage":1,"enemies":"Orb Walker","floor":35,"turns":3},{"damage":3,"enemies":"3 Shapes","floor":39,"turns":4},{"damage":59,"enemies":"Transient","floor":40,"turns":5},{"damage":0,"enemies":"4 Shapes","floor":44,"turns":1},{"damage":18,"enemies":"Maw","floor":48,"turns":8},{"damage":90,"enemies":"Donu and Deca","floor":50,"turns":5}],"seed_played":"7293858226070047079","potions_obtained":[{"floor":1,"key":"Strength Potion"},{"floor":4,"key":"Regen Potion"},{"floor":8,"key":"SteroidPotion"},{"floor":13,"key":"Weak Potion"},{"floor":17,"key":"Explosive Potion"},{"floor":18,"key":"Swift Potion"},{"floor":27,"key":"Ancient Potion"},{"floor":29,"key":"SteroidPotion"},{"floor":33,"key":"EssenceOfSteel"},{"floor":35,"key":"SkillPotion"},{"floor":44,"key":"Fire Potion"}],"is_trial":false,"path_per_floor":["M","?","M","M","?","R","$","M","T","M","?","$","M","M","R","B",null,"M","$","?","T","T","E","R","M","T","M","T","M","M","$","R","B",null,"M","?","?","$","M","M","R","T","T","M","?","T","R","M","R","B"],"character_chosen":"THE_SILENT","items_purchased":["Eviscerate","Dagger Throw","Tiny Chest","Tactician","Strength Potion","Toy Ornithopter","Letter Opener","HandDrill","Bullet Time","Ninja Scroll","Secret Weapon"],"campfire_rested":6,"item_purchase_floors":[7,12,12,19,31,31,38,38,38,38,38],"current_hp_per_floor":[70,70,66,66,66,66,66,55,55,52,52,52,52,44,65,9,75,75,75,75,75,75,35,57,42,42,42,42,41,39,39,61,25,75,74,74,74,74,71,22,44,44,44,44,44,44,66,48,70,0],"gold":641,"neow_bonus":"ONE_RANDOM_RARE_CARD","is_prod":false,"is_daily":false,"chose_seed":false,"campfire_upgraded":1,"win_rate":0.0,"timestamp":1553210193,"path_taken":["M","?","M","M","?","R","$","?","T","M","?","$","M","?","R","BOSS","M","$","?","?","?","E","R","M","T","M","?","M","M","$","R","BOSS","M","?","?","$","M","M","R","?","T","?","?","?","R","M","R","BOSS"],"build_version":"2019-01-23","purchased_purges":1,"victory":false,"max_hp_per_floor":[70,70,70,70,70,70,70,70,70,70,70,70,70,70,70,70,75,75,75,75,75,75,75,75,75,75,75,75,75,75,75,75,75,75,75,75,75,75,75,75,75,75,75,75,75,75,75,75,75,75],"card_choices":[{"not_picked":["Accuracy","Crippling Poison"],"picked":"Acrobatics","floor":1},{"not_picked":["Cloak And Dagger","Deflect"],"picked":"Underhanded Strike","floor":3},{"not_picked":["Dagger Spray","Finisher"],"picked":"Caltrops","floor":4},{"not_picked":["Endless Agony","Well Laid Plans"],"picked":"Skewer","floor":8},{"not_picked":["Prepared","Unload"],"picked":"Reflex","floor":10},{"not_picked":["Bane","Dagger Throw"],"picked":"Calculated Gamble","floor":13},{"not_picked":["Noxious Fumes","Sucker Punch","Blade Dance"],"picked":"SKIP","floor":14},{"not_picked":["Venomology","Night Terror"],"picked":"Adrenaline","floor":16},{"not_picked":["Flechettes","Blur"],"picked":"Acrobatics","floor":17},{"not_picked":["Infinite Blades","Bane"],"picked":"Quick Slash","floor":18},{"not_picked":["Catalyst","A Thousand Cuts"],"picked":"Backstab","floor":23},{"not_picked":["Accuracy","Poisoned Stab"],"picked":"Calculated Gamble","floor":25},{"not_picked":["Noxious Fumes","Underhanded Strike"],"picked":"Flying Knee","floor":27},{"not_picked":["Blade Dance+1","Acrobatics"],"picked":"Flying Knee","floor":29},{"not_picked":["Sucker Punch+1","Infinite Blades+1"],"picked":"Quick Slash+1","floor":30},{"not_picked":["Wraith Form v2","Storm of Steel"],"picked":"Adrenaline","floor":33},{"not_picked":["PiercingWail+1","Cloak And Dagger+1"],"picked":"Reflex","floor":35},{"not_picked":["Expertise+1","Distraction","Bane"],"picked":"SKIP","floor":39},{"not_picked":["Slice","Blade Dance"],"picked":"Prepared+1","floor":40},{"not_picked":["Riddle With Holes+1","Unload","Noxious Fumes"],"picked":"Acrobatics","floor":44},{"not_picked":["Deflect","Bane","Expertise+1","Dagger Throw"],"picked":"SKIP","floor":48}],"player_experience":363594,"relics_obtained":[{"floor":9,"key":"Paper Crane"},{"floor":21,"key":"Tingsha"},{"floor":22,"key":"Girya"},{"floor":23,"key":"Matryoshka"},{"floor":26,"key":"Art of War"},{"floor":26,"key":"Whetstone"},{"floor":28,"key":"War Paint"},{"floor":28,"key":"Bag of Preparation"},{"floor":42,"key":"Question Card"},{"floor":43,"key":"Bag of Marbles"},{"floor":46,"key":"Ornamental Fan"}],"event_choices":[{"damage_healed":0,"gold_gain":0,"player_choice":"Leave","damage_taken":0,"max_hp_gain":0,"max_hp_loss":0,"event_name":"The Cleric","floor":2,"gold_loss":0},{"damage_healed":0,"gold_gain":0,"player_choice":"Trade","damage_taken":0,"relics_obtained":["SsserpentHead"],"max_hp_gain":0,"max_hp_loss":0,"event_name":"FaceTrader","floor":5,"gold_loss":0},{"damage_healed":0,"gold_gain":0,"player_choice":"Ignored","damage_taken":0,"max_hp_gain":0,"max_hp_loss":0,"event_name":"Purifier","floor":11,"gold_loss":0},{"damage_healed":0,"gold_gain":0,"player_choice":"Ignored","damage_taken":0,"max_hp_gain":0,"max_hp_loss":0,"event_name":"Vampires","floor":20,"gold_loss":0},{"damage_healed":0,"gold_gain":0,"player_choice":"Ignored","damage_taken":0,"max_hp_gain":0,"max_hp_loss":0,"event_name":"Mysterious Sphere","floor":36,"gold_loss":0},{"damage_healed":0,"gold_gain":999,"player_choice":"Gold","damage_taken":0,"max_hp_gain":0,"max_hp_loss":0,"event_name":"MindBloom","floor":37,"gold_loss":0,"cards_obtained":["Normality","Normality"]},{"cards_removed":["Strike_G"],"damage_healed":0,"gold_gain":0,"player_choice":"Removed Attack","damage_taken":0,"max_hp_gain":0,"max_hp_loss":0,"event_name":"Falling","floor":45,"gold_loss":0}],"is_beta":false,"boss_relics":[{"not_picked":["HoveringKite","Empty Cage"],"picked":"Tiny House"},{"not_picked":["Runic Dome","Pandora\u0027s Box","WristBlade"]}],"items_purged_floors":[38],"is_endless":false,"potions_floor_spawned":[1,4,8,13,14,18,27,29,33,35,44],"killed_by":"Donu and Deca","ascension_level":0}