{"gold_per_floor":[110,285,301,15,15,44,44,56,138,138,138,30,30,44,44,44],"floor_reached":16,"playtime":437,"items_purged":["Doubt"],"score":152,"play_id":"0f952cbf-673c-4062-92f1-ba5c93b604b2","local_time":"20190323230301","is_ascension_mode":true,"campfire_choices":[{"data":"Bash","floor":7,"key":"SMITH"},{"data":"Pommel Strike","floor":10,"key":"SMITH"},{"data":"Cleave","floor":13,"key":"SMITH"},{"data":"Rampage","floor":15,"key":"SMITH"}],"neow_cost":"NONE","seed_source_timestamp":24188510557859,"circlet_count":0,"master_deck":["AscendersBane","Strike_R","Strike_R","Strike_R","Strike_R","Strike_R","Defend_R","Defend_R","Defend_R","Defend_R","Bash+1","Madness","Warcry","Pommel Strike+1","Cleave+1","Rampage+1"],"special_seed":0,"relics":["Burning Blood","Shuriken","Strawberry","Mummified Hand","Magic Flower"],"potions_floor_usage":[16],"damage_taken":[{"damage":5,"enemies":"Small Slimes","floor":1,"turns":3},{"damage":1,"enemies":"Cultist","floor":3,"turns":3},{"damage":35,"enemies":"Gremlin Nob","floor":6,"turns":5},{"damage":14,"enemies":"Jaw Worm","floor":8,"turns":4},{"damage":0,"enemies":"2 Fungi Beasts","floor":14,"turns":3},{"damage":59,"enemies":"The Guardian","floor":16,"turns":5}],"seed_played":"-8003154523395362475","potions_obtained":[{"floor":14,"key":"Swift Potion"}],"is_trial":false,"path_per_floor":["M","?","M","$","?","E","R","M","T","R","?","$","R","M","R","B"],"character_chosen":"IRONCLAD","items_purchased":["Shuriken","Warcry","Rampage"],"campfire_rested":0,"item_purchase_floors":[4,4,12],"current_hp_per_floor":[73,73,78,78,78,56,56,48,48,48,48,48,48,57,57,0],"gold":44,"neow_bonus":"RANDOM_COLORLESS","is_prod":false,"is_daily":false,"chose_seed":false,"campfire_upgraded":4,"win_rate":0,"timestamp":1553349781,"path_taken":["M","?","M","$","?","E","R","M","T","R","?","$","R","?","R","BOSS"],"build_version":"2019-01-23","purchased_purges":1,"victory":false,"max_hp_per_floor":[80,80,80,80,80,87,87,87,87,87,87,87,87,87,87,87],"card_choices":[{"not_picked":["Body Slam","Havoc","Corruption"],"picked":"SKIP","floor":1},{"not_picked":["Pummel","Perfected Strike"],"picked":"Anger","floor":3},{"not_picked":["Wild Strike","Clash"],"picked":"Pommel Strike","floor":6},{"not_picked":["Perfected Strike","Clash"],"picked":"Cleave","floor":8},{"not_picked":["Inflame","Flex","Heavy Blade"],"picked":"SKIP","floor":14}],"player_experience":379792,"relics_obtained":[{"floor":6,"key":"Strawberry"},{"floor":9,"key":"Mummified Hand"}],"event_choices":[{"damage_healed":0,"gold_gain":175,"player_choice":"AGREE","damage_taken":0,"max_hp_gain":0,"max_hp_loss":0,"event_name":"Liars Game","floor":2,"gold_loss":0,"cards_obtained":["Doubt"]},{"damage_healed":0,"gold_gain":0,"player_choice":"Leave","damage_taken":0,"max_hp_gain":0,"max_hp_loss":0,"event_name":"The Cleric","floor":5,"gold_loss":0},{"cards_removed":["Anger"],"damage_healed":0,"gold_gain":0,"player_choice":"Gave Card","damage_taken":0,"relics_obtained":["Magic Flower"],"max_hp_gain":0,"max_hp_loss":0,"event_name":"WeMeetAgain","floor":11,"gold_loss":0}],"is_beta":false,"boss_relics":[],"items_purged_floors":[12],"is_endless":false,"potions_floor_spawned":[14],"killed_by":"The Guardian","ascension_level":11}