{"gold_per_floor":[363,3,13,13,25,55,66,100,100,100,100,110,137,167,167,267,267,285,63,81,81,12,12,40,40,40,58,0,0,0,0,0,0],"floor_reached":33,"playtime":1145,"items_purged":["Strike_R","Strike_R"],"score":436,"play_id":"7a01b9a3-8765-4994-888d-9bddeed77f3b","local_time":"20190323232554","is_ascension_mode":true,"campfire_choices":[{"data":"Flex","floor":10.0,"key":"SMITH"},{"floor":11.0,"key":"REST"},{"data":"Dropkick","floor":15.0,"key":"SMITH"},{"data":"Offering","floor":23.0,"key":"SMITH"},{"data":"Trip","floor":25.0,"key":"SMITH"},{"data":"Flex","floor":29.0,"key":"SMITH"},{"data":"Dropkick","floor":30.0,"key":"SMITH"},{"floor":32.0,"key":"REST"}],"neow_cost":"TEN_PERCENT_HP_LOSS","seed_source_timestamp":24662845246997,"circlet_count":0,"master_deck":["AscendersBane","Strike_R","Strike_R","Strike_R","Defend_R","Defend_R","Defend_R","Defend_R","Bash+1","Dropkick+1","Shrug It Off","Dropkick+1","Dropkick","Flex+1","Offering+1","Thinking Ahead","Flex+1","Trip+1","Uppercut","Flex+1"],"special_seed":0,"relics":["Burning Blood","Incense Burner","The Courier","WingedGreaves","Magic Flower","Kunai","Dream Catcher","Cursed Key","Ice Cream","MutagenicStrength"],"potions_floor_usage":[33,33],"damage_taken":[{"damage":10.0,"enemies":"Jaw Worm","floor":1.0,"turns":6.0},{"damage":5.0,"enemies":"Small Slimes","floor":3.0,"turns":4.0},{"damage":2.0,"enemies":"2 Louse","floor":5.0,"turns":3.0},{"damage":45.0,"enemies":"3 Sentries","floor":6.0,"turns":8.0},{"damage":0.0,"enemies":"2 Fungi Beasts","floor":7.0,"turns":4.0},{"damage":20.0,"enemies":"Lagavulin","floor":8.0,"turns":5.0},{"damage":10.0,"enemies":"Looter","floor":12.0,"turns":4.0},{"damage":26.0,"enemies":"3 Sentries","floor":13.0,"turns":11.0},{"damage":18.0,"enemies":"Hexaghost","floor":16.0,"turns":9.0},{"damage":18.0,"enemies":"Chosen","floor":18.0,"turns":4.0},{"damage":0.0,"enemies":"Shell Parasite","floor":20.0,"turns":4.0},{"damage":23.0,"enemies":"Book of Stabbing","floor":24.0,"turns":4.0},{"damage":18.0,"enemies":"Shelled Parasite and Fungi","floor":27.0,"turns":3.0},{"damage":38,"enemies":"Automaton","floor":33,"turns":6}],"seed_played":"2100628473778226587","potions_obtained":[{"floor":5.0,"key":"PowerPotion"},{"floor":7.0,"key":"LiquidBronze"},{"floor":8.0,"key":"GamblersBrew"},{"floor":16.0,"key":"Dexterity Potion"},{"floor":18.0,"key":"BloodPotion"}],"is_trial":false,"path_per_floor":["M","$","M","?","M","E","M","E","T","R","R","M","E","?","R","B",null,"M","$","M","?","$","R","E","R","T","M","?","R","R","?","R","B"],"character_chosen":"IRONCLAD","items_purchased":["Incense Burner","Thinking Ahead","Trip"],"campfire_rested":2,"item_purchase_floors":[2,19,22],"current_hp_per_floor":[68,68,69,69,72,33,39,25,25,25,46,45,28,28,28,19,59,50,50,59,46,46,46,32,32,32,23,23,23,23,23,46,19],"gold":0,"neow_bonus":"TWO_FIFTY_GOLD","is_prod":false,"is_daily":false,"chose_seed":false,"campfire_upgraded":6,"win_rate":0,"timestamp":1553351154,"path_taken":["M","$","M","?","M","E","M","E","T","R","R","M","E","?","R","BOSS","M","$","M","?","$","R","E","R","T","M","?","R","R","?","R","BOSS"],"build_version":"2019-01-23","purchased_purges":2,"victory":false,"max_hp_per_floor":[72,72,72,72,72,72,72,72,72,72,72,72,72,72,72,72,72,72,72,72,77,77,77,77,77,77,77,77,77,77,77,77,77],"card_choices":[{"not_picked":["Headbutt","Warcry"],"picked":"Dropkick","floor":1.0},{"not_picked":["Rupture","Power Through"],"picked":"Shrug It Off","floor":3.0},{"not_picked":["Spot Weakness","Blood for Blood"],"picked":"Dropkick","floor":5.0},{"not_picked":["Second Wind","Reaper"],"picked":"Dropkick","floor":6.0},{"not_picked":["Inflame","Shrug It Off"],"picked":"Flex","floor":7.0},{"not_picked":["Metallicize","Hemokinesis","Perfected Strike"],"picked":"SKIP","floor":8.0},{"not_picked":["Shrug It Off","Blood for Blood","Flame Barrier"],"picked":"SKIP","floor":12.0},{"not_picked":["Fire Breathing","Wild Strike","Twin Strike"],"picked":"SKIP","floor":13.0},{"not_picked":["Feed","Juggernaut"],"picked":"Offering","floor":16.0},{"not_picked":["Heavy Blade","Clash","Havoc"],"picked":"SKIP","floor":18.0},{"not_picked":["Sword Boomerang","Sentinel+1"],"picked":"Flex","floor":20.0},{"not_picked":["Inflame","Uppercut","Flame Barrier"],"picked":"SKIP","floor":24.0},{"not_picked":["Inflame","Flame Barrier"],"picked":"Uppercut","floor":24.0},{"not_picked":["Inflame","Clothesline","Twin Strike+1"],"picked":"SKIP","floor":27.0},{"not_picked":["Cleave","Shrug It Off"],"picked":"Flex+1","floor":32.0}],"player_experience":380229,"relics_obtained":[{"floor":6.0,"key":"The Courier"},{"floor":8.0,"key":"WingedGreaves"},{"floor":9.0,"key":"Magic Flower"},{"floor":13.0,"key":"Kunai"},{"floor":24.0,"key":"Ice Cream"}],"event_choices":[{"damage_healed":0.0,"max_hp_gain":0.0,"max_hp_loss":0.0,"gold_gain":0.0,"event_name":"Living Wall","player_choice":"Grow","floor":4.0,"gold_loss":0.0,"damage_taken":0.0,"cards_upgraded":["Bash"]},{"damage_healed":0.0,"max_hp_gain":0.0,"max_hp_loss":0.0,"gold_gain":30.0,"event_name":"Dead Adventurer","player_choice":"Searched \u00272\u0027 times","floor":14.0,"gold_loss":0.0,"damage_taken":0.0,"relics_obtained":["Dream Catcher"]},{"damage_healed":0.0,"max_hp_gain":5.0,"max_hp_loss":0.0,"gold_gain":0.0,"event_name":"Forgotten Altar","player_choice":"Shed Blood","floor":21.0,"gold_loss":0.0,"damage_taken":18.0},{"damage_healed":0.0,"max_hp_gain":0.0,"max_hp_loss":0.0,"gold_gain":0.0,"event_name":"Masked Bandits","player_choice":"Paid Fearfully","floor":28.0,"gold_loss":58.0,"damage_taken":0.0},{"damage_healed":0.0,"max_hp_gain":0.0,"max_hp_loss":0.0,"gold_gain":0.0,"event_name":"Drug Dealer","player_choice":"Inject Mutagens","floor":31.0,"gold_loss":0.0,"damage_taken":0.0,"relics_obtained":["MutagenicStrength"]}],"is_beta":false,"boss_relics":[{"not_picked":["Black Star","Snecko Eye"],"picked":"Cursed Key"}],"items_purged_floors":[2,19],"is_endless":false,"potions_floor_spawned":[5,7,8,16,18,20,24],"killed_by":"Automaton","ascension_level":11}