{"gold_per_floor":[111,111,131,27,27,52,64,76,112,142,154,179,225,252,264,381,393,416,438,450,476,505,517,546,558,638,650,730,759,791,803],"floor_reached":31,"playtime":2449,"items_purged":[],"score":253,"play_id":"8f951694-2460-42be-b22d-e7cffa88ae5d","local_time":"20190306022601","is_ascension_mode":false,"campfire_choices":[{"data":"Finisher","floor":11,"key":"SMITH"},{"floor":15,"key":"REST"}],"neow_cost":"NONE","seed_source_timestamp":482895713098883,"circlet_count":0,"master_deck":["Defend_G","Defend_G","Defend_G","Defend_G","Strike_G","Strike_G+1","Strike_G","Survivor","Neutralize","Endless Agony","Backstab","Finisher+1","Slice+1","Dodge and Roll","Backflip","Flying Knee","Dagger Throw","Infinite Blades","Cloak And Dagger","Phantasmal Killer","Corpse Explosion+1","Wraith Form v2+1","Prepared+1","Heel Hook+1","Masterful Stab","Reflex+1","Well Laid Plans+1","Outmaneuver+1","Venomology"],"relics":["Ring of the Snake","MawBank","Ornamental Fan","Whetstone","Happy Flower","Astrolabe","Sundial","Mercury Hourglass","SsserpentHead"],"potions_floor_usage":[2,6,6,6,14,22,24,25,28,30,31],"damage_taken":[{"damage":0,"enemies":"2 Louse","floor":1,"turns":3},{"damage":0,"enemies":"Cultist","floor":3,"turns":3},{"damage":13,"enemies":"Lagavulin","floor":6,"turns":5},{"damage":0,"enemies":"Small Slimes","floor":10,"turns":3},{"damage":0,"enemies":"2 Fungi Beasts","floor":12,"turns":3},{"damage":5,"enemies":"3 Sentries","floor":13,"turns":6},{"damage":4,"enemies":"Blue Slaver","floor":14,"turns":2},{"damage":18,"enemies":"Slime Boss","floor":16,"turns":11},{"damage":16,"enemies":"3 Byrds","floor":18,"turns":3},{"damage":0,"enemies":"Spheric Guardian","floor":19,"turns":1},{"damage":22,"enemies":"Snake Plant","floor":21,"turns":4},{"damage":20,"enemies":"Shelled Parasite and Fungi","floor":22,"turns":5},{"damage":0,"enemies":"Sentry and Sphere","floor":24,"turns":1},{"damage":0,"enemies":"Snake Plant","floor":25,"turns":2},{"damage":0,"enemies":"Shelled Parasite and Fungi","floor":28,"turns":2},{"damage":2,"enemies":"Cultist and Chosen","floor":29,"turns":4},{"damage":9,"enemies":"Centurion and Healer","floor":30,"turns":5},{"damage":22,"enemies":"Sentry and Sphere","floor":31,"turns":3}],"seed_played":"-7224428083496832282","potions_obtained":[{"floor":1,"key":"Weak Potion"},{"floor":2,"key":"Fruit Juice"},{"floor":2,"key":"Regen Potion"},{"floor":2,"key":"FearPotion"},{"floor":12,"key":"Energy Potion"},{"floor":13,"key":"PowerPotion"},{"floor":19,"key":"SmokeBomb"},{"floor":21,"key":"PowerPotion"},{"floor":24,"key":"Fire Potion"},{"floor":28,"key":"Swift Potion"},{"floor":30,"key":"Regen Potion"}],"is_trial":false,"path_per_floor":["M","?","M","$","?","E","?","$","T","M","R","M","E","M","R","B",null,"M","M","?","M","M","T","M","M","T","?","M","M","M","M"],"character_chosen":"THE_SILENT","items_purchased":["Slice","Dodge and Roll"],"campfire_rested":1,"item_purchase_floors":[4,4],"current_hp_per_floor":[70,75,75,75,75,71,68,68,68,68,68,68,63,59,75,57,75,59,59,59,37,17,17,17,17,17,17,17,15,6,0],"gold":803,"neow_bonus":"THREE_CARDS","is_prod":false,"is_daily":false,"chose_seed":false,"campfire_upgraded":1,"win_rate":0.0,"timestamp":1551835561,"path_taken":["M","?","?","$","?","E","?","?","T","M","R","M","E","?","R","BOSS","M","M","?","M","M","?","M","M","T","?","?","M","M","M"],"build_version":"2019-01-23","purchased_purges":0,"victory":false,"max_hp_per_floor":[70,75,75,75,75,75,75,75,75,75,75,75,75,75,75,75,75,75,75,75,75,75,75,75,75,75,75,75,75,75,75],"card_choices":[{"not_picked":["Predator","Escape Plan"],"picked":"Endless Agony","floor":0},{"not_picked":["Predator","Dagger Spray"],"picked":"Backstab","floor":1},{"not_picked":["PiercingWail","Leg Sweep"],"picked":"Finisher","floor":3},{"not_picked":["Deadly Poison","Prepared"],"picked":"Backflip","floor":6},{"not_picked":["Poisoned Stab","All Out Attack"],"picked":"Flying Knee","floor":10},{"not_picked":["Riddle With Holes","Dagger Spray"],"picked":"Dagger Throw","floor":12},{"not_picked":["Bane","Riddle With Holes"],"picked":"Infinite Blades","floor":13},{"not_picked":["Heel Hook","Poisoned Stab"],"picked":"Cloak And Dagger","floor":14},{"not_picked":["After Image","Malaise"],"picked":"Phantasmal Killer","floor":16},{"not_picked":["Well Laid Plans","Bane+1"],"picked":"Heel Hook+1","floor":18},{"not_picked":["Eviscerate","Footwork"],"picked":"Masterful Stab","floor":19},{"not_picked":["Dodge and Roll","Underhanded Strike","Deflect"],"picked":"SKIP","floor":21},{"not_picked":["Acrobatics","Well Laid Plans+1"],"picked":"Reflex+1","floor":22},{"not_picked":["Bane+1","Deflect"],"picked":"Well Laid Plans+1","floor":24},{"not_picked":["Heel Hook+1","Prepared"],"picked":"Outmaneuver+1","floor":28},{"not_picked":["Well Laid Plans","Riddle With Holes","Underhanded Strike"],"picked":"SKIP","floor":29},{"not_picked":["Dagger Spray","Deflect+1"],"picked":"Venomology","floor":30}],"player_experience":285159,"relics_obtained":[{"floor":6,"key":"MawBank"},{"floor":9,"key":"Whetstone"},{"floor":13,"key":"Happy Flower"},{"floor":23,"key":"Sundial"},{"floor":26,"key":"Mercury Hourglass"}],"event_choices":[{"damage_healed":0,"gold_gain":0,"player_choice":"Got Potions","damage_taken":0,"max_hp_gain":0,"max_hp_loss":0,"event_name":"Lab","floor":2,"gold_loss":0},{"damage_healed":0,"gold_gain":0,"player_choice":"Leave","damage_taken":0,"max_hp_gain":0,"max_hp_loss":0,"event_name":"The Cleric","floor":5,"gold_loss":0},{"damage_healed":0,"gold_gain":0,"player_choice":"Success","damage_taken":3,"relics_obtained":["Ornamental Fan"],"max_hp_gain":0,"max_hp_loss":0,"event_name":"Scrap Ooze","floor":7,"gold_loss":0},{"damage_healed":0,"gold_gain":0,"player_choice":"Ignored","damage_taken":0,"max_hp_gain":0,"max_hp_loss":0,"event_name":"Vampires","floor":20,"gold_loss":0},{"damage_healed":0,"gold_gain":0,"player_choice":"Trade","damage_taken":0,"relics_obtained":["SsserpentHead"],"max_hp_gain":0,"max_hp_loss":0,"event_name":"FaceTrader","floor":27,"gold_loss":0}],"is_beta":false,"boss_relics":[{"not_picked":["Snecko Eye","Pandora\u0027s Box"],"picked":"Astrolabe"}],"items_purged_floors":[],"is_endless":false,"potions_floor_spawned":[1,12,13,19,21,24,28,30],"killed_by":"Sentry and Sphere","ascension_level":0}