{"gold_per_floor":[116,131,28,28,28,28,28,53,79,98,111,111,144,144,144,241,241,255,266,78,90,90,90,108,34,61,61,61,78,78,92,92,196,196,213,230,230,88,88,88,105,105,157,174,174,184,484,498,498,498],"floor_reached":50,"playtime":2662,"items_purged":[],"score":527,"play_id":"93474418-33c6-430a-9979-919372c0afc0","local_time":"20190323162941","is_ascension_mode":false,"campfire_choices":[{"data":"Dramatic Entrance","floor":7,"key":"SMITH"},{"floor":12,"key":"REST"},{"floor":15,"key":"REST"},{"floor":23,"key":"REST"},{"floor":32,"key":"REST"},{"floor":40,"key":"REST"},{"floor":45,"key":"REST"},{"floor":49,"key":"REST"}],"neow_cost":"NONE","seed_source_timestamp":314238161249368,"circlet_count":0,"master_deck":["Defend_G+1","Defend_G+1","Defend_G+1","Defend_G+1","Defend_G+1","Strike_G+1","Strike_G+1","Strike_G+1","Strike_G+1","Strike_G+1","Survivor","Neutralize","Distraction","Infinite Blades","Accuracy+1","Endless Agony","Dramatic Entrance+1","Blade Dance","Blade Dance","Unload","Deflect","Panache+1","Distraction+1","Calculated Gamble","Writhe","J.A.X.","Backstab+1","Well Laid Plans+1","Die Die Die","Endless Agony+1","Dagger Spray+1","Burst","Slice+1","Writhe","Accuracy","Dagger Throw","Cloak And Dagger"],"special_seed":0,"relics":["Ring of the Snake","Meat on the Bone","Potion Belt","Pear","Cursed Key","Regal Pillow","Black Star","Bag of Preparation"],"potions_floor_usage":[8,16,29,29,48,50,50,50],"damage_taken":[{"damage":0.0,"enemies":"Cultist","floor":1.0,"turns":4.0},{"damage":0.0,"enemies":"2 Louse","floor":2.0,"turns":3.0},{"damage":20,"enemies":"3 Sentries","floor":8,"turns":6},{"damage":0,"enemies":"Small Slimes","floor":10,"turns":2},{"damage":5,"enemies":"3 Louse","floor":11,"turns":2},{"damage":30,"enemies":"Gremlin Nob","floor":13,"turns":4},{"damage":71,"enemies":"The Guardian","floor":16,"turns":12},{"damage":25,"enemies":"2 Thieves","floor":18,"turns":4},{"damage":19,"enemies":"Spheric Guardian","floor":19,"turns":4},{"damage":14,"enemies":"Snecko","floor":21,"turns":5},{"damage":8,"enemies":"Colosseum Slavers","floor":22,"turns":3},{"damage":15,"enemies":"Snake Plant","floor":24,"turns":5},{"damage":3,"enemies":"Shelled Parasite and Fungi","floor":29,"turns":5},{"damage":17,"enemies":"Chosen and Byrds","floor":31,"turns":5},{"damage":76,"enemies":"Collector","floor":33,"turns":9},{"damage":26,"enemies":"3 Shapes","floor":35,"turns":3},{"damage":2,"enemies":"Orb Walker","floor":36,"turns":3},{"damage":9,"enemies":"Jaw Worm Horde","floor":41,"turns":3},{"damage":35,"enemies":"Transient","floor":44,"turns":5},{"damage":13,"enemies":"Maw","floor":46,"turns":6},{"damage":18,"enemies":"Spire Growth","floor":48,"turns":3},{"damage":92,"enemies":"Awakened One","floor":50,"turns":9}],"seed_played":"6414183612657911626","potions_obtained":[{"floor":1.0,"key":"Regen Potion"},{"floor":11,"key":"Weak Potion"},{"floor":16,"key":"LiquidBronze"},{"floor":19,"key":"EssenceOfSteel"},{"floor":31,"key":"Weak Potion"},{"floor":33,"key":"Strength Potion"},{"floor":44,"key":"Regen Potion"},{"floor":46,"key":"Poison Potion"}],"is_trial":false,"path_per_floor":["M","M","$","?","$","?","R","E","T","M","M","R","E","$","R","B",null,"M","M","$","M","?","R","M","$","T","?","?","M","?","M","R","B",null,"M","M","?","$","?","R","M","$","T","M","R","M","?","M","R","B"],"character_chosen":"THE_SILENT","items_purchased":["Accuracy","Endless Agony","Panache","Calculated Gamble","Burst"],"campfire_rested":7,"item_purchase_floors":[3,3,20,25,38],"current_hp_per_floor":[77,77,77,77,77,77,77,66,66,66,61,77,57,57,83,24,87,62,55,55,53,45,71,56,56,56,56,39,48,48,43,85,21,92,66,64,64,64,64,92,83,83,83,48,90,77,77,64,92,0],"gold":498,"neow_bonus":"TEN_PERCENT_HP_BONUS","is_prod":false,"is_daily":false,"chose_seed":false,"campfire_upgraded":1,"win_rate":0.0,"timestamp":1553354981,"path_taken":["M","M","$","?","$","?","R","E","T","?","M","R","E","?","R","BOSS","M","M","$","?","?","R","M","$","T","?","?","M","?","M","R","BOSS","M","M","?","?","?","R","M","?","T","M","R","M","?","?","R","BOSS"],"build_version":"2019-01-23","purchased_purges":0,"victory":false,"max_hp_per_floor":[77,77,77,77,77,77,77,77,77,77,77,77,87,87,87,87,87,87,87,87,87,87,87,87,87,87,87,92,92,92,92,92,92,92,92,92,92,92,92,92,92,92,92,92,92,92,92,92,92,92],"card_choices":[{"not_picked":["Terror","Flechettes"],"picked":"Distraction","floor":1.0},{"not_picked":["Underhanded Strike","Bane"],"picked":"Infinite Blades","floor":2.0},{"not_picked":["Terror","Deflect"],"picked":"Blade Dance","floor":8},{"not_picked":["Noxious Fumes","Dash","Concentrate"],"picked":"SKIP","floor":10},{"not_picked":["Distraction","Backflip"],"picked":"Blade Dance","floor":11},{"not_picked":["Crippling Poison","Noxious Fumes","Poisoned Stab"],"picked":"SKIP","floor":13},{"not_picked":["Tools of the Trade","Night Terror"],"picked":"Unload","floor":16},{"not_picked":["Dodge and Roll+1","Concentrate","Underhanded Strike"],"picked":"SKIP","floor":18},{"not_picked":["Skewer","Acrobatics"],"picked":"Deflect","floor":19},{"not_picked":["Backflip","Prepared","Acrobatics"],"picked":"SKIP","floor":21},{"not_picked":["Prepared","Acrobatics"],"picked":"Distraction+1","floor":24},{"not_picked":["Accuracy","Leg Sweep+1"],"picked":"Backstab+1","floor":29},{"not_picked":["Distraction","Bouncing Flask"],"picked":"Well Laid Plans+1","floor":31},{"not_picked":["Doppelganger","Wraith Form v2"],"picked":"Die Die Die","floor":33},{"not_picked":["Bane","Deadly Poison+1"],"picked":"Endless Agony+1","floor":35},{"not_picked":["Noxious Fumes+1","Flying Knee+1"],"picked":"Dagger Spray+1","floor":36},{"not_picked":["Deadly Poison","Outmaneuver+1"],"picked":"Slice+1","floor":41},{"not_picked":["Dodge and Roll+1","PiercingWail+1"],"picked":"Accuracy","floor":44},{"not_picked":["Sucker Punch","Backflip"],"picked":"Dagger Throw","floor":46},{"not_picked":["Malaise","Tactician"],"picked":"Cloak And Dagger","floor":48}],"player_experience":367477,"relics_obtained":[{"floor":8,"key":"Meat on the Bone"},{"floor":9,"key":"Potion Belt"},{"floor":13,"key":"Pear"},{"floor":26,"key":"Regal Pillow"},{"floor":43,"key":"Bag of Preparation"}],"event_choices":[{"damage_healed":0,"gold_gain":0,"player_choice":"Grow","damage_taken":0,"max_hp_gain":0,"max_hp_loss":0,"event_name":"Living Wall","floor":4,"gold_loss":0,"cards_upgraded":["Accuracy"]},{"damage_healed":0,"gold_gain":0,"player_choice":"1 cards matched","damage_taken":0,"max_hp_gain":0,"max_hp_loss":0,"event_name":"Match and Keep!","floor":6,"gold_loss":0,"cards_obtained":["Dramatic Entrance"]},{"damage_healed":0,"gold_gain":0,"player_choice":"Fight","damage_taken":0,"max_hp_gain":0,"max_hp_loss":0,"event_name":"Colosseum","floor":22,"gold_loss":0},{"damage_healed":0,"gold_gain":0,"player_choice":"Fled From Nobs","damage_taken":0,"max_hp_gain":0,"max_hp_loss":0,"event_name":"Colosseum","floor":22,"gold_loss":0},{"damage_healed":0,"gold_gain":0,"player_choice":"Obtain J.A.X.","damage_taken":0,"max_hp_gain":0,"max_hp_loss":0,"event_name":"Drug Dealer","floor":27,"gold_loss":0,"cards_obtained":["J.A.X."]},{"damage_healed":0,"gold_gain":0,"player_choice":"Shed Blood","damage_taken":22,"max_hp_gain":5,"max_hp_loss":0,"event_name":"Forgotten Altar","floor":28,"gold_loss":0},{"damage_healed":0,"gold_gain":0,"player_choice":"Simplicity","damage_taken":0,"max_hp_gain":0,"max_hp_loss":0,"event_name":"Back to Basics","floor":30,"gold_loss":0,"cards_upgraded":["Defend_G","Defend_G","Defend_G","Defend_G","Defend_G","Strike_G","Strike_G","Strike_G","Strike_G","Strike_G"]},{"damage_healed":0,"gold_gain":0,"player_choice":"Upgraded","damage_taken":0,"max_hp_gain":0,"max_hp_loss":0,"event_name":"Upgrade Shrine","floor":37,"gold_loss":0,"cards_upgraded":["Panache"]},{"damage_healed":0,"gold_gain":0,"player_choice":"Ignored","damage_taken":0,"max_hp_gain":0,"max_hp_loss":0,"event_name":"Mysterious Sphere","floor":39,"gold_loss":0},{"damage_healed":0,"gold_gain":300,"player_choice":"Gold","damage_taken":0,"max_hp_gain":0,"max_hp_loss":0,"event_name":"Wheel of Change","floor":47,"gold_loss":0}],"is_beta":false,"boss_relics":[{"not_picked":["Empty Cage","Pandora\u0027s Box"],"picked":"Cursed Key"},{"not_picked":["Busted Crown","Snecko Eye"],"picked":"Black Star"}],"items_purged_floors":[],"is_endless":false,"potions_floor_spawned":[1,11,16,19,22,31,33,44,46],"killed_by":"Awakened One","ascension_level":0}