{"gold_per_floor":[164,239,97,47,63,63,95,95,155,167,190,42,57,70,70,70],"floor_reached":16,"playtime":686,"items_purged":["Strike_B"],"score":150,"play_id":"3ee6408e-6881-4ecc-90fa-7fdc63cff7dc","local_time":"20190316143943","is_ascension_mode":true,"campfire_choices":[{"data":"Loop","floor":6,"key":"SMITH"},{"data":"Defragment","floor":10,"key":"SMITH"},{"data":"Chaos","floor":15,"key":"SMITH"}],"neow_cost":"NONE","seed_source_timestamp":18406215231509,"circlet_count":0,"master_deck":["AscendersBane","Strike_B","Strike_B","Strike_B","Defend_B","Defend_B","Defend_B","Zap+1","Dualcast","Defragment+1","Chaos+1","Loop+1","Redo","Redo","Defragment+1","Blind","Loop+1","Machine Learning+1"],"special_seed":0,"relics":["Tiny House","Frozen Egg 2","MawBank","Bag of Preparation"],"potions_floor_usage":[13,14],"damage_taken":[{"damage":9.0,"enemies":"Jaw Worm","floor":1.0,"turns":4.0},{"damage":6,"enemies":"Cultist","floor":5,"turns":4},{"damage":15,"enemies":"Lagavulin","floor":7,"turns":7},{"damage":8,"enemies":"Small Slimes","floor":11,"turns":4},{"damage":6,"enemies":"Exordium Wildlife","floor":13,"turns":4},{"damage":16,"enemies":"2 Fungi Beasts","floor":14,"turns":5},{"damage":0,"enemies":"Slime Boss","floor":16,"turns":3}],"seed_played":"-442973551552039919","potions_obtained":[{"floor":0.0,"key":"SteroidPotion"},{"floor":1.0,"key":"EssenceOfSteel"},{"floor":11,"key":"Energy Potion"}],"is_trial":false,"path_per_floor":["M","?","$","?","M","R","E","T","T","R","M","$","M","M","R","B"],"character_chosen":"DEFECT","items_purchased":["Loop","Defragment+1","Blind"],"campfire_rested":0,"item_purchase_floors":[3,12,12],"current_hp_per_floor":[64,53,53,53,47,47,32,32,32,32,24,24,18,2,2,2],"gold":70,"neow_bonus":"BOSS_RELIC","is_prod":false,"is_daily":false,"chose_seed":false,"campfire_upgraded":3,"win_rate":0,"timestamp":1552718383,"path_taken":["M","?","$","?","M","R","E","?","T","R","M","$","M","?","R","BOSS"],"build_version":"2019-01-23","purchased_purges":1,"victory":false,"max_hp_per_floor":[80,80,80,80,80,80,80,80,80,80,80,80,80,80,80,80],"card_choices":[{"not_picked":["Steam","Go for the Eyes"],"picked":"Defragment","floor":0.0},{"not_picked":["Fusion","Beam Cell"],"picked":"Chaos","floor":1.0},{"not_picked":["Rip and Tear","Gash"],"picked":"Redo","floor":5},{"not_picked":["Fusion","Steam"],"picked":"Redo","floor":7},{"not_picked":["Streamline","Redo","Go for the Eyes"],"picked":"SKIP","floor":11},{"not_picked":["Steam","Lockon"],"picked":"Loop+1","floor":13},{"not_picked":["Leap","Reprogram"],"picked":"Machine Learning+1","floor":14}],"player_experience":329832,"relics_obtained":[{"floor":7,"key":"Frozen Egg 2"},{"floor":8,"key":"MawBank"},{"floor":9,"key":"Bag of Preparation"}],"event_choices":[{"damage_healed":0.0,"max_hp_gain":0.0,"max_hp_loss":0.0,"gold_gain":75.0,"event_name":"World of Goop","player_choice":"Gather Gold","floor":2.0,"gold_loss":0.0,"damage_taken":11.0},{"cards_removed":["Defend_B"],"damage_healed":0.0,"max_hp_gain":0.0,"max_hp_loss":0.0,"gold_gain":0.0,"event_name":"The Cleric","player_choice":"Card Removal","floor":4.0,"gold_loss":50.0,"damage_taken":0.0}],"is_beta":false,"boss_relics":[],"items_purged_floors":[3],"is_endless":false,"potions_floor_spawned":[1,11],"killed_by":"Slime Boss","ascension_level":10}