{"gold_per_floor":[362,30,30,0,11,11,11,11,34,34,34,34,67,77,77,77],"floor_reached":16,"playtime":404,"items_purged":[],"score":134,"play_id":"4979b2e2-558f-465d-bdeb-6479042b9193","local_time":"20190315215930","is_ascension_mode":true,"campfire_choices":[{"data":"Setup","floor":6,"key":"SMITH"},{"data":"Neutralize","floor":8,"key":"SMITH"},{"data":"Survivor","floor":12,"key":"SMITH"},{"data":"Corpse Explosion","floor":15,"key":"SMITH"}],"neow_cost":"PERCENT_DAMAGE","seed_source_timestamp":27413247164991,"circlet_count":0,"master_deck":["Defend_G","Defend_G","Defend_G+1","Defend_G","Defend_G+1","Strike_G","Strike_G","Strike_G","Strike_G","Strike_G","Survivor+1","Neutralize+1","Setup+1","Corpse Explosion+1","Crippling Poison"],"relics":["Ring of the Snake","Mercury Hourglass","Frozen Egg 2","Bag of Preparation","CultistMask","War Paint"],"potions_floor_usage":[16],"damage_taken":[{"damage":2,"enemies":"Small Slimes","floor":1,"turns":5},{"damage":0,"enemies":"Cultist","floor":5,"turns":3},{"damage":15,"enemies":"Gremlin Nob","floor":13,"turns":5},{"damage":0,"enemies":"Jaw Worm","floor":14,"turns":4},{"damage":19,"enemies":"Slime Boss","floor":16,"turns":11}],"seed_played":"-3409738780085700811","potions_obtained":[{"floor":13,"key":"Explosive Potion"}],"is_trial":false,"path_per_floor":["M","$","?","?","M","R","$","R","T","?","?","R","E","M","R","B"],"character_chosen":"THE_SILENT","items_purchased":["Mercury Hourglass","Corpse Explosion"],"campfire_rested":0,"item_purchase_floors":[2,2],"current_hp_per_floor":[43,43,40,40,40,40,40,40,40,40,40,40,25,25,25,6],"gold":77,"neow_bonus":"TWO_FIFTY_GOLD","is_prod":false,"is_daily":false,"chose_seed":false,"campfire_upgraded":4,"win_rate":0,"timestamp":1552658370,"path_taken":["M","$","?","?","M","R","$","R","T","?","?","R","E","M","R","BOSS"],"build_version":"2019-01-23","purchased_purges":0,"victory":false,"max_hp_per_floor":[70,70,70,70,70,70,70,70,70,70,70,70,70,70,70,70],"card_choices":[{"not_picked":["Prepared","Slice"],"picked":"Setup","floor":1},{"not_picked":["Sucker Punch","Deadly Poison"],"picked":"Crippling Poison","floor":5},{"not_picked":["Unload","Outmaneuver","Dodge and Roll"],"picked":"SKIP","floor":13},{"not_picked":["Dodge and Roll","Deadly Poison","Expertise"],"picked":"SKIP","floor":14}],"player_experience":314829,"relics_obtained":[{"floor":9,"key":"Bag of Preparation"},{"floor":13,"key":"War Paint"}],"event_choices":[{"damage_healed":0,"gold_gain":0,"player_choice":"Success","damage_taken":3,"relics_obtained":["Frozen Egg 2"],"max_hp_gain":0,"max_hp_loss":0,"event_name":"Scrap Ooze","floor":3,"gold_loss":0},{"damage_healed":0,"gold_gain":0,"player_choice":"Left Gold","damage_taken":0,"max_hp_gain":0,"max_hp_loss":0,"event_name":"World of Goop","floor":4,"gold_loss":30},{"damage_healed":0,"gold_gain":0,"player_choice":"Leave","damage_taken":0,"max_hp_gain":0,"max_hp_loss":0,"event_name":"The Cleric","floor":10,"gold_loss":0},{"damage_healed":0,"gold_gain":0,"player_choice":"Trade","damage_taken":0,"relics_obtained":["CultistMask"],"max_hp_gain":0,"max_hp_loss":0,"event_name":"FaceTrader","floor":11,"gold_loss":0}],"is_beta":false,"boss_relics":[],"items_purged_floors":[],"is_endless":false,"potions_floor_spawned":[13],"killed_by":"Slime Boss","ascension_level":8}