{"gold_per_floor":[118,136,152,252,127,127,127,147,171,77,95,95,95,113,113,113],"floor_reached":16,"playtime":460,"items_purged":["Strike_B"],"score":92,"play_id":"0339704a-502f-49b4-824e-a05e422a8363","local_time":"20190325131457","is_ascension_mode":false,"campfire_choices":[{"data":"Defragment","floor":6.0,"key":"SMITH"},{"data":"Force Field","floor":13.0,"key":"SMITH"},{"floor":15.0,"key":"REST"}],"neow_cost":"NONE","seed_source_timestamp":0,"circlet_count":0,"master_deck":["Strike_B","Strike_B","Strike_B","Defend_B","Defend_B","Defend_B","Zap","Dualcast","Undo","Defragment+1","Hologram","Leap","Finesse","Force Field+1","Steam"],"special_seed":0,"relics":["Cracked Core","Pen Nib"],"potions_floor_usage":[],"damage_taken":[{"damage":2.0,"enemies":"Small Slimes","floor":1.0,"turns":3.0},{"damage":1.0,"enemies":"Cultist","floor":2.0,"turns":3.0},{"damage":8.0,"enemies":"2 Louse","floor":3.0,"turns":3.0},{"damage":0.0,"enemies":"Red Slaver","floor":8.0,"turns":4.0},{"damage":1.0,"enemies":"2 Fungi Beasts","floor":11.0,"turns":4.0},{"damage":14.0,"enemies":"Exordium Wildlife","floor":14.0,"turns":5.0},{"damage":0,"enemies":"The Guardian","floor":16,"turns":2}],"seed_played":"202955719414650449","potions_obtained":[{"floor":2.0,"key":"Weak Potion"},{"floor":3.0,"key":"Block Potion"},{"floor":11.0,"key":"Ancient Potion"}],"is_trial":false,"path_per_floor":["M","M","M","?","$","R","$","M","T","$","M","?","R","M","R","B"],"character_chosen":"DEFECT","items_purchased":["Hologram","Finesse"],"campfire_rested":1,"item_purchase_floors":[5,10],"current_hp_per_floor":[80,79,71,71,71,71,71,71,71,71,70,70,70,56,80,80],"gold":113,"neow_bonus":"TEN_PERCENT_HP_BONUS","is_prod":false,"is_daily":false,"chose_seed":false,"campfire_upgraded":2,"win_rate":0,"timestamp":1553516097,"path_taken":["M","M","M","?","$","R","?","?","T","$","M","?","R","?","R","BOSS"],"build_version":"2019-01-23","purchased_purges":1,"victory":false,"max_hp_per_floor":[82,82,82,82,82,82,82,82,82,82,82,82,82,82,82,82],"card_choices":[{"not_picked":["Conserve Battery","Chill"],"picked":"Undo","floor":1.0},{"not_picked":["Turbo","Cold Snap"],"picked":"Defragment","floor":2.0},{"not_picked":["Rip and Tear","Streamline","FTL"],"picked":"SKIP","floor":3.0},{"not_picked":["BootSequence","Turbo"],"picked":"Leap","floor":8.0},{"not_picked":["Beam Cell","Steam Power"],"picked":"Force Field","floor":11.0},{"not_picked":["Streamline","Recycle"],"picked":"Steam","floor":14.0}],"player_experience":415545,"relics_obtained":[{"floor":9.0,"key":"Pen Nib"}],"event_choices":[{"damage_healed":0.0,"max_hp_gain":0.0,"max_hp_loss":0.0,"gold_gain":100.0,"event_name":"Golden Shrine","player_choice":"Pray","floor":4.0,"gold_loss":0.0,"damage_taken":0.0},{"cards_removed":["Defend_B"],"damage_healed":0.0,"max_hp_gain":0.0,"max_hp_loss":0.0,"gold_gain":0.0,"event_name":"Purifier","player_choice":"Purged","floor":12.0,"gold_loss":0.0,"damage_taken":0.0}],"is_beta":false,"boss_relics":[],"items_purged_floors":[5],"is_endless":false,"potions_floor_spawned":[2,3,11],"killed_by":"The Guardian","ascension_level":0}