{"gold_per_floor":[116,131,148,148,168,168,202,221,221,236,253,312,312,329,329,432,432,451,479,479,479,489,518,536,536,586,602,602,602,616,649,649,744,744,762,781,800,800,813,848,848,180,206,225,241,258,258,258,258,258],"floor_reached":51,"playtime":7145,"items_purged":["Writhe"],"score":700,"play_id":"c403187b-89a0-4d3a-83a3-0a0134461e78","local_time":"20181209020154","is_ascension_mode":false,"campfire_choices":[{"data":"Caltrops","floor":6,"key":"SMITH"},{"data":"Dodge and Roll","floor":15,"key":"SMITH"},{"floor":25,"key":"REST"},{"floor":28,"key":"REST"},{"floor":32,"key":"REST"},{"data":"Footwork","floor":41,"key":"SMITH"},{"floor":47,"key":"REST"},{"floor":49,"key":"REST"}],"neow_cost":"NONE","seed_source_timestamp":2148831588074795,"circlet_count":0,"master_deck":["Defend_G","Defend_G","Defend_G","Defend_G","Defend_G","Strike_G","Strike_G","Strike_G","Survivor","Neutralize","Dodge and Roll+1","Backflip","Sucker Punch+1","Caltrops+1","Poisoned Stab+1","Well Laid Plans","PiercingWail","Dagger Throw","Flying Knee","Envenom","Distraction","Infinite Blades","Distraction+1","Footwork+1","Flying Knee","Flechettes+1","Footwork+1","Outmaneuver+1","Deflect+1","Terror","Outmaneuver+1"],"relics":["Ring of the Snake","Darkstone Periapt","Sundial","Bag of Preparation","Pantograph","Busted Crown","Red Mask","Prayer Wheel","MutagenicStrength","Strawberry","Whetstone","PreservedInsect","Bag of Marbles","Runic Pyramid","Paper Crane","TwistedFunnel","Ninja Scroll","Omamori","Dream Catcher"],"potions_floor_usage":[12,12,30,33,33,39,50,50,50],"damage_taken":[{"damage":4,"enemies":"Cultist","floor":1,"turns":5},{"damage":0,"enemies":"Small Slimes","floor":2,"turns":3},{"damage":0,"enemies":"Jaw Worm","floor":3,"turns":5},{"damage":1,"enemies":"Blue Slaver","floor":5,"turns":5},{"damage":41,"enemies":"Lagavulin","floor":7,"turns":13},{"damage":2,"enemies":"Looter","floor":8,"turns":4},{"damage":11,"enemies":"3 Louse","floor":10,"turns":3},{"damage":4,"enemies":"Lots of Slimes","floor":11,"turns":4},{"damage":19,"enemies":"Lagavulin Event","floor":12,"turns":8},{"damage":1,"enemies":"Large Slime","floor":14,"turns":6},{"damage":2,"enemies":"Hexaghost","floor":16,"turns":11},{"damage":0,"enemies":"Shell Parasite","floor":18,"turns":7},{"damage":40,"enemies":"Masked Bandits","floor":19,"turns":7},{"damage":9,"enemies":"Spheric Guardian","floor":22,"turns":5},{"damage":16,"enemies":"Book of Stabbing","floor":23,"turns":6},{"damage":11,"enemies":"Shelled Parasite and Fungi","floor":24,"turns":7},{"damage":17,"enemies":"Snecko","floor":27,"turns":5},{"damage":3,"enemies":"Chosen and Byrds","floor":30,"turns":6},{"damage":32,"enemies":"Slavers","floor":31,"turns":6},{"damage":38,"enemies":"Collector","floor":33,"turns":11},{"damage":3,"enemies":"Orb Walker","floor":35,"turns":4},{"damage":1,"enemies":"3 Shapes","floor":36,"turns":5},{"damage":6,"enemies":"3 Darklings","floor":37,"turns":6},{"damage":26,"enemies":"Writhing Mass","floor":39,"turns":7},{"damage":21,"enemies":"Nemesis","floor":40,"turns":8},{"damage":2,"enemies":"Maw","floor":44,"turns":7},{"damage":5,"enemies":"3 Darklings","floor":45,"turns":4},{"damage":9,"enemies":"Writhing Mass","floor":46,"turns":7},{"damage":83,"enemies":"Time Eater","floor":50,"turns":14}],"seed_played":"4457068926575199534","potions_obtained":[{"floor":3,"key":"Ancient Potion"},{"floor":5,"key":"Regen Potion"},{"floor":11,"key":"PowerPotion"},{"floor":14,"key":"Poison Potion"},{"floor":16,"key":"Block Potion"},{"floor":18,"key":"Poison Potion"},{"floor":30,"key":"Dexterity Potion"},{"floor":35,"key":"Block Potion"},{"floor":39,"key":"AttackPotion"},{"floor":44,"key":"LiquidBronze"}],"is_trial":false,"path_per_floor":["M","M","M","?","M","R","E","M","T","M","M","?","T","M","R","B",null,"M","?","?","?","M","E","M","R","T","M","R","T","M","E","R","B",null,"M","M","M","?","M","E","R","$","T","M","M","M","R","?","R","B",null],"character_chosen":"THE_SILENT","items_purchased":["TwistedFunnel","Ninja Scroll","Omamori"],"campfire_rested":5,"item_purchase_floors":[42,42,42],"current_hp_per_floor":[73,73,73,73,72,72,31,29,29,18,14,10,10,9,9,32,77,77,37,43,43,34,25,14,41,41,24,51,51,48,16,43,30,90,87,86,80,80,54,33,33,33,33,31,26,17,44,44,71,7],"gold":258,"neow_bonus":"TEN_PERCENT_HP_BONUS","is_prod":false,"is_daily":false,"chose_seed":false,"campfire_upgraded":3,"win_rate":0.0,"timestamp":1544342514,"path_taken":["M","?","M","?","M","R","E","M","T","M","M","?","?","M","R","BOSS","M","?","?","?","M","E","M","R","T","M","R","?","M","E","R","BOSS","M","M","?","?","M","E","R","$","T","M","M","M","R","?","R","BOSS"],"build_version":"2018-12-06","purchased_purges":1,"victory":true,"max_hp_per_floor":[77,77,77,77,77,77,77,77,77,77,77,77,77,77,77,77,77,77,77,83,83,83,90,90,90,90,90,90,90,90,90,90,90,90,90,90,90,90,90,90,90,90,90,90,90,90,90,90,90,90],"card_choices":[{"not_picked":["Eviscerate","Quick Slash"],"picked":"Dodge and Roll","floor":1},{"not_picked":["Underhanded Strike","Prepared"],"picked":"Backflip","floor":2},{"not_picked":["Finisher","Well Laid Plans"],"picked":"Sucker Punch","floor":3},{"not_picked":["Underhanded Strike","Skewer"],"picked":"Caltrops","floor":5},{"not_picked":["Underhanded Strike","Night Terror","Wraith Form v2"],"picked":"SKIP","floor":7},{"not_picked":["Eviscerate","Dodge and Roll"],"picked":"Poisoned Stab","floor":8},{"not_picked":["Poisoned Stab","Backflip"],"picked":"Well Laid Plans","floor":10},{"not_picked":["Flechettes","Masterful Stab"],"picked":"PiercingWail","floor":11},{"not_picked":["Underhanded Strike","Backflip"],"picked":"Dagger Throw","floor":12},{"not_picked":["Underhanded Strike","Escape Plan"],"picked":"Flying Knee","floor":14},{"not_picked":["Burst","A Thousand Cuts"],"picked":"Envenom","floor":16},{"not_picked":[],"picked":"Distraction","floor":18},{"not_picked":[],"picked":"Infinite Blades","floor":22},{"not_picked":[],"picked":"Distraction+1","floor":22},{"not_picked":["Underhanded Strike"],"picked":"SKIP","floor":23},{"not_picked":["Dagger Spray"],"picked":"SKIP","floor":24},{"not_picked":["Outmaneuver"],"picked":"SKIP","floor":24},{"not_picked":[],"picked":"Footwork","floor":27},{"not_picked":["Eviscerate"],"picked":"SKIP","floor":27},{"not_picked":[],"picked":"Flying Knee","floor":30},{"not_picked":["Acrobatics"],"picked":"SKIP","floor":30},{"not_picked":["Bouncing Flask"],"picked":"SKIP","floor":31},{"not_picked":[],"picked":"Flechettes+1","floor":35},{"not_picked":["Crippling Poison"],"picked":"SKIP","floor":35},{"not_picked":[],"picked":"Footwork+1","floor":36},{"not_picked":[],"picked":"Outmaneuver+1","floor":36},{"not_picked":["Dagger Throw+1"],"picked":"SKIP","floor":37},{"not_picked":["Dagger Spray"],"picked":"SKIP","floor":37},{"not_picked":["Eviscerate+1"],"picked":"SKIP","floor":39},{"not_picked":["Blade Dance+1"],"picked":"SKIP","floor":39},{"not_picked":["Dagger Spray"],"picked":"SKIP","floor":40},{"not_picked":[],"picked":"Deflect+1","floor":44},{"not_picked":[],"picked":"Terror","floor":44},{"not_picked":["Predator"],"picked":"SKIP","floor":45},{"not_picked":["Quick Slash"],"picked":"SKIP","floor":45},{"not_picked":[],"picked":"Outmaneuver+1","floor":46},{"not_picked":["PiercingWail+1"],"picked":"SKIP","floor":46}],"player_experience":36566,"relics_obtained":[{"floor":7,"key":"Darkstone Periapt"},{"floor":9,"key":"Sundial"},{"floor":12,"key":"Bag of Preparation"},{"floor":13,"key":"Pantograph"},{"floor":19,"key":"Red Mask"},{"floor":23,"key":"Strawberry"},{"floor":26,"key":"Whetstone"},{"floor":29,"key":"PreservedInsect"},{"floor":31,"key":"Bag of Marbles"},{"floor":40,"key":"Paper Crane"},{"floor":43,"key":"Dream Catcher"}],"event_choices":[{"cards_removed":["Strike_G"],"damage_healed":0,"gold_gain":0,"player_choice":"Forget","damage_taken":0,"max_hp_gain":0,"max_hp_loss":0,"event_name":"Living Wall","floor":4,"gold_loss":0},{"damage_healed":0,"gold_gain":0,"player_choice":"Searched \u00271\u0027 times","damage_taken":0,"max_hp_gain":0,"max_hp_loss":0,"event_name":"Dead Adventurer","floor":12,"gold_loss":0},{"damage_healed":0,"gold_gain":0,"player_choice":"Fought Bandits","damage_taken":0,"max_hp_gain":0,"max_hp_loss":0,"event_name":"Masked Bandits","floor":19,"gold_loss":0},{"damage_healed":0,"gold_gain":0,"player_choice":"Opened","damage_taken":0,"relics_obtained":["Prayer Wheel"],"max_hp_gain":0,"max_hp_loss":0,"event_name":"The Mausoleum","floor":20,"gold_loss":0,"cards_obtained":["Writhe"]},{"damage_healed":0,"gold_gain":0,"player_choice":"Inject Mutagens","damage_taken":0,"relics_obtained":["MutagenicStrength"],"max_hp_gain":0,"max_hp_loss":0,"event_name":"Drug Dealer","floor":21,"gold_loss":0},{"cards_removed":["Strike_G"],"damage_healed":0,"gold_gain":0,"player_choice":"Removed Attack","damage_taken":0,"max_hp_gain":0,"max_hp_loss":0,"event_name":"Falling","floor":38,"gold_loss":0},{"damage_healed":0,"gold_gain":0,"player_choice":"Ignored","damage_taken":0,"max_hp_gain":0,"max_hp_loss":0,"event_name":"Mysterious Sphere","floor":48,"gold_loss":0}],"is_beta":false,"boss_relics":[{"not_picked":["Astrolabe","Velvet Choker"],"picked":"Busted Crown"},{"not_picked":["Orrery","HoveringKite"],"picked":"Runic Pyramid"}],"items_purged_floors":[42],"is_endless":false,"potions_floor_spawned":[3,5,11,14,16,18,24,27,30,35,39,44,46],"ascension_level":0}