{"gold_per_floor":[114,114,128,53,73,107,107,132,132,132,148,148,148,3,3,3],"floor_reached":16,"playtime":812,"items_purged":["Defend_B"],"score":135,"play_id":"d0e2b060-c8e0-4c48-86d7-e86dd381479a","local_time":"20181207005208","is_ascension_mode":true,"campfire_choices":[{"data":"Double Energy","floor":7,"key":"SMITH"},{"data":"Redo","floor":10,"key":"SMITH"},{"data":"Coolheaded","floor":13,"key":"SMITH"},{"data":"Fission","floor":15,"key":"SMITH"}],"neow_cost":"NONE","seed_source_timestamp":44723900121159,"circlet_count":0,"master_deck":["Strike_B","Strike_B","Strike_B","Defend_B","Defend_B","Defend_B","Zap","Dualcast+1","Cold Snap","Fission+1","Darkness","Capacitor","Compile Driver","Double Energy+1","Redo+1","Coolheaded+1","FTL"],"relics":["Cracked Core","Emotion Chip","Ginger","Turnip"],"potions_floor_usage":[16],"damage_taken":[{"damage":7,"enemies":"Jaw Worm","floor":1,"turns":3},{"damage":0,"enemies":"Cultist","floor":3,"turns":3},{"damage":0,"enemies":"2 Louse","floor":5,"turns":3},{"damage":40,"enemies":"3 Sentries","floor":6,"turns":9},{"damage":14,"enemies":"Lagavulin","floor":8,"turns":6},{"damage":0,"enemies":"Large Slime","floor":11,"turns":5},{"damage":42,"enemies":"Slime Boss","floor":16,"turns":6}],"seed_played":"8936687948771062728","potions_obtained":[{"floor":1,"key":"AttackPotion"},{"floor":6,"key":"SneckoOil"}],"is_trial":false,"path_per_floor":["M","?","M","$","M","E","R","E","T","R","M","?","R","$","R","B"],"character_chosen":"DEFECT","items_purchased":["Capacitor","FTL"],"campfire_rested":0,"item_purchase_floors":[4,14],"current_hp_per_floor":[68,68,68,68,68,28,28,14,14,14,14,39,39,39,39,0],"gold":3,"neow_bonus":"UPGRADE_CARD","is_prod":false,"is_daily":false,"chose_seed":false,"campfire_upgraded":4,"win_rate":0,"timestamp":1544111528,"path_taken":["M","?","M","$","?","E","R","E","T","R","M","?","R","$","R","BOSS"],"build_version":"2018-11-15","purchased_purges":1,"victory":false,"max_hp_per_floor":[75,75,75,75,75,75,75,75,75,75,75,75,75,75,75,75],"card_choices":[{"not_picked":["Redo","Steam"],"picked":"Cold Snap","floor":1},{"not_picked":["Conserve Battery","Auto Shields"],"picked":"Darkness","floor":3},{"not_picked":["Rebound","Gash"],"picked":"Compile Driver","floor":5},{"not_picked":["Darkness","Meteor Strike"],"picked":"Double Energy","floor":6},{"not_picked":["Sweeping Beam","Barrage"],"picked":"Redo","floor":8},{"not_picked":["Turbo","Recycle"],"picked":"Coolheaded","floor":11}],"player_experience":164993,"relics_obtained":[{"floor":6,"key":"Emotion Chip"},{"floor":8,"key":"Ginger"},{"floor":9,"key":"Turnip"}],"event_choices":[{"damage_healed":0,"gold_gain":0,"cards_transformed":["Strike_B"],"player_choice":"Transformed","damage_taken":0,"max_hp_gain":0,"max_hp_loss":0,"event_name":"Transmorgrifier","floor":2,"gold_loss":0,"cards_obtained":["Fission"]},{"damage_healed":25,"gold_gain":0,"player_choice":"Banana","damage_taken":0,"max_hp_gain":0,"max_hp_loss":0,"event_name":"Big Fish","floor":12,"gold_loss":0}],"is_beta":false,"boss_relics":[],"items_purged_floors":[14],"is_endless":false,"potions_floor_spawned":[1,6],"killed_by":"Slime Boss","ascension_level":5}