{"gold_per_floor":[110,110,124,124,140,140,150,164,164,164,184,204,223,32,32,134,134,146,146,161,173,173],"floor_reached":22,"playtime":1621,"items_purged":[],"score":182,"play_id":"d000d3c9-35f5-49a5-8a3b-837c4f7512a9","local_time":"20181222083120","is_ascension_mode":false,"campfire_choices":[{"data":"Tactician","floor":6,"key":"SMITH"},{"data":"Infinite Blades","floor":10,"key":"SMITH"},{"data":"Catalyst","floor":15,"key":"SMITH"}],"neow_cost":"NONE","seed_source_timestamp":57254558317380,"circlet_count":0,"master_deck":["Defend_G","Defend_G","Defend_G","Defend_G","Defend_G","Strike_G","Strike_G","Strike_G","Strike_G","Strike_G","Survivor","Neutralize","Unload","Poisoned Stab","Deadly Poison","Tactician+1","Envenom","Infinite Blades+1","Dagger Throw","Finisher","Catalyst+1","Adrenaline","Deflect","Dagger Throw","Purity","Footwork+1","Endless Agony+1"],"relics":["Ring of the Snake","Darkstone Periapt","Ancient Tea Set","Ornamental Fan","TwistedFunnel","Philosopher\u0027s Stone"],"potions_floor_usage":[],"damage_taken":[{"damage":1,"enemies":"Cultist","floor":1,"turns":3},{"damage":0,"enemies":"2 Louse","floor":3,"turns":2},{"damage":0,"enemies":"Jaw Worm","floor":5,"turns":3},{"damage":11,"enemies":"Large Slime","floor":7,"turns":7},{"damage":1,"enemies":"Gremlin Gang","floor":8,"turns":6},{"damage":2,"enemies":"Looter","floor":11,"turns":3},{"damage":0,"enemies":"Lots of Slimes","floor":12,"turns":4},{"damage":0,"enemies":"3 Louse","floor":13,"turns":3},{"damage":27,"enemies":"The Guardian","floor":16,"turns":7},{"damage":19,"enemies":"Spheric Guardian","floor":18,"turns":5},{"damage":14,"enemies":"2 Thieves","floor":20,"turns":2},{"damage":7,"enemies":"Snecko","floor":21,"turns":4},{"damage":31,"enemies":"Snake Plant","floor":22,"turns":3}],"seed_played":"5663887343301111973","potions_obtained":[{"floor":1,"key":"Dexterity Potion"},{"floor":5,"key":"AttackPotion"},{"floor":11,"key":"Fire Potion"},{"floor":13,"key":"GhostInAJar"}],"is_trial":false,"path_per_floor":["M","T","M","?","M","R","M","M","T","R","M","M","M","$","R","B",null,"M","?","M","M","M"],"character_chosen":"THE_SILENT","items_purchased":["TwistedFunnel"],"campfire_rested":0,"item_purchase_floors":[14],"current_hp_per_floor":[69,69,69,57,57,57,46,45,45,45,43,43,43,43,43,16,70,51,51,37,30,0],"gold":173,"neow_bonus":"ONE_RANDOM_RARE_CARD","is_prod":false,"is_daily":false,"chose_seed":false,"campfire_upgraded":3,"win_rate":0.0,"timestamp":1545463880,"path_taken":["M","?","M","?","M","R","M","M","T","R","?","M","M","$","R","BOSS","M","?","?","M","M"],"build_version":"2018-12-20","purchased_purges":0,"victory":false,"max_hp_per_floor":[70,70,70,70,70,70,70,70,70,70,70,70,70,70,70,70,70,70,70,70,70,70],"card_choices":[{"not_picked":["Outmaneuver","Flechettes"],"picked":"Poisoned Stab","floor":1},{"not_picked":["Quick Slash","Slice"],"picked":"Deadly Poison","floor":3},{"not_picked":["Flechettes","Deflect"],"picked":"Tactician","floor":5},{"not_picked":["Footwork","Acrobatics"],"picked":"Envenom","floor":7},{"not_picked":["Slice","Outmaneuver"],"picked":"Infinite Blades","floor":8},{"not_picked":["Tactician","Quick Slash"],"picked":"Dagger Throw","floor":11},{"not_picked":["Caltrops","Underhanded Strike"],"picked":"Finisher","floor":12},{"not_picked":["Backstab","Deadly Poison"],"picked":"Catalyst","floor":13},{"not_picked":["Wraith Form v2","A Thousand Cuts"],"picked":"Adrenaline","floor":16},{"not_picked":["Reflex","Sucker Punch"],"picked":"Deflect","floor":18},{"not_picked":["Flechettes","Dash"],"picked":"Footwork+1","floor":20},{"not_picked":["Dash+1","Noxious Fumes"],"picked":"Endless Agony+1","floor":21}],"player_experience":17852,"relics_obtained":[{"floor":2,"key":"Darkstone Periapt"},{"floor":9,"key":"Ornamental Fan"}],"event_choices":[{"damage_healed":0,"gold_gain":0,"player_choice":"Success","damage_taken":12,"relics_obtained":["Ancient Tea Set"],"max_hp_gain":0,"max_hp_loss":0,"event_name":"Scrap Ooze","floor":4,"gold_loss":0},{"damage_healed":0,"gold_gain":0,"player_choice":"2 cards matched","damage_taken":0,"max_hp_gain":0,"max_hp_loss":0,"event_name":"Match and Keep!","floor":19,"gold_loss":0,"cards_obtained":["Dagger Throw","Purity"]}],"is_beta":false,"boss_relics":[{"not_picked":["Ring of the Serpent","Tiny House"],"picked":"Philosopher\u0027s Stone"}],"items_purged_floors":[],"is_endless":false,"potions_floor_spawned":[1,5,8,11,13,16,18,21],"killed_by":"Snake Plant","ascension_level":0}