{"gold_per_floor":[118,131,131,131,144,144,163,176,245,260,260,276,276,276,276,375,375,393,393,393,411,423,443,443,443,443,457,467,108,120,40,40,40],"floor_reached":33,"playtime":954,"items_purged":[],"score":268,"play_id":"ab4a81bc-b2fe-4840-a891-d304a2815b28","local_time":"20190318224204","is_ascension_mode":false,"campfire_choices":[{"data":"Perfected Strike","floor":6,"key":"SMITH"},{"data":"Flame Barrier","floor":11,"key":"SMITH"},{"data":"Bash","floor":15,"key":"SMITH"},{"data":"Offering","floor":24,"key":"SMITH"},{"floor":32,"key":"REST"}],"neow_cost":"NONE","seed_source_timestamp":293191271302148,"circlet_count":0,"master_deck":["Strike_R","Strike_R","Strike_R","Strike_R","Strike_R","Defend_R","Defend_R","Defend_R","Defend_R+1","Bash+1","Limit Break+1","Flex","Perfected Strike+1","Flame Barrier+1","Shrug It Off","Thunderclap","Flex","Perfected Strike+1","Offering+1","Heavy Blade+1","Pommel Strike","Seeing Red+1","Wild Strike+1","Shockwave","Inflame","Flex","Perfected Strike","Infernal Blade"],"relics":["Burning Blood","Pear","Philosopher\u0027s Stone","Bird Faced Urn","The Courier","Blood Vial","Self Forming Clay"],"potions_floor_usage":[8,12,16,16,27,33,33],"damage_taken":[{"damage":12,"enemies":"Jaw Worm","floor":1,"turns":5},{"damage":0,"enemies":"Small Slimes","floor":2,"turns":3},{"damage":5,"enemies":"2 Louse","floor":5,"turns":2},{"damage":10,"enemies":"2 Fungi Beasts","floor":7,"turns":3},{"damage":7,"enemies":"Blue Slaver","floor":8,"turns":3},{"damage":5,"enemies":"Looter","floor":10,"turns":2},{"damage":5,"enemies":"Red Slaver","floor":12,"turns":4},{"damage":31,"enemies":"Hexaghost","floor":16,"turns":8},{"damage":15,"enemies":"3 Byrds","floor":18,"turns":5},{"damage":4,"enemies":"Chosen","floor":21,"turns":4},{"damage":7,"enemies":"Centurion and Healer","floor":22,"turns":4},{"damage":16,"enemies":"Snecko","floor":23,"turns":4},{"damage":18,"enemies":"3 Cultists","floor":27,"turns":7},{"damage":23,"enemies":"Sentry and Sphere","floor":28,"turns":4},{"damage":18,"enemies":"Cultist and Chosen","floor":30,"turns":4},{"damage":73,"enemies":"Automaton","floor":33,"turns":8}],"seed_played":"3443931900579075882","potions_obtained":[{"floor":2,"key":"EssenceOfSteel"},{"floor":5,"key":"SkillPotion"},{"floor":7,"key":"Weak Potion"},{"floor":10,"key":"Regen Potion"},{"floor":18,"key":"Ancient Potion"},{"floor":23,"key":"SkillPotion"},{"floor":25,"key":"Block Potion"},{"floor":28,"key":"Block Potion"}],"is_trial":false,"path_per_floor":["M","M","?","?","M","R","M","M","T","M","R","M","?","?","R","B",null,"M","?","?","M","M","M","R","?","T","M","M","$","M","$","R","B"],"character_chosen":"IRONCLAD","items_purchased":["Blood Vial","Inflame","Self Forming Clay","Perfected Strike","Infernal Blade"],"campfire_rested":1,"item_purchase_floors":[29,29,29,31,31],"current_hp_per_floor":[74,80,80,64,65,65,61,60,70,71,71,84,84,89,89,64,95,86,86,86,88,87,77,77,77,77,65,48,48,38,38,66,0],"gold":40,"neow_bonus":"ONE_RANDOM_RARE_CARD","is_prod":false,"is_daily":false,"chose_seed":false,"campfire_upgraded":4,"win_rate":0,"timestamp":1552945324,"path_taken":["M","M","?","?","?","R","M","M","T","M","R","M","?","?","R","BOSS","M","?","?","?","M","M","R","?","T","M","?","$","M","$","R","BOSS"],"build_version":"2019-01-23","purchased_purges":0,"victory":false,"max_hp_per_floor":[80,80,80,80,80,80,80,80,90,90,90,90,90,95,95,95,95,95,95,95,95,95,95,95,95,95,95,95,95,95,95,95,95],"card_choices":[{"not_picked":["Headbutt","Sever Soul"],"picked":"Flex","floor":1},{"not_picked":["Flex","Combust"],"picked":"Perfected Strike","floor":2},{"not_picked":["Whirlwind","True Grit"],"picked":"Flame Barrier","floor":5},{"not_picked":["Armaments","Anger"],"picked":"Shrug It Off","floor":7},{"not_picked":["Anger","Cleave"],"picked":"Thunderclap","floor":8},{"not_picked":["Sword Boomerang","Combust"],"picked":"Flex","floor":10},{"not_picked":["Pommel Strike","True Grit"],"picked":"Perfected Strike","floor":12},{"not_picked":["Immolate","Demon Form"],"picked":"Offering","floor":16},{"not_picked":["Flex+1","Sentinel+1"],"picked":"Heavy Blade+1","floor":18},{"not_picked":["Havoc","Iron Wave"],"picked":"Pommel Strike","floor":21},{"not_picked":["Warcry","Second Wind"],"picked":"Seeing Red+1","floor":22},{"not_picked":["Body Slam","Battle Trance"],"picked":"Wild Strike+1","floor":23},{"not_picked":["Clothesline","Headbutt"],"picked":"Shockwave","floor":27},{"not_picked":["Rage","Carnage","Hemokinesis+1"],"picked":"SKIP","floor":28},{"not_picked":["Warcry+1","Spot Weakness"],"picked":"Flex","floor":30}],"player_experience":305970,"relics_obtained":[{"floor":9,"key":"Pear"},{"floor":20,"key":"Bird Faced Urn"},{"floor":26,"key":"The Courier"}],"event_choices":[{"damage_healed":0,"gold_gain":0,"player_choice":"Ignored","damage_taken":0,"max_hp_gain":0,"max_hp_loss":0,"event_name":"Liars Game","floor":3,"gold_loss":0},{"damage_healed":0,"gold_gain":0,"player_choice":"Entered Light","damage_taken":16,"max_hp_gain":0,"max_hp_loss":0,"event_name":"Shining Light","floor":4,"gold_loss":0,"cards_upgraded":["Defend_R","Limit Break"]},{"damage_healed":0,"gold_gain":0,"player_choice":"Grow","damage_taken":0,"max_hp_gain":0,"max_hp_loss":0,"event_name":"Living Wall","floor":13,"gold_loss":0,"cards_upgraded":["Perfected Strike"]},{"damage_healed":0,"gold_gain":0,"player_choice":"Donut","damage_taken":0,"max_hp_gain":5,"max_hp_loss":0,"event_name":"Big Fish","floor":14,"gold_loss":0},{"damage_healed":0,"gold_gain":0,"player_choice":"Ignored","damage_taken":0,"max_hp_gain":0,"max_hp_loss":0,"event_name":"Ghosts","floor":19,"gold_loss":0},{"damage_healed":0,"gold_gain":0,"player_choice":"Relic","damage_taken":0,"max_hp_gain":0,"max_hp_loss":0,"event_name":"Wheel of Change","floor":20,"gold_loss":0},{"damage_healed":0,"gold_gain":0,"player_choice":"Got Potions","damage_taken":0,"max_hp_gain":0,"max_hp_loss":0,"event_name":"Lab","floor":25,"gold_loss":0}],"is_beta":false,"boss_relics":[{"not_picked":["Lizard Tail","Calling Bell"],"picked":"Philosopher\u0027s Stone"}],"items_purged_floors":[],"is_endless":false,"potions_floor_spawned":[2,5,7,10,18,23,28,30],"killed_by":"Automaton","ascension_level":0}