{"gold_per_floor":[109,109,109,123,137,137,149,11,36,48,48,82,100,111,111,210,210,225,243,51,51,51,51,70,80,80,90,90,101,101,26,26,123,123,123,170,185,10,10],"floor_reached":39,"playtime":2857,"items_purged":["Beam Cell"],"score":404,"play_id":"c750af07-feee-44a2-8de4-c211984e61d4","local_time":"20181126225334","is_ascension_mode":true,"campfire_choices":[{"data":"Lockon","floor":6,"key":"SMITH"},{"data":"White Noise","floor":11,"key":"SMITH"},{"data":"Creative AI","floor":15,"key":"SMITH"},{"data":"Apotheosis","floor":23,"key":"SMITH"},{"floor":28,"key":"REST"},{"floor":30,"key":"REST"},{"floor":32,"key":"RECALL"}],"neow_cost":"CURSE","seed_source_timestamp":42046511946774,"circlet_count":0,"master_deck":["Strike_B","Strike_B","Strike_B","Strike_B","Defend_B","Defend_B","Defend_B","Defend_B","Zap","Dualcast","Consume+1","Lockon+1","Electrodynamics","White Noise+1","Leap","Deep Breath","Creative AI+1","Reinforced Body","Fusion","Buffer","Cold Snap","Buffer","Apotheosis+1","Necronomicurse","Conserve Battery","Conserve Battery+1","Steam+1","Stack","Creative AI","Leap","Self Repair","Conserve Battery+1","Sadistic Nature"],"relics":["FrozenCore","Unceasing Top","Lantern","Nuclear Battery","Necronomicon","Art of War","Prayer Wheel"],"potions_floor_usage":[16,25,33,33,33,35,36],"damage_taken":[{"damage":3,"enemies":"Small Slimes","floor":1,"turns":3},{"damage":1,"enemies":"Jaw Worm","floor":4,"turns":4},{"damage":1,"enemies":"Cultist","floor":5,"turns":3},{"damage":0,"enemies":"2 Fungi Beasts","floor":7,"turns":4},{"damage":0,"enemies":"Looter","floor":10,"turns":4},{"damage":4,"enemies":"Lagavulin","floor":12,"turns":5},{"damage":6,"enemies":"Exordium Thugs","floor":13,"turns":4},{"damage":0,"enemies":"Blue Slaver","floor":14,"turns":3},{"damage":50,"enemies":"Hexaghost","floor":16,"turns":13},{"damage":5,"enemies":"Chosen","floor":18,"turns":4},{"damage":10,"enemies":"Spheric Guardian","floor":19,"turns":4},{"damage":6,"enemies":"Chosen and Byrds","floor":24,"turns":7},{"damage":20,"enemies":"Shelled Parasite and Fungi","floor":25,"turns":9},{"damage":14,"enemies":"Snake Plant","floor":27,"turns":5},{"damage":2,"enemies":"Cultist and Chosen","floor":29,"turns":5},{"damage":7,"enemies":"Automaton","floor":33,"turns":9},{"damage":0,"enemies":"3 Darklings","floor":35,"turns":2},{"damage":64,"enemies":"2 Orb Walkers","floor":36,"turns":9},{"damage":2,"enemies":"Orb Walker","floor":37,"turns":5},{"damage":9,"enemies":"Transient","floor":39,"turns":1}],"seed_played":"-3256684218031832266","potions_obtained":[{"floor":1,"key":"Strength Potion"},{"floor":4,"key":"FearPotion"},{"floor":13,"key":"LiquidBronze"},{"floor":14,"key":"PowerPotion"},{"floor":16,"key":"SteroidPotion"},{"floor":22,"key":"EntropicBrew"},{"floor":22,"key":"EssenceOfSteel"},{"floor":22,"key":"PowerPotion"},{"floor":24,"key":"Regen Potion"},{"floor":27,"key":"Explosive Potion"},{"floor":33,"key":"SmokeBomb"}],"is_trial":false,"path_per_floor":["M","?","?","M","M","R","M","$","T","M","R","E","M","M","R","B",null,"M","M","$","?","?","R","M","M","T","M","R","M","R","$","R","B",null,"M","?","M","$","M"],"character_chosen":"DEFECT","items_purchased":["Leap","Deep Breath","Apotheosis","Sadistic Nature"],"campfire_rested":2,"item_purchase_floors":[8,8,20,38],"current_hp_per_floor":[72,72,72,71,70,70,70,70,70,70,70,66,60,60,60,10,75,70,60,60,44,44,44,38,33,33,19,41,39,61,61,61,54,75,75,11,9,9,0],"gold":10,"neow_bonus":"ONE_RARE_RELIC","is_prod":false,"is_daily":false,"chose_seed":false,"campfire_upgraded":4,"win_rate":0,"timestamp":1543240414,"path_taken":["M","?","?","M","?","R","M","$","T","M","R","E","M","M","R","BOSS","M","M","$","?","?","R","M","M","T","M","R","M","R","$","R","BOSS","M","?","M","$","M"],"build_version":"2018-11-15","purchased_purges":1,"victory":false,"max_hp_per_floor":[75,75,75,75,75,75,75,75,75,75,75,75,75,75,75,75,75,75,75,75,75,75,75,75,75,75,75,75,75,75,75,75,75,75,75,75,75,75,75],"card_choices":[{"not_picked":["Blizzard","Reprogram"],"picked":"Consume","floor":1},{"not_picked":["Beam Cell","Turbo"],"picked":"Lockon","floor":4},{"not_picked":["Cold Snap","Doom and Gloom"],"picked":"Electrodynamics","floor":5},{"not_picked":["Doom and Gloom","Cold Snap"],"picked":"White Noise","floor":7},{"not_picked":["Leap","Compile Driver"],"picked":"Beam Cell","floor":10},{"not_picked":["Stack","Ball Lightning"],"picked":"Creative AI","floor":12},{"not_picked":["Go for the Eyes","Rebound"],"picked":"Reinforced Body","floor":13},{"not_picked":["Barrage","Turbo"],"picked":"Fusion","floor":14},{"not_picked":["Rainbow","Machine Learning"],"picked":"Buffer","floor":16},{"not_picked":["Turbo","Go for the Eyes"],"picked":"Cold Snap","floor":18},{"not_picked":["Glacier+1","Go for the Eyes"],"picked":"Buffer","floor":19},{"not_picked":["Steam","Redo"],"picked":"Conserve Battery","floor":24},{"not_picked":["Blizzard","Cold Snap"],"picked":"Conserve Battery+1","floor":25},{"not_picked":["Turbo","Tempest"],"picked":"Steam+1","floor":27},{"not_picked":["Beam Cell+1","Thunder Strike"],"picked":"Stack","floor":29},{"not_picked":["Biased Cognition","Fission"],"picked":"Creative AI","floor":33},{"not_picked":["Turbo+1","Reprogram+1"],"picked":"Leap","floor":36},{"not_picked":["Steam+1","Darkness+1"],"picked":"Self Repair","floor":37},{"not_picked":["Hologram","Skim"],"picked":"Conserve Battery+1","floor":37}],"player_experience":89416,"relics_obtained":[{"floor":12,"key":"Lantern"},{"floor":21,"key":"Necronomicon"},{"floor":26,"key":"Art of War"},{"floor":36,"key":"Prayer Wheel"}],"event_choices":[{"damage_healed":0,"gold_gain":0,"player_choice":"Grow","damage_taken":0,"max_hp_gain":0,"max_hp_loss":0,"event_name":"Living Wall","floor":2,"gold_loss":0,"cards_upgraded":["Consume"]},{"cards_removed":["Decay"],"damage_healed":0,"gold_gain":0,"player_choice":"Removed Curses","damage_taken":0,"max_hp_gain":0,"max_hp_loss":0,"event_name":"Fountain of Cleansing","floor":3,"gold_loss":0},{"damage_healed":0,"gold_gain":0,"player_choice":"Obtained Book","damage_taken":16,"max_hp_gain":0,"max_hp_loss":0,"event_name":"Cursed Tome","floor":21,"gold_loss":0},{"damage_healed":0,"gold_gain":0,"player_choice":"Got Potions","damage_taken":0,"max_hp_gain":0,"max_hp_loss":0,"event_name":"Lab","floor":22,"gold_loss":0},{"damage_healed":0,"gold_gain":0,"player_choice":"Fight","damage_taken":0,"max_hp_gain":0,"max_hp_loss":0,"event_name":"Mysterious Sphere","floor":36,"gold_loss":0}],"is_beta":false,"boss_relics":[{"not_picked":["Runic Dome","Velvet Choker"],"picked":"Nuclear Battery"},{"not_picked":["Empty Cage","Runic Pyramid"],"picked":"FrozenCore"}],"items_purged_floors":[31],"is_endless":false,"potions_floor_spawned":[1,4,13,14,16,24,27,33,35],"killed_by":"Transient","ascension_level":1}