{"gold_per_floor":[12,22,42,42,42,73,73,88,88,99,129,129,129,161,161,257,257,277,277,197,197,217,217,217,217,240,240,240,240,251,280,280,380,380,390,150,162,162,177,177,192,192,264,264,280,314,314,325,325,325,325,325,18,46,46],"floor_reached":55,"playtime":2721,"items_purged":[],"score":907,"play_id":"2053fa4a-20bc-4d86-917d-037b568a6f76","local_time":"20190324003936","is_ascension_mode":true,"campfire_choices":[{"floor":7.0,"key":"REST"},{"data":"Uppercut","floor":12.0,"key":"SMITH"},{"data":"1","floor":15.0,"key":"LIFT"},{"data":"2","floor":23.0,"key":"LIFT"},{"data":"3","floor":25.0,"key":"LIFT"},{"data":"Rampage","floor":29.0,"key":"SMITH"},{"floor":32.0,"key":"REST"},{"data":"Body Slam","floor":40.0,"key":"SMITH"},{"floor":42.0,"key":"REST"},{"data":"Bludgeon","floor":44.0,"key":"SMITH"},{"floor":47.0,"key":"RECALL"},{"data":"Body Slam","floor":49.0,"key":"SMITH"},{"floor":52.0,"key":"REST"}],"neow_cost":"NO_GOLD","seed_source_timestamp":342740758703366,"circlet_count":0,"master_deck":["Strike_R","Strike_R","Strike_R","Defend_R","Defend_R","Defend_R","Defend_R","Bash","Uppercut+1","Shrug It Off","Headbutt","Shrug It Off+1","Headbutt","Bludgeon+1","Body Slam+1","Rampage+1","Whirlwind+1","Armaments+1","Double Tap","Body Slam+1","Armaments+1","Infernal Blade+1","Flex+1","Spot Weakness+1","Infernal Blade+1"],"special_seed":0,"relics":["Black Blood","Bronze Scales","Girya","FossilizedHelix","MutagenicStrength","Centennial Puzzle","Gremlin Horn","Mark of Pain","Paper Frog","FaceOfCleric","Pantograph","Anchor","DollysMirror","Bottled Flame"],"potions_floor_usage":[],"damage_taken":[{"damage":4.0,"enemies":"Small Slimes","floor":1.0,"turns":5.0},{"damage":2.0,"enemies":"2 Louse","floor":2.0,"turns":3.0},{"damage":7.0,"enemies":"Jaw Worm","floor":3.0,"turns":3.0},{"damage":51.0,"enemies":"Gremlin Nob","floor":6.0,"turns":6.0},{"damage":0.0,"enemies":"Looter","floor":8.0,"turns":4.0},{"damage":1.0,"enemies":"2 Fungi Beasts","floor":10.0,"turns":4.0},{"damage":10.0,"enemies":"Lagavulin","floor":14.0,"turns":8.0},{"damage":46.0,"enemies":"Hexaghost","floor":16.0,"turns":8.0},{"damage":1.0,"enemies":"3 Byrds","floor":18.0,"turns":3.0},{"damage":11.0,"enemies":"Spheric Guardian","floor":22.0,"turns":4.0},{"damage":0.0,"enemies":"3 Cultists","floor":30.0,"turns":3.0},{"damage":53.0,"enemies":"Book of Stabbing","floor":31.0,"turns":6.0},{"damage":62.0,"enemies":"Automaton","floor":33.0,"turns":8.0},{"damage":12.0,"enemies":"3 Shapes","floor":35.0,"turns":1.0},{"damage":18.0,"enemies":"3 Darklings","floor":37.0,"turns":3.0},{"damage":0.0,"enemies":"Maw","floor":39.0,"turns":6.0},{"damage":22.0,"enemies":"Sphere and 2 Shapes","floor":41.0,"turns":4.0},{"damage":0.0,"enemies":"4 Shapes","floor":45.0,"turns":3.0},{"damage":0.0,"enemies":"Nemesis","floor":46.0,"turns":3.0},{"damage":13.0,"enemies":"Maw","floor":48.0,"turns":5.0},{"damage":65.0,"enemies":"Time Eater","floor":50.0,"turns":9.0},{"damage":42.0,"enemies":"Shield and Spear","floor":54.0,"turns":5.0},{"damage":124,"enemies":"The Heart","floor":55,"turns":5}],"seed_played":"-3570878923347876500","potions_obtained":[{"floor":1.0,"key":"PowerPotion"},{"floor":6.0,"key":"Fruit Juice"},{"floor":8.0,"key":"Regen Potion"},{"floor":18.0,"key":"FearPotion"},{"floor":30.0,"key":"Ancient Potion"},{"floor":31.0,"key":"Weak Potion"},{"floor":39.0,"key":"SkillPotion"},{"floor":46.0,"key":"SkillPotion"}],"is_trial":false,"path_per_floor":["M","M","M","?","?","E","R","M","T","M","?","R","?","E","R","B",null,"M","?","$","T","M","R","?","R","T","?","?","R","M","E","R","B",null,"M","$","M","?","M","R","M","R","T","R","M","E","R","M","R","B",null,"R","$","E","B"],"character_chosen":"IRONCLAD","items_purchased":["Rampage","Paper Frog","FearPotion","Block Potion","DollysMirror"],"campfire_rested":4,"item_purchase_floors":[20,36,53,53,53],"current_hp_per_floor":[74,78,77,77,77,37,62,68,68,82,82,82,82,78,78,38,73,82,82,82,82,81,81,81,81,81,81,81,81,85,42,67,15,68,66,66,58,58,69,69,58,84,84,84,88,89,89,87,87,36,77,91,91,60,0],"gold":46,"neow_bonus":"REMOVE_TWO","is_prod":false,"is_daily":false,"chose_seed":false,"campfire_upgraded":5,"win_rate":0,"timestamp":1553384376,"path_taken":["M","M","M","?","?","E","R","M","T","M","?","R","?","E","R","BOSS","M","?","$","?","M","R","?","R","T","?","?","R","M","E","R","BOSS","M","$","M","?","M","R","M","R","T","R","M","E","R","M","R","BOSS","R","$","E","BOSS"],"build_version":"2019-01-23","purchased_purges":0,"victory":false,"max_hp_per_floor":[80,80,80,80,80,85,85,85,85,85,85,85,85,85,85,85,85,85,85,85,85,85,85,85,85,85,85,85,85,85,85,85,85,85,85,85,85,85,86,86,87,87,87,87,88,89,89,90,90,91,91,91,91,92,92],"card_choices":[{"not_picked":["Wild Strike","Anger"],"picked":"Uppercut","floor":1.0},{"not_picked":["Perfected Strike","Bloodletting"],"picked":"Shrug It Off","floor":2.0},{"not_picked":["Searing Blow","Havoc"],"picked":"Headbutt","floor":3.0},{"not_picked":["Spot Weakness","Havoc"],"picked":"Shrug It Off","floor":6.0},{"not_picked":["Twin Strike","Disarm","Wild Strike"],"picked":"SKIP","floor":8.0},{"not_picked":["Perfected Strike","Flex"],"picked":"Headbutt","floor":10.0},{"not_picked":["Berserk","Heavy Blade","Sentinel"],"picked":"SKIP","floor":14.0},{"not_picked":["Immolate","Berserk"],"picked":"Bludgeon","floor":16.0},{"not_picked":["Infernal Blade","Hemokinesis"],"picked":"Body Slam","floor":18.0},{"not_picked":["Cleave+1","Blood for Blood"],"picked":"Whirlwind","floor":22.0},{"not_picked":["Thunderclap","Warcry","Rage"],"picked":"SKIP","floor":30.0},{"not_picked":["Feed","Perfected Strike"],"picked":"Armaments+1","floor":31.0},{"not_picked":["Fiend Fire","Brutality"],"picked":"Double Tap","floor":33.0},{"not_picked":["Feel No Pain","Bloodletting"],"picked":"Body Slam","floor":35.0},{"not_picked":["Warcry","Clash+1","Wild Strike+1"],"picked":"SKIP","floor":37.0},{"not_picked":["Cleave","Burning Pact","Rupture+1"],"picked":"SKIP","floor":39.0},{"not_picked":["Cleave+1","Blood for Blood"],"picked":"Armaments+1","floor":41.0},{"not_picked":["Uppercut","Shrug It Off"],"picked":"Infernal Blade+1","floor":45.0},{"not_picked":["Combust","Reckless Charge"],"picked":"Flex+1","floor":46.0},{"not_picked":["Headbutt","Clothesline"],"picked":"Spot Weakness+1","floor":48.0},{"not_picked":["Warcry","Bludgeon","Armaments+1"],"picked":"SKIP","floor":54.0}],"player_experience":386011,"relics_obtained":[{"floor":6.0,"key":"Bronze Scales"},{"floor":14.0,"key":"Girya"},{"floor":21.0,"key":"FossilizedHelix"},{"floor":26.0,"key":"Centennial Puzzle"},{"floor":31.0,"key":"Gremlin Horn"},{"floor":43.0,"key":"Pantograph"},{"floor":46.0,"key":"Anchor"},{"floor":54.0,"key":"Bottled Flame"}],"event_choices":[{"damage_healed":0.0,"max_hp_gain":0.0,"max_hp_loss":0.0,"gold_gain":0.0,"event_name":"Golden Idol","player_choice":"Ignored","floor":4.0,"gold_loss":0.0,"damage_taken":0.0},{"damage_healed":0.0,"max_hp_gain":0.0,"max_hp_loss":0.0,"gold_gain":0.0,"event_name":"Liars Game","player_choice":"Ignored","floor":5.0,"gold_loss":0.0,"damage_taken":0.0},{"damage_healed":0.0,"max_hp_gain":0.0,"max_hp_loss":0.0,"gold_gain":30.0,"event_name":"Dead Adventurer","player_choice":"Searched \u00271\u0027 times","floor":11.0,"gold_loss":0.0,"damage_taken":0.0},{"damage_healed":0.0,"max_hp_gain":0.0,"max_hp_loss":0.0,"gold_gain":0.0,"event_name":"Living Wall","player_choice":"Grow","floor":13.0,"gold_loss":0.0,"damage_taken":0.0,"cards_upgraded":["Shrug It Off"]},{"damage_healed":0.0,"max_hp_gain":0.0,"max_hp_loss":0.0,"gold_gain":0.0,"event_name":"Ghosts","player_choice":"Ignored","floor":19.0,"gold_loss":0.0,"damage_taken":0.0},{"damage_healed":0.0,"max_hp_gain":0.0,"max_hp_loss":0.0,"gold_gain":0.0,"event_name":"Drug Dealer","player_choice":"Inject Mutagens","floor":24.0,"gold_loss":0.0,"damage_taken":0.0,"relics_obtained":["MutagenicStrength"]},{"damage_healed":0.0,"max_hp_gain":0.0,"max_hp_loss":0.0,"gold_gain":0.0,"event_name":"Vampires","player_choice":"Ignored","floor":27.0,"gold_loss":0.0,"damage_taken":0.0},{"damage_healed":0.0,"max_hp_gain":0.0,"max_hp_loss":0.0,"gold_gain":0.0,"event_name":"Upgrade Shrine","player_choice":"Upgraded","floor":28.0,"gold_loss":0.0,"damage_taken":0.0,"cards_upgraded":["Whirlwind"]},{"damage_healed":0.0,"max_hp_gain":0.0,"max_hp_loss":0.0,"gold_gain":0.0,"event_name":"FaceTrader","player_choice":"Trade","floor":38.0,"gold_loss":0.0,"damage_taken":0.0,"relics_obtained":["FaceOfCleric"]}],"is_beta":false,"boss_relics":[{"not_picked":["Lizard Tail","Runic Dome"],"picked":"Black Blood"},{"not_picked":["Orrery","Philosopher\u0027s Stone"],"picked":"Mark of Pain"}],"items_purged_floors":[],"is_endless":false,"potions_floor_spawned":[1,6,8,18,30,31,39,45,46],"killed_by":"The Heart","ascension_level":6}