{"gold_per_floor":[110,121,221,43,56,56,56,56,56,73,73,48,74,149,149,253,253,241,241,255,267,145,145],"floor_reached":23,"playtime":890,"items_purged":[],"score":233,"play_id":"0970e08e-5e41-47aa-96c7-6f03971aba54","local_time":"20190309150414","is_ascension_mode":true,"campfire_choices":[{"data":"Metallicize","floor":6,"key":"SMITH"},{"data":"Metallicize","floor":8,"key":"SMITH"},{"data":"Shrug It Off","floor":11,"key":"SMITH"},{"data":"Defend_R","floor":15,"key":"SMITH"}],"neow_cost":"NONE","seed_source_timestamp":10645054941969,"circlet_count":0,"master_deck":["Strike_R","Strike_R","Strike_R","Strike_R","Strike_R","Defend_R","Defend_R","Defend_R","Defend_R+1","Shrug It Off+1","Metallicize+1","Purity","Metallicize+1","Shrug It Off","Juggernaut","Finesse","Seeing Red"],"special_seed":0,"relics":["Burning Blood","Art of War","Calipers","Du-Vu Doll","Ancient Tea Set","Sozu"],"potions_floor_usage":[16,20],"damage_taken":[{"damage":13.0,"enemies":"Jaw Worm","floor":1.0,"turns":4.0},{"damage":3,"enemies":"Cultist","floor":2,"turns":4},{"damage":0,"enemies":"2 Louse","floor":5,"turns":3},{"damage":0,"enemies":"Blue Slaver","floor":10,"turns":6},{"damage":47,"enemies":"The Guardian","floor":16,"turns":27},{"damage":16,"enemies":"2 Thieves","floor":18,"turns":4},{"damage":2,"enemies":"3 Byrds","floor":20,"turns":5},{"damage":0,"enemies":"Sentry and Sphere","floor":21,"turns":7},{"damage":69,"enemies":"Gremlin Leader","floor":23,"turns":6}],"seed_played":"-7396799353953209312","potions_obtained":[{"floor":10,"key":"Poison Potion"},{"floor":16,"key":"Weak Potion"}],"is_trial":false,"path_per_floor":["M","M","?","$","M","R","?","R","T","M","R","$","T","?","R","B",null,"M","?","M","M","$","E"],"character_chosen":"IRONCLAD","items_purchased":["Metallicize","Purity","Shrug It Off","Finesse","Seeing Red"],"campfire_rested":0,"item_purchase_floors":[4,4,12,22,22],"current_hp_per_floor":[65,68,68,68,74,74,67,67,67,73,73,73,73,62,62,21,65,55,55,59,65,65,0],"gold":145,"neow_bonus":"RANDOM_COMMON_RELIC","is_prod":false,"is_daily":false,"chose_seed":false,"campfire_upgraded":4,"win_rate":0,"timestamp":1552115054,"path_taken":["M","M","?","?","M","R","?","R","T","M","R","$","?","?","R","BOSS","M","?","M","?","$","E"],"build_version":"2019-01-23","purchased_purges":0,"victory":false,"max_hp_per_floor":[80,80,80,80,80,80,80,80,80,80,80,80,80,80,80,80,80,80,80,80,80,80,80],"card_choices":[{"not_picked":["Twin Strike","Body Slam"],"picked":"Shrug It Off","floor":1.0},{"not_picked":["Twin Strike","Thunderclap","Offering"],"picked":"SKIP","floor":2},{"not_picked":["Headbutt","Havoc"],"picked":"Metallicize","floor":5},{"not_picked":["Wild Strike","Rampage","Clothesline"],"picked":"SKIP","floor":10},{"not_picked":["Double Tap","Demon Form"],"picked":"Juggernaut","floor":16},{"not_picked":["Flex+1","Perfected Strike+1","Sword Boomerang+1"],"picked":"SKIP","floor":18},{"not_picked":["Clash","Sword Boomerang+1","Offering"],"picked":"SKIP","floor":20},{"not_picked":["Flex+1","Thunderclap","Heavy Blade"],"picked":"SKIP","floor":21}],"player_experience":267958,"relics_obtained":[{"floor":9,"key":"Du-Vu Doll"},{"floor":13,"key":"Ancient Tea Set"}],"event_choices":[{"damage_healed":0,"gold_gain":100,"player_choice":"Gold","damage_taken":0,"max_hp_gain":0,"max_hp_loss":0,"event_name":"Wheel of Change","floor":3,"gold_loss":0},{"damage_healed":0,"gold_gain":0,"player_choice":"Success","damage_taken":7,"relics_obtained":["Calipers"],"max_hp_gain":0,"max_hp_loss":0,"event_name":"Scrap Ooze","floor":7,"gold_loss":0},{"damage_healed":0,"gold_gain":75,"player_choice":"Gather Gold","damage_taken":11,"max_hp_gain":0,"max_hp_loss":0,"event_name":"World of Goop","floor":14,"gold_loss":0},{"cards_removed":["Bash"],"damage_healed":0,"gold_gain":0,"player_choice":"Offered Basic","damage_taken":0,"max_hp_gain":0,"max_hp_loss":0,"event_name":"Bonfire Elementals","floor":19,"gold_loss":0}],"is_beta":false,"boss_relics":[{"not_picked":["Runic Pyramid","Pandora\u0027s Box"],"picked":"Sozu"}],"items_purged_floors":[],"is_endless":false,"potions_floor_spawned":[10,16,18],"killed_by":"Gremlin Leader","ascension_level":6}