{"gold_per_floor":[112,112,112,112,131,160,160,160,160,160,175,194,194,194,194,320,320,333,333,36,36,55,55,71,86,86,105,126,126],"floor_reached":29,"playtime":1528,"items_purged":[],"score":345,"play_id":"51a0ffaa-61c2-4622-a93d-6d0fa7984525","local_time":"20181204154126","is_ascension_mode":true,"campfire_choices":[{"data":"Echo Form","floor":7,"key":"SMITH"},{"data":"Conserve Battery","floor":10,"key":"SMITH"},{"data":"Reinforced Body","floor":13,"key":"SMITH"},{"data":"Undo","floor":15,"key":"SMITH"},{"data":"Reinforced Body","floor":23,"key":"SMITH"}],"neow_cost":"NONE","seed_source_timestamp":16708104113786,"circlet_count":0,"master_deck":["Strike_B","Strike_B+1","Defend_B","Defend_B","Defend_B","Zap+1","Dualcast","Conserve Battery+1","Echo Form+1","Reinforced Body+1","Undo+1","Amplify","Static Discharge","Doom and Gloom","Reinforced Body+1","Skim","Doubt"],"relics":["Cracked Core","NeowsBlessing","Cables","Bronze Scales","Golden Idol","Mango","Bottled Lightning","Cursed Key","FossilizedHelix","Gremlin Horn"],"potions_floor_usage":[28,28],"damage_taken":[{"damage":0,"enemies":"Small Slimes","floor":1,"turns":1},{"damage":0,"enemies":"Jaw Worm","floor":5,"turns":1},{"damage":0,"enemies":"Gremlin Nob","floor":6,"turns":1},{"damage":0,"enemies":"Cultist","floor":11,"turns":3},{"damage":0,"enemies":"Blue Slaver","floor":12,"turns":3},{"damage":0,"enemies":"The Guardian","floor":16,"turns":10},{"damage":1,"enemies":"3 Byrds","floor":18,"turns":4},{"damage":7,"enemies":"Shell Parasite","floor":22,"turns":5},{"damage":16,"enemies":"Snake Plant","floor":24,"turns":4},{"damage":0,"enemies":"Snecko","floor":25,"turns":7},{"damage":0,"enemies":"Centurion and Healer","floor":27,"turns":8},{"damage":0,"enemies":"Cultist and Chosen","floor":28,"turns":6},{"damage":68,"enemies":"Slavers","floor":29,"turns":7}],"seed_played":"5961565741546806799","potions_obtained":[{"floor":16,"key":"Block Potion"},{"floor":22,"key":"Swift Potion"},{"floor":25,"key":"LiquidBronze"},{"floor":28,"key":"FocusPotion"}],"is_trial":false,"path_per_floor":["M","?","?","?","M","E","R","?","T","R","M","M","R","T","R","B",null,"M","?","$","?","M","R","M","M","T","M","M","E"],"character_chosen":"DEFECT","items_purchased":["FossilizedHelix"],"campfire_rested":0,"item_purchase_floors":[20],"current_hp_per_floor":[75,68,53,28,28,28,28,10,24,24,24,24,24,24,24,24,89,88,88,88,88,81,81,65,65,65,65,65,0],"gold":126,"neow_bonus":"THREE_ENEMY_KILL","is_prod":false,"is_daily":false,"chose_seed":false,"campfire_upgraded":5,"win_rate":0,"timestamp":1543905686,"path_taken":["M","?","?","?","M","E","R","?","T","R","?","?","R","?","R","BOSS","M","?","$","?","M","R","M","M","T","M","M","E"],"build_version":"2018-11-15","purchased_purges":0,"victory":false,"max_hp_per_floor":[75,75,75,75,75,75,75,75,89,89,89,89,89,89,89,89,89,89,89,89,89,89,89,89,89,89,89,89,89],"card_choices":[{"not_picked":["Rebound","Steam"],"picked":"Conserve Battery","floor":1},{"not_picked":["Streamline","Turbo","Stack"],"picked":"SKIP","floor":5},{"not_picked":["Coolheaded","Undo"],"picked":"Echo Form","floor":6},{"not_picked":["Conserve Battery","Beam Cell"],"picked":"Reinforced Body","floor":11},{"not_picked":["Streamline","Steam"],"picked":"Undo","floor":12},{"not_picked":["All For One","Fission"],"picked":"Amplify","floor":16},{"not_picked":["Steam+1","Melter+1"],"picked":"Static Discharge","floor":18},{"not_picked":["Conserve Battery","Static Discharge+1"],"picked":"Skim","floor":22},{"not_picked":["Streamline","Redo","Beam Cell"],"picked":"SKIP","floor":24},{"not_picked":["Barrage","Sweeping Beam","Gash+1"],"picked":"SKIP","floor":25},{"not_picked":["Streamline","Hologram+1","Conserve Battery"],"picked":"SKIP","floor":27},{"not_picked":["Storm","Steam","Sweeping Beam"],"picked":"SKIP","floor":28}],"player_experience":144115,"relics_obtained":[{"floor":6,"key":"Bronze Scales"},{"floor":9,"key":"Mango"},{"floor":14,"key":"Bottled Lightning"},{"floor":26,"key":"Gremlin Horn"}],"event_choices":[{"cards_removed":["Strike_B"],"damage_healed":0,"gold_gain":0,"player_choice":"Card Removal","damage_taken":7,"max_hp_gain":0,"max_hp_loss":0,"event_name":"Golden Wing","floor":2,"gold_loss":0},{"damage_healed":0,"gold_gain":0,"player_choice":"Entered Light","damage_taken":15,"max_hp_gain":0,"max_hp_loss":0,"event_name":"Shining Light","floor":3,"gold_loss":0,"cards_upgraded":["Strike_B","Zap"]},{"damage_healed":0,"gold_gain":0,"player_choice":"Success","damage_taken":25,"relics_obtained":["Cables"],"max_hp_gain":0,"max_hp_loss":0,"event_name":"Scrap Ooze","floor":4,"gold_loss":0},{"damage_healed":0,"gold_gain":0,"player_choice":"Take Damage","damage_taken":18,"relics_obtained":["Golden Idol"],"max_hp_gain":0,"max_hp_loss":0,"event_name":"Golden Idol","floor":8,"gold_loss":0},{"damage_healed":0,"gold_gain":0,"cards_transformed":["Defend_B","Strike_B"],"player_choice":"Became Test Subject","damage_taken":0,"max_hp_gain":0,"max_hp_loss":0,"event_name":"Drug Dealer","floor":19,"gold_loss":0,"cards_obtained":["Doom and Gloom","Reinforced Body"]},{"damage_healed":0,"gold_gain":0,"player_choice":"Ignored","damage_taken":0,"max_hp_gain":0,"max_hp_loss":0,"event_name":"Beggar","floor":21,"gold_loss":0}],"is_beta":false,"boss_relics":[{"not_picked":["Snecko Eye","Runic Pyramid"],"picked":"Cursed Key"}],"items_purged_floors":[],"is_endless":false,"potions_floor_spawned":[16,22,25,28],"killed_by":"Slavers","ascension_level":3}