{"gold_per_floor":[137,137,137,137,137,137,175,213,213,213,251,289,36,74,74,324,324,362,387,425,463,416,491,529,529,529,529,529,567,605,643,643,643],"floor_reached":33,"playtime":2523,"items_purged":["Burning Pact"],"score":261,"play_id":"0de1baea-e5a4-481d-b32b-42794798e827","local_time":"20181009213031","daily_mods":["Heirloom","Blue Cards","MonsterHunter"],"is_ascension_mode":false,"campfire_choices":[{"floor":6,"key":"REST"},{"data":"Perfected Strike","floor":10,"key":"SMITH"},{"data":"Perfected Strike","floor":15,"key":"SMITH"},{"floor":25,"key":"REST"},{"floor":27,"key":"REST"},{"data":"Flame Barrier","floor":32,"key":"SMITH"}],"neow_cost":"","seed_source_timestamp":0,"circlet_count":0,"master_deck":["Strike_R+1","Strike_R+1","Strike_R+1","Strike_R+1","Defend_R+1","Defend_R+1","Defend_R+1","Defend_R+1","Bash","Rip and Tear+1","Perfected Strike+1","Perfected Strike+1","Leap","Twin Strike","Swift Strike","Wild Strike","Conserve Battery","Hyperbeam","Rebound+1","Flame Barrier+1","Rebound+1","Headbutt","Shrug It Off","Conserve Battery","Infernal Blade+1","Seek"],"special_seed":17813,"relics":["Burning Blood","Thread and Needle","Smiling Mask","Cursed Key","Red Mask","Orichalcum"],"potions_floor_usage":[12,19,21,29,33],"damage_taken":[{"damage":1,"enemies":"Small Slimes","floor":1,"turns":6},{"damage":1,"enemies":"Jaw Worm","floor":7,"turns":5},{"damage":0,"enemies":"2 Louse","floor":8,"turns":2},{"damage":7,"enemies":"Lots of Slimes","floor":11,"turns":6},{"damage":4,"enemies":"Red Slaver","floor":12,"turns":3},{"damage":3,"enemies":"3 Louse","floor":14,"turns":3},{"damage":34,"enemies":"Slime Boss","floor":16,"turns":8},{"damage":0,"enemies":"Chosen","floor":18,"turns":4},{"damage":16,"enemies":"Masked Bandits","floor":19,"turns":4},{"damage":2,"enemies":"3 Byrds","floor":20,"turns":4},{"damage":11,"enemies":"Snecko","floor":21,"turns":5},{"damage":43,"enemies":"Slavers","floor":23,"turns":6},{"damage":11,"enemies":"Cultist and Chosen","floor":24,"turns":5},{"damage":18,"enemies":"3 Cultists","floor":29,"turns":6},{"damage":4,"enemies":"Centurion and Healer","floor":30,"turns":6},{"damage":11,"enemies":"Sentry and Sphere","floor":31,"turns":5},{"damage":131,"enemies":"Automaton","floor":33,"turns":14}],"seed_played":"974947357107287634","potions_obtained":[{"floor":1,"key":"Ancient Potion"},{"floor":7,"key":"BloodPotion"},{"floor":16,"key":"GamblersBrew"},{"floor":18,"key":"FairyPotion"},{"floor":24,"key":"Swift Potion"},{"floor":30,"key":"FairyPotion"},{"floor":31,"key":"Dexterity Potion"}],"is_trial":false,"path_per_floor":["M","?","?","?","?","R","M","M","T","R","M","M","$","M","R","B",null,"M","?","M","M","$","E","M","R","T","R","?","M","M","M","R"],"character_chosen":"IRONCLAD","items_purchased":["Twin Strike","Swift Strike","Wild Strike","Headbutt"],"campfire_rested":3,"item_purchase_floors":[13,13,13,22],"current_hp_per_floor":[80,64,64,64,64,80,80,80,80,80,79,80,80,80,80,52,80,80,78,80,75,75,38,33,57,57,80,80,68,70,65,65,0],"gold":643,"neow_bonus":"","is_prod":false,"is_daily":true,"chose_seed":false,"campfire_upgraded":3,"win_rate":0,"timestamp":1539113431,"path_taken":["M","?","?","?","?","R","?","M","T","R","M","M","$","?","R","BOSS","M","?","M","M","$","E","M","R","T","R","?","M","M","M","R","BOSS"],"build_version":"2018-10-04v2","purchased_purges":1,"victory":false,"max_hp_per_floor":[80,80,80,80,80,80,80,80,80,80,80,80,80,80,80,80,80,80,80,80,80,80,80,80,80,80,80,80,80,80,80,80,80],"card_choices":[{"not_picked":["Metallicize","Pommel Strike"],"picked":"Rip and Tear","floor":1},{"not_picked":["True Grit","Sweeping Beam"],"picked":"Perfected Strike","floor":7},{"not_picked":["Coolheaded","Whirlwind","Force Field"],"picked":"SKIP","floor":8},{"not_picked":["Sword Boomerang","Shrug It Off"],"picked":"Perfected Strike","floor":11},{"not_picked":["Loop","Anger"],"picked":"Leap","floor":12},{"not_picked":["True Grit","Force Field"],"picked":"Conserve Battery","floor":14},{"not_picked":["Electrodynamics","Impervious"],"picked":"Hyperbeam","floor":16},{"not_picked":["Force Field+1","Doom and Gloom+1"],"picked":"Rebound+1","floor":18},{"not_picked":["Streamline+1","Cleave"],"picked":"Flame Barrier","floor":19},{"not_picked":["Turbo","Intimidate+1","Coolheaded+1"],"picked":"SKIP","floor":20},{"not_picked":["Sweeping Beam","Rage+1"],"picked":"Rebound+1","floor":21},{"not_picked":["Consume","Beam Cell","Rainbow"],"picked":"SKIP","floor":23},{"not_picked":["Armaments","Havoc"],"picked":"Shrug It Off","floor":24},{"not_picked":["Inflame","Carnage"],"picked":"Conserve Battery","floor":29},{"not_picked":["Reinforced Body","Flex"],"picked":"Infernal Blade+1","floor":30},{"not_picked":["Ball Lightning+1","Intimidate+1"],"picked":"Seek","floor":31}],"player_experience":227310,"relics_obtained":[{"floor":9,"key":"Smiling Mask"},{"floor":19,"key":"Red Mask"},{"floor":23,"key":"Orichalcum"}],"event_choices":[{"event_name":"Shining Light","player_choice":"Entered Light","floor":2,"damage_taken":0},{"event_name":"Golden Idol","player_choice":"Ignored","floor":3,"damage_taken":0},{"event_name":"Upgrade Shrine","player_choice":"Upgraded","floor":4,"damage_taken":0},{"event_name":"Living Wall","player_choice":"Change","floor":5,"damage_taken":0},{"event_name":"Masked Bandits","player_choice":"Fought Bandits","floor":19,"damage_taken":0},{"event_name":"Back to Basics","player_choice":"Simplicity","floor":28,"damage_taken":0}],"is_beta":false,"boss_relics":[{"not_picked":["Runic Dome","Astrolabe"],"picked":"Cursed Key"}],"items_purged_floors":[13],"is_endless":false,"potions_floor_spawned":[1,7,16,18,24,30,31],"killed_by":"Automaton","ascension_level":0}