{"gold_per_floor":[112,126,143,318,318,318,343,363,363,363,377,146,146,146,146,276,276,289,289,18,37,60,60,60,60,60,60,74,74,93,112,112,112],"floor_reached":33,"playtime":3320,"items_purged":["Strike_G","Doubt"],"score":239,"play_id":"bbe45e88-2a7d-43d4-985c-6eaf99fe5f28","local_time":"20181222052828","is_ascension_mode":false,"campfire_choices":[{"data":"Neutralize","floor":6,"key":"SMITH"},{"data":"Poisoned Stab","floor":10,"key":"SMITH"},{"data":"Tools of the Trade","floor":13,"key":"SMITH"},{"floor":15,"key":"REST"},{"floor":24,"key":"REST"},{"floor":27,"key":"REST"},{"data":"Burst","floor":29,"key":"SMITH"},{"floor":32,"key":"REST"}],"neow_cost":"NONE","seed_source_timestamp":44588491534013,"circlet_count":0,"master_deck":["Defend_G+1","Defend_G+1","Defend_G+1","Defend_G+1","Defend_G+1","Strike_G+1","Strike_G+1","Strike_G+1","Strike_G+1","Survivor","Neutralize+1","Poisoned Stab+1","Dagger Spray","Flying Knee+1","Injury","Poisoned Stab","Dagger Throw","Reflex+1","Tools of the Trade+1","Escape Plan","Burst+1","Slice","Slice","Finisher","Blade Dance","Deadly Poison","Outmaneuver+1","Dagger Spray","Prepared+1","Dodge and Roll+1","Backflip","Backstab","Deflect"],"relics":["Ring of the Snake","Golden Idol","Happy Flower","Orrery","MutagenicStrength","Oddly Smooth Stone","Thread and Needle"],"potions_floor_usage":[16,33],"damage_taken":[{"damage":1,"enemies":"Jaw Worm","floor":1,"turns":5},{"damage":0,"enemies":"Small Slimes","floor":2,"turns":3},{"damage":1,"enemies":"2 Louse","floor":3,"turns":2},{"damage":13,"enemies":"Large Slime","floor":7,"turns":9},{"damage":7,"enemies":"Looter","floor":8,"turns":3},{"damage":5,"enemies":"3 Louse","floor":11,"turns":3},{"damage":15,"enemies":"Hexaghost","floor":16,"turns":9},{"damage":20,"enemies":"Chosen","floor":18,"turns":5},{"damage":18,"enemies":"Shell Parasite","floor":21,"turns":5},{"damage":35,"enemies":"Shelled Parasite and Fungi","floor":22,"turns":4},{"damage":0,"enemies":"Snake Plant","floor":28,"turns":4},{"damage":13,"enemies":"Cultist and Chosen","floor":30,"turns":9},{"damage":4,"enemies":"Centurion and Healer","floor":31,"turns":8},{"damage":82,"enemies":"Automaton","floor":33,"turns":12}],"seed_played":"-3416748054924690795","potions_obtained":[{"floor":2,"key":"Regen Potion"},{"floor":7,"key":"FearPotion"},{"floor":11,"key":"Swift Potion"},{"floor":18,"key":"EssenceOfSteel"},{"floor":30,"key":"Block Potion"}],"is_trial":false,"path_per_floor":["M","M","M","?","?","R","M","M","T","R","M","$","R","?","R","B",null,"M","?","$","M","M","?","R","?","T","R","M","R","M","M","R","B"],"character_chosen":"THE_SILENT","items_purchased":["Tools of the Trade","Escape Plan","Oddly Smooth Stone","Dagger Spray"],"campfire_rested":4,"item_purchase_floors":[12,12,20,20],"current_hp_per_floor":[76,76,75,75,75,75,62,55,55,55,50,50,50,35,58,57,77,57,57,57,39,4,4,27,27,27,50,50,50,37,33,56,0],"gold":112,"neow_bonus":"TEN_PERCENT_HP_BONUS","is_prod":false,"is_daily":false,"chose_seed":false,"campfire_upgraded":4,"win_rate":0.0,"timestamp":1545452908,"path_taken":["M","M","M","?","?","R","M","M","T","R","M","$","R","?","R","BOSS","M","?","$","M","M","?","R","?","T","R","?","R","M","M","R","BOSS"],"build_version":"2018-12-20","purchased_purges":2,"victory":false,"max_hp_per_floor":[77,77,77,77,77,77,77,77,77,77,77,77,77,77,77,77,77,77,77,77,77,77,77,77,77,77,77,77,77,77,77,77,77],"card_choices":[{"not_picked":["Dagger Spray","Flying Knee"],"picked":"Poisoned Stab","floor":1},{"not_picked":["Outmaneuver","A Thousand Cuts"],"picked":"Dagger Spray","floor":2},{"not_picked":["Reflex","Dash"],"picked":"Flying Knee","floor":3},{"not_picked":["Underhanded Strike","Crippling Poison"],"picked":"Poisoned Stab","floor":7},{"not_picked":["Quick Slash","Well Laid Plans"],"picked":"Dagger Throw","floor":8},{"not_picked":["Caltrops","Flying Knee"],"picked":"Reflex","floor":11},{"not_picked":["Night Terror","Envenom"],"picked":"Burst","floor":16},{"not_picked":["Quick Slash","Dagger Throw"],"picked":"Slice","floor":17},{"not_picked":["Endless Agony","Well Laid Plans"],"picked":"Slice","floor":17},{"not_picked":["Poisoned Stab","Heel Hook"],"picked":"Finisher","floor":17},{"not_picked":["Choke","Caltrops"],"picked":"Blade Dance","floor":17},{"not_picked":["Deflect","Dodge and Roll"],"picked":"Deadly Poison","floor":17},{"not_picked":["Sucker Punch","Deflect"],"picked":"Outmaneuver+1","floor":18},{"not_picked":["Endless Agony+1","Blade Dance"],"picked":"Prepared+1","floor":21},{"not_picked":["Finisher","Poisoned Stab"],"picked":"Dodge and Roll+1","floor":22},{"not_picked":["Outmaneuver","Deflect"],"picked":"Backflip","floor":28},{"not_picked":["Dodge and Roll","Dagger Spray"],"picked":"Backstab","floor":30},{"not_picked":["Terror","Predator"],"picked":"Deflect","floor":31}],"player_experience":5329,"relics_obtained":[{"floor":9,"key":"Happy Flower"},{"floor":26,"key":"Thread and Needle"}],"event_choices":[{"damage_healed":0,"gold_gain":175,"player_choice":"AGREE","damage_taken":0,"max_hp_gain":0,"max_hp_loss":0,"event_name":"Liars Game","floor":4,"gold_loss":0,"cards_obtained":["Doubt"]},{"damage_healed":0,"gold_gain":0,"player_choice":"Take Wound","damage_taken":0,"relics_obtained":["Golden Idol"],"max_hp_gain":0,"max_hp_loss":0,"event_name":"Golden Idol","floor":5,"gold_loss":0,"cards_obtained":["Injury"]},{"damage_healed":0,"gold_gain":0,"player_choice":"Entered Light","damage_taken":15,"max_hp_gain":0,"max_hp_loss":0,"event_name":"Shining Light","floor":14,"gold_loss":0,"cards_upgraded":["Reflex","Flying Knee"]},{"damage_healed":0,"gold_gain":0,"player_choice":"Inject Mutagens","damage_taken":0,"relics_obtained":["MutagenicStrength"],"max_hp_gain":0,"max_hp_loss":0,"event_name":"Drug Dealer","floor":19,"gold_loss":0},{"damage_healed":0,"gold_gain":0,"player_choice":"Simplicity","damage_taken":0,"max_hp_gain":0,"max_hp_loss":0,"event_name":"Back to Basics","floor":23,"gold_loss":0,"cards_upgraded":["Defend_G","Defend_G","Defend_G","Defend_G","Defend_G","Strike_G","Strike_G","Strike_G","Strike_G"]},{"damage_healed":0,"gold_gain":0,"player_choice":"Ignored","damage_taken":0,"max_hp_gain":0,"max_hp_loss":0,"event_name":"Beggar","floor":25,"gold_loss":0}],"is_beta":false,"boss_relics":[{"not_picked":["Black Star","Runic Dome"],"picked":"Orrery"}],"items_purged_floors":[12,20],"is_endless":false,"potions_floor_spawned":[2,7,11,18,30,31],"killed_by":"Automaton","ascension_level":0}