{"gold_per_floor":[114,114,132,132,307,307,327,338,388,398,398,398,424,444,444,539,539,556,568,568,584,584,584,604,604,627,640,657,268,268,59,59,157,157,175,192,1191,1203,1203,1203,1222,1237,1237,1248,1248,1266,1266,518,518,518],"floor_reached":50,"playtime":1321,"items_purged":[],"score":613,"play_id":"605b2d92-8d23-4c35-bd41-e41386146cbd","local_time":"20190319014840","is_ascension_mode":false,"campfire_choices":[{"data":"Cleave","floor":6,"key":"SMITH"},{"data":"Flame Barrier","floor":12,"key":"SMITH"},{"data":"Cleave","floor":15,"key":"SMITH"},{"floor":23,"key":"REST"},{"floor":25,"key":"REST"},{"floor":30,"key":"REST"},{"data":"J.A.X.","floor":32,"key":"SMITH"},{"floor":40,"key":"REST"},{"floor":45,"key":"REST"},{"data":"Perfected Strike","floor":49,"key":"SMITH"}],"neow_cost":"NONE","seed_source_timestamp":304019536402548,"circlet_count":0,"master_deck":["Strike_R+1","Strike_R+1","Strike_R+1","Strike_R+1","Strike_R+1","Defend_R+1","Defend_R+1","Defend_R+1","Defend_R+1","Bash","Trip","Anger","Cleave+1","Doubt","Cleave","Flame Barrier+1","Cleave+1","Wild Strike","Double Tap","Armaments+1","Pummel","J.A.X.+1","Pummel+1","Searing Blow+1","Flex","Shockwave","Offering","Ghostly Armor+1","Normality","Normality","Parasite","Perfected Strike+1","Twin Strike","Doubt","Flex+1","Thinking Ahead","Thunderclap"],"relics":["Burning Blood","Pen Nib","Blood Vial","Eternal Feather","Ancient Tea Set","Orichalcum","Bag of Marbles","ClockworkSouvenir","Cursed Key","Mango","Incense Burner","Bottled Lightning","TheAbacus"],"potions_floor_usage":[10,16,19,27,36,42,50],"damage_taken":[{"damage":3,"enemies":"Small Slimes","floor":1,"turns":3},{"damage":6,"enemies":"Jaw Worm","floor":3,"turns":3},{"damage":1,"enemies":"2 Louse","floor":7,"turns":2},{"damage":6,"enemies":"Large Slime","floor":8,"turns":4},{"damage":13,"enemies":"Gremlin Gang","floor":10,"turns":3},{"damage":7,"enemies":"Blue Slaver","floor":14,"turns":2},{"damage":53,"enemies":"Slime Boss","floor":16,"turns":7},{"damage":9,"enemies":"2 Thieves","floor":18,"turns":3},{"damage":18,"enemies":"Spheric Guardian","floor":19,"turns":5},{"damage":41,"enemies":"3 Cultists","floor":21,"turns":5},{"damage":42,"enemies":"Chosen and Byrds","floor":24,"turns":5},{"damage":26,"enemies":"Centurion and Healer","floor":27,"turns":6},{"damage":34,"enemies":"Snake Plant","floor":28,"turns":4},{"damage":81,"enemies":"Champ","floor":33,"turns":11},{"damage":16,"enemies":"Orb Walker","floor":35,"turns":3},{"damage":17,"enemies":"3 Shapes","floor":36,"turns":3},{"damage":54,"enemies":"Writhing Mass","floor":38,"turns":7},{"damage":3,"enemies":"Transient","floor":41,"turns":5},{"damage":12,"enemies":"Maw","floor":42,"turns":5},{"damage":37,"enemies":"Jaw Worm Horde","floor":44,"turns":5},{"damage":36,"enemies":"Spire Growth","floor":46,"turns":4},{"damage":107,"enemies":"Awakened One","floor":50,"turns":11}],"seed_played":"5178590928138110710","potions_obtained":[{"floor":1,"key":"FairyPotion"},{"floor":7,"key":"Ancient Potion"},{"floor":8,"key":"FearPotion"},{"floor":18,"key":"Weak Potion"},{"floor":24,"key":"BloodPotion"},{"floor":27,"key":"Fire Potion"},{"floor":33,"key":"LiquidBronze"},{"floor":41,"key":"Explosive Potion"},{"floor":44,"key":"SteroidPotion"}],"is_trial":false,"path_per_floor":["M","?","M","?","?","R","M","M","T","M","?","R","T","M","R","B",null,"M","M","?","M","?","R","M","R","T","M","M","$","R","$","R","B",null,"M","M","?","M","?","R","M","M","T","M","R","M","?","$","R","B"],"character_chosen":"IRONCLAD","items_purchased":["Orichalcum","Bag of Marbles","Shockwave","ClockworkSouvenir","Incense Burner","Bottled Lightning","TheAbacus","Thunderclap"],"campfire_rested":5,"item_purchase_floors":[29,29,29,31,48,48,48,48],"current_hp_per_floor":[80,80,80,80,80,80,80,80,80,73,78,78,78,79,79,34,85,82,72,72,39,39,76,42,79,79,69,43,43,83,83,85,10,85,75,66,66,20,20,63,68,64,78,49,99,69,69,69,90,0],"gold":518,"neow_bonus":"RANDOM_COLORLESS","is_prod":false,"is_daily":false,"chose_seed":false,"campfire_upgraded":5,"win_rate":0,"timestamp":1552956520,"path_taken":["M","?","M","?","?","R","M","M","T","M","?","R","?","M","R","BOSS","M","?","?","M","?","R","M","R","T","M","M","?","R","$","R","BOSS","M","M","?","M","?","R","M","M","T","?","R","M","?","$","R","BOSS"],"build_version":"2019-01-23","purchased_purges":0,"victory":false,"max_hp_per_floor":[80,80,80,80,80,80,80,80,80,80,85,85,85,85,85,85,85,85,85,85,85,85,85,85,85,85,85,85,85,85,85,85,85,85,85,85,85,85,85,85,85,85,99,99,99,99,99,99,99,99],"card_choices":[{"not_picked":["Reckless Charge","Fire Breathing"],"picked":"Anger","floor":1},{"not_picked":["Headbutt","Clothesline"],"picked":"Cleave","floor":3},{"not_picked":["Havoc","Intimidate"],"picked":"Cleave","floor":7},{"not_picked":["Body Slam","Hemokinesis"],"picked":"Flame Barrier","floor":8},{"not_picked":["Clash","Flame Barrier"],"picked":"Cleave","floor":10},{"not_picked":["Anger","Hemokinesis"],"picked":"Wild Strike","floor":14},{"not_picked":["Dark Embrace","Immolate"],"picked":"Double Tap","floor":16},{"not_picked":["Headbutt","Blood for Blood"],"picked":"Armaments+1","floor":18},{"not_picked":["Cleave","Heavy Blade"],"picked":"Pummel","floor":19},{"not_picked":["Iron Wave","Body Slam"],"picked":"Pummel+1","floor":21},{"not_picked":["Twin Strike","Armaments"],"picked":"Searing Blow+1","floor":24},{"not_picked":["Havoc+1","Cleave","Rage"],"picked":"SKIP","floor":27},{"not_picked":["Headbutt","Evolve"],"picked":"Flex","floor":28},{"not_picked":["Brutality","Barricade"],"picked":"Offering","floor":33},{"not_picked":["Fire Breathing","Havoc+1","Intimidate+1"],"picked":"SKIP","floor":35},{"not_picked":["Body Slam","Sword Boomerang"],"picked":"Ghostly Armor+1","floor":36},{"not_picked":["Body Slam+1","Disarm"],"picked":"Perfected Strike","floor":38},{"not_picked":["Body Slam","Havoc"],"picked":"Twin Strike","floor":41},{"not_picked":["Warcry","Armaments+1","Second Wind+1"],"picked":"SKIP","floor":42},{"not_picked":["Body Slam","Searing Blow"],"picked":"Flex+1","floor":44},{"not_picked":["True Grit","Havoc","Entrench"],"picked":"SKIP","floor":46},{"not_picked":["Deep Breath","Impatience"],"picked":"Thinking Ahead","floor":47}],"player_experience":316303,"relics_obtained":[{"floor":9,"key":"Pen Nib"},{"floor":13,"key":"Blood Vial"},{"floor":26,"key":"Ancient Tea Set"},{"floor":43,"key":"Mango"}],"event_choices":[{"damage_healed":0,"gold_gain":0,"player_choice":"Leave","damage_taken":0,"max_hp_gain":0,"max_hp_loss":0,"event_name":"The Cleric","floor":2,"gold_loss":0},{"damage_healed":0,"gold_gain":0,"player_choice":"Ignored","damage_taken":0,"max_hp_gain":0,"max_hp_loss":0,"event_name":"Golden Wing","floor":4,"gold_loss":0},{"damage_healed":0,"gold_gain":175,"player_choice":"AGREE","damage_taken":0,"max_hp_gain":0,"max_hp_loss":0,"event_name":"Liars Game","floor":5,"gold_loss":0,"cards_obtained":["Doubt"]},{"damage_healed":0,"gold_gain":0,"player_choice":"Donut","damage_taken":0,"max_hp_gain":5,"max_hp_loss":0,"event_name":"Big Fish","floor":11,"gold_loss":0},{"damage_healed":0,"gold_gain":0,"player_choice":"Obtain J.A.X.","damage_taken":0,"max_hp_gain":0,"max_hp_loss":0,"event_name":"Drug Dealer","floor":20,"gold_loss":0,"cards_obtained":["J.A.X."]},{"damage_healed":0,"gold_gain":0,"player_choice":"Simplicity","damage_taken":0,"max_hp_gain":0,"max_hp_loss":0,"event_name":"Back to Basics","floor":22,"gold_loss":0,"cards_upgraded":["Strike_R","Strike_R","Strike_R","Strike_R","Strike_R","Defend_R","Defend_R","Defend_R","Defend_R"]},{"damage_healed":0,"gold_gain":999,"player_choice":"Gold","damage_taken":0,"max_hp_gain":0,"max_hp_loss":0,"event_name":"MindBloom","floor":37,"gold_loss":0,"cards_obtained":["Normality","Normality"]},{"damage_healed":0,"gold_gain":0,"player_choice":"Ignored","damage_taken":0,"max_hp_gain":0,"max_hp_loss":0,"event_name":"SecretPortal","floor":39,"gold_loss":0},{"damage_healed":0,"gold_gain":0,"player_choice":"Memory 1","damage_taken":0,"max_hp_gain":0,"max_hp_loss":0,"event_name":"SensoryStone","floor":47,"gold_loss":0}],"is_beta":false,"boss_relics":[{"not_picked":["Orrery","Astrolabe"],"picked":"Eternal Feather"},{"not_picked":["Runic Dome","Snecko Eye"],"picked":"Cursed Key"}],"items_purged_floors":[],"is_endless":false,"potions_floor_spawned":[1,7,8,18,24,27,33,41,44,46],"killed_by":"Awakened One","ascension_level":0}