{"gold_per_floor":[113,133,83,100,100,100,134,134,134,59,90,67,91,91,91,221,221,237,237,258,273,297,297,318,341,341,266,266,286,286,286,286,286],"floor_reached":33,"playtime":4107,"items_purged":["Defend_B"],"score":257,"play_id":"58a03e20-9128-4de0-8740-d72f5ea580da","local_time":"20190203212902","is_ascension_mode":false,"campfire_choices":[{"data":"Hologram","floor":6,"key":"SMITH"},{"data":"Chill","floor":8,"key":"SMITH"},{"data":"Strike_B","floor":15,"key":"SMITH"},{"data":"Strike_B","floor":23,"key":"SMITH"},{"data":"All For One","floor":28,"key":"SMITH"},{"floor":32,"key":"REST"}],"neow_cost":"NONE","seed_source_timestamp":31808392957458,"circlet_count":0,"master_deck":["Strike_B+1","Strike_B+1","Strike_B+1","Strike_B+1","Defend_B","Zap","Dualcast+1","Chill+1","Hologram+1","Auto Shields+1","Hologram+1","Steam+1","Steam+1","All For One+1","Reprogram+1","Conserve Battery+1","Conserve Battery+1","Leap+1","Barrage+1","Coolheaded+1","Chill+1","Skim+1","Glacier+1","Coolheaded+1"],"relics":["Cracked Core","PreservedInsect","Golden Idol","Toxic Egg 2","Question Card","Whetstone","Orrery","Pear","Enchiridion"],"potions_floor_usage":[33],"damage_taken":[{"damage":6,"enemies":"Jaw Worm","floor":1,"turns":3},{"damage":0,"enemies":"2 Louse","floor":2,"turns":3},{"damage":0,"enemies":"Cultist","floor":4,"turns":4},{"damage":12,"enemies":"Lagavulin","floor":7,"turns":7},{"damage":17,"enemies":"Gremlin Nob","floor":11,"turns":4},{"damage":1,"enemies":"Gremlin Gang","floor":13,"turns":6},{"damage":23,"enemies":"Slime Boss","floor":16,"turns":13},{"damage":6,"enemies":"Chosen","floor":18,"turns":7},{"damage":0,"enemies":"Shell Parasite","floor":20,"turns":10},{"damage":11,"enemies":"Centurion and Healer","floor":21,"turns":11},{"damage":8,"enemies":"Sentry and Sphere","floor":22,"turns":10},{"damage":9,"enemies":"Snake Plant","floor":24,"turns":6},{"damage":0,"enemies":"Centurion and Healer","floor":25,"turns":9},{"damage":0,"enemies":"Shelled Parasite and Fungi","floor":29,"turns":10},{"damage":0,"enemies":"Colosseum Slavers","floor":31,"turns":6},{"damage":88,"enemies":"Champ","floor":33,"turns":27}],"seed_played":"7268602783379262473","potions_obtained":[{"floor":4,"key":"AttackPotion"},{"floor":11,"key":"FairyPotion"},{"floor":13,"key":"LiquidBronze"},{"floor":20,"key":"PowerPotion"}],"is_trial":false,"path_per_floor":["?","?","$","?","?","M","?","?","?"],"character_chosen":"DEFECT","items_purchased":["Steam+1"],"campfire_rested":1,"item_purchase_floors":[12],"current_hp_per_floor":[69,69,69,69,69,69,57,57,57,57,40,40,39,39,39,16,69,63,63,63,52,44,44,35,35,45,45,45,45,29,29,52,0],"gold":286,"neow_bonus":"RANDOM_COMMON_RELIC","is_prod":false,"is_daily":false,"chose_seed":false,"campfire_upgraded":5,"win_rate":0.0,"timestamp":1549247342,"path_taken":["M","M","?","M","?","R","E","R","T","?","E","$","M","?","R","BOSS","M","?","M","?","M","R","M","M","T","?","R","M","?","?","R","BOSS"],"build_version":"2019-01-23","purchased_purges":1,"victory":false,"max_hp_per_floor":[75,75,75,75,69,69,69,69,69,69,69,69,69,69,69,69,69,69,69,69,69,69,69,69,69,79,79,79,79,79,79,79,79],"card_choices":[{"not_picked":["Stack","Gash"],"picked":"Chill","floor":1},{"not_picked":["Ball Lightning","Force Field","Reinforced Body"],"picked":"SKIP","floor":2},{"not_picked":["Amplify","Redo"],"picked":"Hologram","floor":4},{"not_picked":["Compile Driver","Steam"],"picked":"Auto Shields","floor":7},{"not_picked":["Gash","Cold Snap","Machine Learning"],"picked":"Hologram+1","floor":11},{"not_picked":["Force Field+1","Doom and Gloom","Static Discharge"],"picked":"Steam+1","floor":13},{"not_picked":["Buffer","Rainbow+1","Fission+1"],"picked":"All For One","floor":16},{"not_picked":["Consume+1","Reinforced Body+1","Doom and Gloom"],"picked":"Reprogram+1","floor":17},{"not_picked":["Barrage","FTL","Streamline"],"picked":"Conserve Battery+1","floor":17},{"not_picked":["Chaos+1","Beam Cell","Sweeping Beam"],"picked":"Conserve Battery+1","floor":17},{"not_picked":["Auto Shields+1","Biased Cognition","Streamline"],"picked":"Leap+1","floor":18},{"not_picked":["Leap+1","Sweeping Beam","Hologram+1"],"picked":"Barrage+1","floor":20},{"not_picked":["Beam Cell+1","White Noise+1","Stack+1"],"picked":"Coolheaded+1","floor":21},{"not_picked":["Go for the Eyes","Genetic Algorithm+1","Barrage"],"picked":"Chill+1","floor":22},{"not_picked":["Fusion+1","Redo+1","Streamline"],"picked":"Skim+1","floor":24},{"not_picked":["Multi-Cast+1","Conserve Battery+1","Ball Lightning"],"picked":"Glacier+1","floor":25},{"not_picked":["Beam Cell+1","Cold Snap","Streamline+1"],"picked":"Coolheaded+1","floor":29}],"player_experience":93637,"relics_obtained":[{"floor":7,"key":"Toxic Egg 2"},{"floor":9,"key":"Question Card"},{"floor":11,"key":"Whetstone"},{"floor":26,"key":"Pear"},{"floor":30,"key":"Enchiridion"}],"event_choices":[{"cards_removed":["Defend_B"],"damage_healed":0,"gold_gain":0,"player_choice":"Card Removal","damage_taken":0,"max_hp_gain":0,"max_hp_loss":0,"event_name":"The Cleric","floor":3,"gold_loss":50},{"damage_healed":0,"gold_gain":0,"player_choice":"Lose Max HP","damage_taken":0,"relics_obtained":["Golden Idol"],"max_hp_gain":0,"max_hp_loss":6,"event_name":"Golden Idol","floor":5,"gold_loss":0},{"damage_healed":0,"gold_gain":0,"player_choice":"Forge","damage_taken":0,"max_hp_gain":0,"max_hp_loss":0,"event_name":"Accursed Blacksmith","floor":14,"gold_loss":0,"cards_upgraded":["Dualcast"]},{"damage_healed":0,"gold_gain":0,"player_choice":"Bought 0 Potions","damage_taken":0,"max_hp_gain":0,"max_hp_loss":0,"event_name":"The Woman in Blue","floor":19,"gold_loss":0},{"cards_removed":["Defend_B"],"damage_healed":0,"gold_gain":0,"player_choice":"Gave Gold","damage_taken":0,"max_hp_gain":0,"max_hp_loss":0,"event_name":"Beggar","floor":27,"gold_loss":75},{"damage_healed":0,"gold_gain":0,"player_choice":"Obtained Book","damage_taken":16,"max_hp_gain":0,"max_hp_loss":0,"event_name":"Cursed Tome","floor":30,"gold_loss":0},{"damage_healed":0,"gold_gain":0,"player_choice":"Fight","damage_taken":0,"max_hp_gain":0,"max_hp_loss":0,"event_name":"Colosseum","floor":31,"gold_loss":0},{"damage_healed":0,"gold_gain":0,"player_choice":"Fled From Nobs","damage_taken":0,"max_hp_gain":0,"max_hp_loss":0,"event_name":"Colosseum","floor":31,"gold_loss":0}],"is_beta":false,"boss_relics":[{"not_picked":["Coffee Dripper","Fusion Hammer"],"picked":"Orrery"}],"items_purged_floors":[10],"is_endless":false,"potions_floor_spawned":[4,11,13,18,20,21,25],"killed_by":"Champ","ascension_level":0}