{"gold_per_floor":[113,128,203,222,222,222,222,222,248,248,267,332,60,80,80,182,182,197,197,47,47,66,80,80,93,166,183,183,202,152,168,168,168],"floor_reached":33,"playtime":920,"items_purged":[],"score":264,"play_id":"877150ef-0633-4c20-9928-84b267165e2d","local_time":"20190319000339","is_ascension_mode":false,"campfire_choices":[{"data":"Bash","floor":6,"key":"SMITH"},{"data":"Shrug It Off","floor":8,"key":"SMITH"},{"floor":15,"key":"REST"},{"floor":24,"key":"REST"},{"floor":28,"key":"REST"},{"floor":32,"key":"REST"}],"neow_cost":"NONE","seed_source_timestamp":298119938747056,"circlet_count":0,"master_deck":["Strike_R","Strike_R","Strike_R+1","Strike_R","Strike_R+1","Defend_R","Defend_R","Defend_R","Defend_R","Bash+1","Pommel Strike","Shrug It Off+1","Wild Strike","Twin Strike","Inflame","Clothesline","Feed","Shrug It Off","Feed","Heavy Blade","Perfected Strike","Perfected Strike","Flex+1","Inflame"],"relics":["Burning Blood","Blood Vial","Ancient Tea Set","Runic Cube","Vajra","Bottled Flame"],"potions_floor_usage":[2,4,16,18,31,33],"damage_taken":[{"damage":6,"enemies":"Cultist","floor":1,"turns":3},{"damage":0,"enemies":"Small Slimes","floor":2,"turns":2},{"damage":5,"enemies":"Jaw Worm","floor":4,"turns":4},{"damage":24,"enemies":"Large Slime","floor":11,"turns":8},{"damage":5,"enemies":"Looter","floor":14,"turns":3},{"damage":77,"enemies":"The Guardian","floor":16,"turns":7},{"damage":25,"enemies":"Shell Parasite","floor":18,"turns":5},{"damage":23,"enemies":"Colosseum Slavers","floor":19,"turns":6},{"damage":16,"enemies":"3 Byrds","floor":22,"turns":7},{"damage":9,"enemies":"Centurion and Healer","floor":23,"turns":6},{"damage":54,"enemies":"Cultist and Chosen","floor":25,"turns":7},{"damage":22,"enemies":"Chosen and Byrds","floor":27,"turns":5},{"damage":8,"enemies":"Centurion and Healer","floor":29,"turns":4},{"damage":23,"enemies":"Shelled Parasite and Fungi","floor":31,"turns":4},{"damage":72,"enemies":"Collector","floor":33,"turns":8}],"seed_played":"5628905136067799930","potions_obtained":[{"floor":0,"key":"Regen Potion"},{"floor":0,"key":"Energy Potion"},{"floor":0,"key":"SpeedPotion"},{"floor":11,"key":"Fire Potion"},{"floor":14,"key":"BloodPotion"},{"floor":27,"key":"Energy Potion"},{"floor":31,"key":"Fire Potion"}],"is_trial":false,"path_per_floor":["M","M","?","M","?","R","?","R","T","?","M","?","$","M","R","B",null,"M","?","$","?","M","M","R","M","T","M","R","M","?","M","R","B"],"character_chosen":"IRONCLAD","items_purchased":["Ancient Tea Set","Twin Strike","Inflame","Vajra"],"campfire_rested":4,"item_purchase_floors":[13,13,13,20],"current_hp_per_floor":[80,80,69,79,84,84,67,67,67,67,51,51,51,54,79,18,85,66,54,54,54,46,48,75,32,32,21,50,53,53,38,68,0],"gold":168,"neow_bonus":"THREE_SMALL_POTIONS","is_prod":false,"is_daily":false,"chose_seed":false,"campfire_upgraded":2,"win_rate":0,"timestamp":1552950219,"path_taken":["M","M","?","M","?","R","?","R","T","?","?","?","$","M","R","BOSS","M","?","$","?","M","M","R","?","T","M","R","M","?","M","R","BOSS"],"build_version":"2019-01-23","purchased_purges":0,"victory":false,"max_hp_per_floor":[80,80,80,80,85,85,85,85,85,85,85,85,85,85,85,85,85,85,88,88,88,88,91,91,94,94,97,97,100,100,100,100,100],"card_choices":[{"not_picked":["Shrug It Off","Seeing Red"],"picked":"Pommel Strike","floor":1},{"not_picked":["Second Wind","Clash","Sentinel"],"picked":"SKIP","floor":2},{"not_picked":["Disarm","Warcry"],"picked":"Shrug It Off","floor":4},{"not_picked":["Sentinel","Clash"],"picked":"Wild Strike","floor":11},{"not_picked":["Rupture","Spot Weakness"],"picked":"Clothesline","floor":14},{"not_picked":["Bludgeon","Demon Form"],"picked":"Feed","floor":16},{"not_picked":["Clash","Sentinel"],"picked":"Shrug It Off","floor":18},{"not_picked":["Wild Strike","Clothesline+1"],"picked":"Heavy Blade","floor":22},{"not_picked":["Sentinel","Armaments"],"picked":"Perfected Strike","floor":23},{"not_picked":["Sword Boomerang+1","Flex"],"picked":"Perfected Strike","floor":25},{"not_picked":["Body Slam+1","Clothesline"],"picked":"Flex+1","floor":27},{"not_picked":["Warcry","Heavy Blade"],"picked":"Inflame","floor":29},{"not_picked":["Clothesline","Havoc","Clash"],"picked":"SKIP","floor":31}],"player_experience":310609,"relics_obtained":[{"floor":9,"key":"Blood Vial"},{"floor":26,"key":"Bottled Flame"}],"event_choices":[{"damage_healed":0,"gold_gain":75,"player_choice":"Gather Gold","damage_taken":11,"max_hp_gain":0,"max_hp_loss":0,"event_name":"World of Goop","floor":3,"gold_loss":0},{"damage_healed":0,"gold_gain":0,"player_choice":"Donut","damage_taken":0,"max_hp_gain":5,"max_hp_loss":0,"event_name":"Big Fish","floor":5,"gold_loss":0},{"damage_healed":0,"gold_gain":0,"player_choice":"Entered Light","damage_taken":17,"max_hp_gain":0,"max_hp_loss":0,"event_name":"Shining Light","floor":7,"gold_loss":0,"cards_upgraded":["Strike_R","Strike_R"]},{"damage_healed":0,"gold_gain":0,"player_choice":"Ignored","damage_taken":0,"max_hp_gain":0,"max_hp_loss":0,"event_name":"Liars Game","floor":10,"gold_loss":0},{"damage_healed":0,"gold_gain":65,"player_choice":"Gained Gold","damage_taken":0,"max_hp_gain":0,"max_hp_loss":0,"event_name":"Golden Wing","floor":12,"gold_loss":0},{"damage_healed":0,"gold_gain":0,"player_choice":"Fight","damage_taken":0,"max_hp_gain":0,"max_hp_loss":0,"event_name":"Colosseum","floor":19,"gold_loss":0},{"damage_healed":0,"gold_gain":0,"player_choice":"Fled From Nobs","damage_taken":0,"max_hp_gain":0,"max_hp_loss":0,"event_name":"Colosseum","floor":19,"gold_loss":0},{"damage_healed":0,"gold_gain":0,"player_choice":"Copied","damage_taken":0,"max_hp_gain":0,"max_hp_loss":0,"event_name":"Duplicator","floor":21,"gold_loss":0,"cards_obtained":["Feed"]},{"damage_healed":0,"gold_gain":0,"player_choice":"Bet on Owner","damage_taken":0,"max_hp_gain":0,"max_hp_loss":0,"event_name":"The Joust","floor":30,"gold_loss":50}],"is_beta":false,"boss_relics":[{"not_picked":["Black Star","Busted Crown"],"picked":"Runic Cube"}],"items_purged_floors":[],"is_endless":false,"potions_floor_spawned":[1,11,14,19,27,31],"killed_by":"Collector","ascension_level":0}