{"gold_per_floor":[115,135,149,149,149,149,181,192,192,192,205,223,223,236,236,236],"floor_reached":16,"playtime":784,"items_purged":[],"score":156,"play_id":"82578833-6c57-4094-9a39-a0ee833b8267","local_time":"20190320171436","is_ascension_mode":true,"campfire_choices":[{"data":"Bash","floor":6.0,"key":"SMITH"},{"data":"Flex","floor":10.0,"key":"SMITH"},{"data":"Sword Boomerang","floor":15.0,"key":"SMITH"}],"neow_cost":"NONE","seed_source_timestamp":8462581074781,"circlet_count":0,"master_deck":["AscendersBane","Strike_R","Strike_R","Strike_R","Strike_R","Strike_R","Defend_R","Defend_R","Defend_R","Defend_R","Bash+1","Clothesline","Flex+1","Sword Boomerang+1","Enlightenment","Reaper","Pommel Strike","Cleave","Decay"],"special_seed":0,"relics":["Burning Blood","Letter Opener","Anchor","Mummified Hand"],"potions_floor_usage":[16],"damage_taken":[{"damage":7.0,"enemies":"Jaw Worm","floor":1.0,"turns":4.0},{"damage":8.0,"enemies":"Small Slimes","floor":2.0,"turns":5.0},{"damage":1.0,"enemies":"Cultist","floor":3.0,"turns":3.0},{"damage":50.0,"enemies":"3 Sentries","floor":7.0,"turns":11.0},{"damage":8.0,"enemies":"Blue Slaver","floor":8.0,"turns":3.0},{"damage":7.0,"enemies":"Lots of Slimes","floor":11.0,"turns":4.0},{"damage":11.0,"enemies":"3 Louse","floor":12.0,"turns":2.0},{"damage":2.0,"enemies":"Blue Slaver","floor":14.0,"turns":2.0},{"damage":63,"enemies":"The Guardian","floor":16,"turns":9}],"seed_played":"-4625395119133000358","potions_obtained":[{"floor":3.0,"key":"Swift Potion"},{"floor":8.0,"key":"Poison Potion"},{"floor":11.0,"key":"SmokeBomb"},{"floor":14.0,"key":"Regen Potion"}],"is_trial":false,"path_per_floor":["M","M","M","?","?","R","E","M","T","R","M","M","?","M","R","B"],"character_chosen":"IRONCLAD","items_purchased":[],"campfire_rested":0,"item_purchase_floors":[],"current_hp_per_floor":[79,77,82,75,75,75,31,35,35,35,54,57,57,61,61,3],"gold":236,"neow_bonus":"TEN_PERCENT_HP_BONUS","is_prod":false,"is_daily":false,"chose_seed":false,"campfire_upgraded":3,"win_rate":0,"timestamp":1553069676,"path_taken":["M","M","M","?","?","R","E","M","T","R","?","M","?","M","R","BOSS"],"build_version":"2019-01-23","purchased_purges":0,"victory":false,"max_hp_per_floor":[88,88,88,88,88,88,88,88,88,88,88,88,88,88,88,88],"card_choices":[{"not_picked":["Wild Strike","Headbutt"],"picked":"Clothesline","floor":1.0},{"not_picked":["Body Slam","Twin Strike"],"picked":"Flex","floor":2.0},{"not_picked":["Wild Strike","Fire Breathing"],"picked":"Sword Boomerang","floor":3.0},{"not_picked":["Dual Wield","Second Wind"],"picked":"Reaper","floor":7.0},{"not_picked":["Body Slam","Clothesline","Pommel Strike"],"picked":"SKIP","floor":8.0},{"not_picked":["Body Slam","Clothesline"],"picked":"Pommel Strike","floor":8.0},{"not_picked":["Dual Wield","True Grit"],"picked":"Cleave","floor":11.0},{"not_picked":["Dropkick","Heavy Blade","Perfected Strike"],"picked":"SKIP","floor":12.0},{"not_picked":["Flex","Headbutt","True Grit"],"picked":"SKIP","floor":14.0}],"player_experience":357997,"relics_obtained":[{"floor":7.0,"key":"Anchor"},{"floor":9.0,"key":"Mummified Hand"}],"event_choices":[{"damage_healed":0.0,"max_hp_gain":0.0,"max_hp_loss":0.0,"gold_gain":0.0,"event_name":"Scrap Ooze","player_choice":"Success","floor":4.0,"gold_loss":0.0,"damage_taken":7.0,"relics_obtained":["Letter Opener"]},{"damage_healed":0.0,"max_hp_gain":0.0,"max_hp_loss":0.0,"gold_gain":0.0,"event_name":"Match and Keep!","player_choice":"1 cards matched","floor":5.0,"gold_loss":0.0,"damage_taken":0.0,"cards_obtained":["Enlightenment"]},{"damage_healed":0.0,"max_hp_gain":0.0,"max_hp_loss":0.0,"gold_gain":0.0,"event_name":"Wheel of Change","player_choice":"Cursed","floor":13.0,"gold_loss":0.0,"damage_taken":0.0,"cards_obtained":["Decay"]}],"is_beta":false,"boss_relics":[],"items_purged_floors":[],"is_endless":false,"potions_floor_spawned":[3,8,11,14],"killed_by":"The Guardian","ascension_level":10}