{"gold_per_floor":[111,111,174,174,125,125,102,119,143,159,175,187,161,177,177,282,282,298,314,314,334,334,334,348,348,348,298,298,314,314,345,345,345],"floor_reached":33,"playtime":693,"items_purged":[],"score":264,"play_id":"34aa3355-e050-4aa2-800b-a0b58b5b6f74","local_time":"20190314184534","is_ascension_mode":false,"campfire_choices":[{"floor":6,"key":"REST"},{"floor":15,"key":"REST"},{"floor":23,"key":"REST"},{"data":"Flex","floor":25,"key":"SMITH"},{"floor":32,"key":"REST"}],"neow_cost":"NONE","seed_source_timestamp":1234643681756700,"circlet_count":0,"master_deck":["Strike_R+1","Strike_R+1","Strike_R+1","Strike_R+1","Strike_R+1","Defend_R+1","Defend_R+1","Defend_R+1","Defend_R+1","Bash","Heavy Blade+1","Twin Strike","Perfected Strike","Headbutt","Flex","Perfected Strike","Clothesline","Pommel Strike","Demon Form","Armaments+1","Flex+1","Heavy Blade","Infernal Blade","Sword Boomerang+1","Flex","Thunderclap"],"relics":["Burning Blood","Strawberry","Philosopher\u0027s Stone","Bird Faced Urn","MutagenicStrength","Red Mask"],"potions_floor_usage":[16,28,31],"damage_taken":[{"damage":11,"enemies":"Jaw Worm","floor":1,"turns":5},{"damage":0,"enemies":"2 Louse","floor":8,"turns":2},{"damage":0,"enemies":"Cultist","floor":10,"turns":2},{"damage":18,"enemies":"Lots of Slimes","floor":11,"turns":4},{"damage":13,"enemies":"2 Fungi Beasts","floor":12,"turns":3},{"damage":5,"enemies":"3 Louse","floor":14,"turns":3},{"damage":16,"enemies":"Slime Boss","floor":16,"turns":8},{"damage":12,"enemies":"Chosen","floor":18,"turns":2},{"damage":6,"enemies":"Spheric Guardian","floor":19,"turns":3},{"damage":34,"enemies":"Shelled Parasite and Fungi","floor":21,"turns":5},{"damage":12,"enemies":"Snecko","floor":24,"turns":3},{"damage":0,"enemies":"Centurion and Healer","floor":28,"turns":1},{"damage":31,"enemies":"3 Cultists","floor":29,"turns":5},{"damage":7,"enemies":"Masked Bandits","floor":31,"turns":2},{"damage":105,"enemies":"Collector","floor":33,"turns":5}],"seed_played":"8966457749760172434","potions_obtained":[{"floor":8,"key":"SmokeBomb"},{"floor":11,"key":"Dexterity Potion"},{"floor":12,"key":"Explosive Potion"},{"floor":29,"key":"Fire Potion"},{"floor":31,"key":"SmokeBomb"}],"is_trial":false,"path_per_floor":["M","?","?","?","$","R","$","M","T","M","M","M","$","M","R","B",null,"M","M","?","M","?","R","M","R","T","?","M","M","?","?","R","B"],"character_chosen":"IRONCLAD","items_purchased":["Twin Strike","Perfected Strike","Clothesline"],"campfire_rested":4,"item_purchase_floors":[5,7,13],"current_hp_per_floor":[83,88,88,69,69,93,93,93,100,100,88,81,81,82,100,90,100,94,94,94,66,66,96,90,90,90,90,96,73,73,72,100,0],"gold":345,"neow_bonus":"TEN_PERCENT_HP_BONUS","is_prod":false,"is_daily":false,"chose_seed":false,"campfire_upgraded":1,"win_rate":0,"timestamp":1552585534,"path_taken":["M","?","?","?","?","R","$","M","T","M","?","M","$","M","R","BOSS","M","?","?","M","?","R","M","R","T","?","?","M","?","?","R","BOSS"],"build_version":"2019-01-23","purchased_purges":0,"victory":false,"max_hp_per_floor":[88,93,93,93,93,93,93,93,100,100,100,100,100,100,100,100,100,100,100,100,100,100,100,100,100,100,100,100,100,100,100,100,100],"card_choices":[{"not_picked":["Clothesline","Havoc"],"picked":"Heavy Blade","floor":1},{"not_picked":["Sword Boomerang","Entrench"],"picked":"Headbutt","floor":8},{"not_picked":["Body Slam","Cleave"],"picked":"Flex","floor":10},{"not_picked":["Body Slam","Fire Breathing","Havoc"],"picked":"SKIP","floor":11},{"not_picked":["Cleave","Second Wind"],"picked":"Perfected Strike","floor":12},{"not_picked":["Shrug It Off","Headbutt"],"picked":"Pommel Strike","floor":14},{"not_picked":["Impervious","Juggernaut"],"picked":"Demon Form","floor":16},{"not_picked":["Whirlwind","True Grit"],"picked":"Armaments+1","floor":18},{"not_picked":["Cleave","Spot Weakness+1"],"picked":"Flex","floor":19},{"not_picked":["True Grit","Combust"],"picked":"Infernal Blade","floor":21},{"not_picked":["Uppercut","Clash"],"picked":"Sword Boomerang+1","floor":24},{"not_picked":["Inflame+1","Pommel Strike"],"picked":"Flex","floor":29},{"not_picked":["Disarm","Berserk"],"picked":"Thunderclap","floor":31}],"player_experience":300683,"relics_obtained":[{"floor":9,"key":"Strawberry"},{"floor":26,"key":"Bird Faced Urn"},{"floor":31,"key":"Red Mask"}],"event_choices":[{"damage_healed":0,"gold_gain":0,"player_choice":"Donut","damage_taken":0,"max_hp_gain":5,"max_hp_loss":0,"event_name":"Big Fish","floor":2,"gold_loss":0},{"damage_healed":0,"gold_gain":63,"player_choice":"Gained Gold","damage_taken":0,"max_hp_gain":0,"max_hp_loss":0,"event_name":"Golden Wing","floor":3,"gold_loss":0},{"damage_healed":0,"gold_gain":0,"player_choice":"Entered Light","damage_taken":19,"max_hp_gain":0,"max_hp_loss":0,"event_name":"Shining Light","floor":4,"gold_loss":0,"cards_upgraded":["Defend_R","Heavy Blade"]},{"damage_healed":0,"gold_gain":0,"player_choice":"Read","damage_taken":0,"max_hp_gain":0,"max_hp_loss":0,"event_name":"The Library","floor":20,"gold_loss":0,"cards_obtained":["Heavy Blade"]},{"damage_healed":0,"gold_gain":0,"player_choice":"Simplicity","damage_taken":0,"max_hp_gain":0,"max_hp_loss":0,"event_name":"Back to Basics","floor":22,"gold_loss":0,"cards_upgraded":["Strike_R","Strike_R","Strike_R","Strike_R","Strike_R","Defend_R","Defend_R","Defend_R"]},{"damage_healed":0,"gold_gain":0,"player_choice":"Bet on Murderer","damage_taken":0,"max_hp_gain":0,"max_hp_loss":0,"event_name":"The Joust","floor":27,"gold_loss":50},{"damage_healed":0,"gold_gain":0,"player_choice":"Inject Mutagens","damage_taken":0,"relics_obtained":["MutagenicStrength"],"max_hp_gain":0,"max_hp_loss":0,"event_name":"Drug Dealer","floor":30,"gold_loss":0},{"damage_healed":0,"gold_gain":0,"player_choice":"Fought Bandits","damage_taken":0,"max_hp_gain":0,"max_hp_loss":0,"event_name":"Masked Bandits","floor":31,"gold_loss":0}],"is_beta":false,"boss_relics":[{"not_picked":["Ectoplasm","Calling Bell"],"picked":"Philosopher\u0027s Stone"}],"items_purged_floors":[],"is_endless":false,"potions_floor_spawned":[8,11,12,29,31],"killed_by":"Collector","ascension_level":0}