{"gold_per_floor":[361,40,40,56,76,107,107,142,142,153,153,173,203,215,215,313,313,323,342,342,353,353,353,364,392,392,407,407,27,59,76,76,174,174,185,185,200,600,600,600,625,625,694,300,316,67,85,60,60,60],"floor_reached":51,"playtime":2860,"items_purged":["Writhe","Parasite"],"score":909,"play_id":"2ac23e96-2eae-402f-8ae8-72a2e95c64cb","local_time":"20190302014639","is_ascension_mode":true,"campfire_choices":[{"data":"Double Tap","floor":7.0,"key":"SMITH"},{"data":"Metallicize","floor":11.0,"key":"SMITH"},{"data":"Bash","floor":15.0,"key":"SMITH"},{"data":"Shrug It Off","floor":23.0,"key":"SMITH"},{"data":"Shrug It Off","floor":28.0,"key":"SMITH"},{"data":"Demon Form","floor":32.0,"key":"SMITH"},{"data":"Shrug It Off","floor":40.0,"key":"SMITH"},{"data":"Entrench","floor":42.0,"key":"SMITH"},{"data":"Defend_R","floor":49,"key":"SMITH"}],"neow_cost":"PERCENT_DAMAGE","seed_source_timestamp":48648630289214,"circlet_count":0,"master_deck":["Strike_R","Strike_R","Strike_R","Defend_R+1","Defend_R","Defend_R+1","Bash+1","Anger","Metallicize+1","Shrug It Off+1","Battle Trance","Shrug It Off+1","Double Tap+1","Shrug It Off+1","Anger","Battle Trance","Bludgeon","Infernal Blade+1","Thunderclap+1","Battle Trance+1","Entrench+1","Inflame","Demon Form+1","Pommel Strike+1","Blind+1","Inflame","Havoc+1"],"special_seed":0,"relics":["Burning Blood","Sling","Pantograph","Kunai","Bottled Tornado","Pen Nib","Empty Cage","Singing Bowl","Mercury Hourglass","War Paint","Blood Vial","Meat on the Bone","Busted Crown","Old Coin","Bronze Scales","Toxic Egg 2","Oddly Smooth Stone","Lantern"],"potions_floor_usage":[50,50],"damage_taken":[{"damage":10.0,"enemies":"Small Slimes","floor":1.0,"turns":5.0},{"damage":0.0,"enemies":"2 Louse","floor":4.0,"turns":4.0},{"damage":0.0,"enemies":"Cultist","floor":5.0,"turns":4.0},{"damage":11.0,"enemies":"3 Sentries","floor":6.0,"turns":9.0},{"damage":7.0,"enemies":"Gremlin Nob","floor":8.0,"turns":3.0},{"damage":9.0,"enemies":"3 Louse","floor":10.0,"turns":5.0},{"damage":1.0,"enemies":"Large Slime","floor":12.0,"turns":3.0},{"damage":17.0,"enemies":"Lagavulin","floor":13.0,"turns":5.0},{"damage":1.0,"enemies":"Blue Slaver","floor":14.0,"turns":4.0},{"damage":45.0,"enemies":"Hexaghost","floor":16.0,"turns":9.0},{"damage":18.0,"enemies":"Spheric Guardian","floor":18.0,"turns":4.0},{"damage":22.0,"enemies":"Shell Parasite","floor":19.0,"turns":6.0},{"damage":2.0,"enemies":"Centurion and Healer","floor":21.0,"turns":3.0},{"damage":2.0,"enemies":"Snecko","floor":24.0,"turns":3.0},{"damage":14.0,"enemies":"Gremlin Leader","floor":25.0,"turns":5.0},{"damage":26.0,"enemies":"Sentry and Sphere","floor":27.0,"turns":6.0},{"damage":20.0,"enemies":"Book of Stabbing","floor":30.0,"turns":5.0},{"damage":4.0,"enemies":"Centurion and Healer","floor":31.0,"turns":9.0},{"damage":66.0,"enemies":"Collector","floor":33.0,"turns":8.0},{"damage":9.0,"enemies":"Orb Walker","floor":35.0,"turns":3.0},{"damage":15.0,"enemies":"3 Shapes","floor":37.0,"turns":4.0},{"damage":15.0,"enemies":"Mind Bloom Boss Battle","floor":38.0,"turns":6.0},{"damage":36.0,"enemies":"Giant Head","floor":41.0,"turns":6.0},{"damage":0.0,"enemies":"Writhing Mass","floor":45.0,"turns":6.0},{"damage":16,"enemies":"Transient","floor":47,"turns":5},{"damage":69,"enemies":"Time Eater","floor":50,"turns":9}],"seed_played":"1980306812049574039","potions_obtained":[{"floor":5.0,"key":"EssenceOfSteel"},{"floor":8.0,"key":"EssenceOfSteel"},{"floor":10.0,"key":"Ancient Potion"},{"floor":18.0,"key":"Regen Potion"},{"floor":19.0,"key":"Block Potion"},{"floor":30.0,"key":"PowerPotion"},{"floor":33.0,"key":"BloodPotion"},{"floor":37.0,"key":"SneckoOil"},{"floor":45.0,"key":"Strength Potion"}],"is_trial":false,"path_per_floor":["M","$","?","M","M","E","R","E","T","M","R","M","E","M","R","B",null,"M","M","?","M","?","R","M","E","T","M","R","$","E","M","R","B",null,"M","?","M","?","?","R","E","R","T","$","M","$","M","$","R","B",null],"character_chosen":"IRONCLAD","items_purchased":["Metallicize","Sling","Shrug It Off","War Paint","Blood Vial","Inflame","Oddly Smooth Stone","Blind+1","Inflame","Lantern","Havoc+1"],"campfire_rested":0,"item_purchase_floors":[2,2,2,29,29,29,44,44,44,46,48],"current_hp_per_floor":[52,52,45,51,57,52,52,51,51,48,48,53,42,47,47,33,68,56,55,55,59,59,59,63,55,55,37,37,37,27,43,43,22,69,70,70,63,79,88,88,60,60,60,60,70,70,64,64,64,42],"gold":60,"neow_bonus":"TWO_FIFTY_GOLD","is_prod":false,"is_daily":false,"chose_seed":false,"campfire_upgraded":9,"win_rate":0,"timestamp":1551462399,"path_taken":["M","$","?","M","M","E","R","E","T","M","R","M","E","M","R","BOSS","M","M","?","?","?","R","M","E","T","M","R","$","E","M","R","BOSS","M","?","M","?","?","R","E","R","T","$","M","$","?","$","R","BOSS"],"build_version":"2019-01-23","purchased_purges":2,"victory":true,"max_hp_per_floor":[80,80,80,80,80,80,80,80,80,80,80,80,80,80,80,80,80,80,80,80,80,80,80,80,80,80,82,82,82,84,84,84,84,84,86,86,86,88,88,88,90,90,90,90,92,89,91,91,91,91],"card_choices":[{"not_picked":["Second Wind","Burning Pact"],"picked":"Anger","floor":1.0},{"not_picked":["Havoc","Body Slam"],"picked":"Battle Trance","floor":4.0},{"not_picked":["Reckless Charge","Havoc"],"picked":"Shrug It Off","floor":5.0},{"not_picked":["Feed","Shrug It Off"],"picked":"Double Tap","floor":6.0},{"not_picked":["Rupture","Searing Blow"],"picked":"Shrug It Off","floor":8.0},{"not_picked":["Burning Pact","Iron Wave","Body Slam"],"picked":"SKIP","floor":10.0},{"not_picked":["Disarm","Flex"],"picked":"Anger","floor":12.0},{"not_picked":["Wild Strike","Clash"],"picked":"Battle Trance","floor":13.0},{"not_picked":["Burning Pact","Shockwave","Dark Embrace"],"picked":"SKIP","floor":14.0},{"not_picked":["Berserk","Fiend Fire"],"picked":"Bludgeon","floor":16.0},{"not_picked":["Warcry","Thunderclap"],"picked":"Infernal Blade","floor":18.0},{"not_picked":["Clothesline","Warcry","Rupture"],"picked":"SKIP","floor":19.0},{"not_picked":["Clothesline","Warcry","Rupture"],"picked":"SKIP","floor":19.0},{"not_picked":["Sword Boomerang","Iron Wave+1"],"picked":"Thunderclap+1","floor":21.0},{"not_picked":["Second Wind","Searing Blow"],"picked":"Battle Trance","floor":24.0},{"not_picked":["Heavy Blade+1","Whirlwind"],"picked":"Entrench","floor":25.0},{"not_picked":["Sever Soul","Hemokinesis","Searing Blow"],"picked":"Singing Bowl","floor":27.0},{"not_picked":["Armaments","Blood for Blood","Cleave"],"picked":"Singing Bowl","floor":30.0},{"not_picked":["Havoc","Dual Wield"],"picked":"Demon Form","floor":31.0},{"not_picked":["Offering","Dark Embrace"],"picked":"Juggernaut","floor":33.0},{"not_picked":["Rage"],"picked":"Singing Bowl","floor":35.0},{"not_picked":[],"picked":"Pommel Strike+1","floor":37.0},{"not_picked":["Ghostly Armor"],"picked":"Singing Bowl","floor":38.0},{"not_picked":["Brutality"],"picked":"Singing Bowl","floor":41.0},{"not_picked":["Iron Wave+1"],"picked":"Singing Bowl","floor":45.0},{"not_picked":["Havoc+1"],"picked":"Singing Bowl","floor":47}],"player_experience":231522,"relics_obtained":[{"floor":6.0,"key":"Pantograph"},{"floor":8.0,"key":"Kunai"},{"floor":9.0,"key":"Bottled Tornado"},{"floor":13.0,"key":"Pen Nib"},{"floor":25.0,"key":"Singing Bowl"},{"floor":26.0,"key":"Mercury Hourglass"},{"floor":30.0,"key":"Meat on the Bone"},{"floor":38.0,"key":"Old Coin"},{"floor":41.0,"key":"Bronze Scales"},{"floor":43.0,"key":"Toxic Egg 2"}],"event_choices":[{"cards_removed":["Strike_R"],"damage_healed":0.0,"max_hp_gain":0.0,"max_hp_loss":0.0,"gold_gain":0.0,"event_name":"Golden Wing","player_choice":"Card Removal","floor":3.0,"gold_loss":0.0,"damage_taken":7.0},{"damage_healed":0.0,"max_hp_gain":0.0,"max_hp_loss":0.0,"gold_gain":0.0,"event_name":"Upgrade Shrine","player_choice":"Upgraded","floor":20.0,"gold_loss":0.0,"damage_taken":0.0,"cards_upgraded":["Infernal Blade"]},{"damage_healed":0.0,"max_hp_gain":0.0,"max_hp_loss":0.0,"gold_gain":0.0,"event_name":"Vampires","player_choice":"Ignored","floor":22.0,"gold_loss":0.0,"damage_taken":0.0},{"cards_removed":["Juggernaut"],"damage_healed":0.0,"max_hp_gain":0.0,"max_hp_loss":0.0,"gold_gain":0.0,"event_name":"Falling","player_choice":"Removed Power","floor":36.0,"gold_loss":0.0,"damage_taken":0.0},{"damage_healed":0.0,"max_hp_gain":0.0,"max_hp_loss":0.0,"gold_gain":0.0,"event_name":"MindBloom","player_choice":"Fight","floor":38.0,"gold_loss":0.0,"damage_taken":0.0},{"damage_healed":22.0,"max_hp_gain":0.0,"max_hp_loss":0.0,"gold_gain":0.0,"event_name":"Winding Halls","player_choice":"Writhe","floor":39.0,"gold_loss":0.0,"damage_taken":0.0,"cards_obtained":["Writhe"]}],"is_beta":false,"boss_relics":[{"not_picked":["Orrery","Pandora\u0027s Box"],"picked":"Empty Cage"},{"not_picked":["Black Star","Sozu"],"picked":"Busted Crown"}],"items_purged_floors":[44,46],"is_endless":false,"potions_floor_spawned":[5,8,10,13,16,18,19,30,33,37,45],"ascension_level":5}