{"gold_per_floor":[116,116,38,38,58,58,134,167,216,228,259,271,328,355,367,505,517,542,494,506,518,116,116,140,140,140,140],"floor_reached":27,"playtime":1462,"items_purged":["Ball Lightning"],"score":284,"play_id":"c637225b-242a-42f9-bc86-ea18b8e06916","local_time":"20181207104320","is_ascension_mode":true,"campfire_choices":[{"data":"Go for the Eyes","floor":6.0,"key":"SMITH"},{"floor":12.0,"key":"REST"},{"data":"Hologram","floor":15.0,"key":"SMITH"},{"data":"Defragment","floor":23.0,"key":"SMITH"}],"neow_cost":"NONE","seed_source_timestamp":5249534869554,"circlet_count":0,"master_deck":["Zap","Dualcast","Blizzard+1","Coolheaded","Go for the Eyes+1","Cold Snap","Hologram+1","Coolheaded","Stack","Coolheaded","Creative AI","Conserve Battery","Heatsinks","Beam Cell","Reinforced Body","Coolheaded","Leap","Defragment+1","Loop+1"],"special_seed":0,"relics":["Cracked Core","NeowsBlessing","Golden Idol","Potion Belt","Calipers","MawBank","Whetstone","Pandora\u0027s Box","Mercury Hourglass"],"potions_floor_usage":[27],"damage_taken":[{"damage":0.0,"enemies":"Small Slimes","floor":1.0,"turns":1.0},{"damage":0.0,"enemies":"2 Louse","floor":5.0,"turns":1.0},{"damage":0.0,"enemies":"Gremlin Nob","floor":7.0,"turns":1.0},{"damage":36.0,"enemies":"Lagavulin","floor":8.0,"turns":9.0},{"damage":0.0,"enemies":"Cultist","floor":11.0,"turns":2.0},{"damage":0.0,"enemies":"Blue Slaver","floor":14.0,"turns":5.0},{"damage":2.0,"enemies":"Hexaghost","floor":16.0,"turns":13.0},{"damage":13.0,"enemies":"3 Byrds","floor":18.0,"turns":6.0},{"damage":14.0,"enemies":"2 Thieves","floor":19.0,"turns":4.0},{"damage":1.0,"enemies":"Cultist and Chosen","floor":24.0,"turns":9.0},{"damage":39,"enemies":"Slavers","floor":27,"turns":3}],"seed_played":"8906720021298571166","potions_obtained":[{"floor":1.0,"key":"Ancient Potion"},{"floor":5.0,"key":"Weak Potion"},{"floor":8.0,"key":"SteroidPotion"},{"floor":10.0,"key":"Energy Potion"},{"floor":10.0,"key":"SneckoOil"},{"floor":14.0,"key":"Swift Potion"},{"floor":24.0,"key":"FearPotion"}],"is_trial":false,"path_per_floor":["M","?","$","?","M","R","?","E","T","?","M","R","T","M","R","B",null,"M","M","?","?","$","R","M","?","T","E"],"character_chosen":"DEFECT","items_purchased":["Coolheaded","Go for the Eyes","Mercury Hourglass","Defragment"],"campfire_rested":1,"item_purchase_floors":[3,3,22,22],"current_hp_per_floor":[75,57,57,50,50,50,50,14,14,14,14,36,36,36,36,34,65,52,38,38,38,38,38,37,37,37,0],"gold":140,"neow_bonus":"THREE_ENEMY_KILL","is_prod":false,"is_daily":false,"chose_seed":false,"campfire_upgraded":3,"win_rate":0,"timestamp":1544147000,"path_taken":["M","?","$","?","M","R","?","E","T","?","?","R","?","M","R","BOSS","M","M","?","?","$","R","M","?","T","E"],"build_version":"2018-12-06","purchased_purges":1,"victory":false,"max_hp_per_floor":[75,75,75,75,75,75,75,75,75,75,75,75,75,75,75,75,75,75,75,75,75,75,75,75,75,75,75],"card_choices":[{"not_picked":["Force Field","Gash"],"picked":"Blizzard","floor":1.0},{"not_picked":["Rebound","Gash"],"picked":"Cold Snap","floor":5.0},{"not_picked":["Sweeping Beam","Scrape"],"picked":"Hologram","floor":7.0},{"not_picked":["Darkness","Self Repair"],"picked":"Coolheaded","floor":8.0},{"not_picked":["Turbo","Steam"],"picked":"Stack","floor":11.0},{"not_picked":["Steam","Ball Lightning"],"picked":"Coolheaded","floor":14.0},{"not_picked":["Reboot","All For One"],"picked":"Creative AI","floor":16.0},{"not_picked":["Gash","Streamline"],"picked":"Coolheaded","floor":18.0},{"not_picked":["Turbo","Stack"],"picked":"Leap","floor":19.0},{"not_picked":["Storm","FTL"],"picked":"Loop+1","floor":24.0}],"player_experience":167012,"relics_obtained":[{"floor":7.0,"key":"Potion Belt"},{"floor":8.0,"key":"Calipers"},{"floor":9.0,"key":"MawBank"},{"floor":13.0,"key":"Whetstone"}],"event_choices":[{"damage_healed":0.0,"max_hp_gain":0.0,"max_hp_loss":0.0,"gold_gain":0.0,"event_name":"Golden Idol","player_choice":"Take Damage","floor":2.0,"gold_loss":0.0,"damage_taken":18.0,"relics_obtained":["Golden Idol"]},{"cards_removed":["Strike_B"],"damage_healed":0.0,"max_hp_gain":0.0,"max_hp_loss":0.0,"gold_gain":0.0,"event_name":"Golden Wing","player_choice":"Card Removal","floor":4.0,"gold_loss":0.0,"damage_taken":7.0},{"damage_healed":0.0,"max_hp_gain":0.0,"max_hp_loss":0.0,"gold_gain":0.0,"event_name":"Dead Adventurer","player_choice":"Searched \u00271\u0027 times","floor":7.0,"gold_loss":0.0,"damage_taken":0.0},{"damage_healed":0.0,"max_hp_gain":0.0,"max_hp_loss":0.0,"gold_gain":0.0,"event_name":"Lab","player_choice":"Got Potions","floor":10.0,"gold_loss":0.0,"damage_taken":0.0},{"cards_removed":["Streamline"],"damage_healed":0.0,"max_hp_gain":0.0,"max_hp_loss":0.0,"gold_gain":0.0,"event_name":"Back to Basics","player_choice":"Elegance","floor":20.0,"gold_loss":0.0,"damage_taken":0.0},{"damage_healed":0.0,"max_hp_gain":0.0,"max_hp_loss":0.0,"gold_gain":0.0,"event_name":"Vampires","player_choice":"Ignored","floor":21.0,"gold_loss":0.0,"damage_taken":0.0},{"cards_removed":["Coolheaded"],"damage_healed":0.0,"max_hp_gain":0.0,"max_hp_loss":0.0,"gold_gain":0.0,"event_name":"Purifier","player_choice":"Purged","floor":25.0,"gold_loss":0.0,"damage_taken":0.0}],"is_beta":false,"boss_relics":[{"not_picked":["Orrery","Fusion Hammer"],"picked":"Pandora\u0027s Box"}],"items_purged_floors":[22],"is_endless":false,"potions_floor_spawned":[1,5,8,14,24],"killed_by":"Slavers","ascension_level":5}