{"gold_per_floor":[113,132,146,166,186,186,186,186,212,212,186,205,274,289,289,389,389,407,407,334,352,372,372,387,387,387,399,410,88,187,205,205,205],"floor_reached":33,"playtime":2607,"items_purged":["Decay"],"score":243,"play_id":"6a8905bf-e100-48d6-8958-a9ef32e91157","local_time":"20181019121422","is_ascension_mode":false,"campfire_choices":[{"data":"Searing Blow","floor":6,"key":"SMITH"},{"data":"Searing Blow+1","floor":8,"key":"SMITH"},{"data":"Searing Blow+2","floor":15,"key":"SMITH"},{"floor":23,"key":"REST"},{"floor":32,"key":"REST"}],"neow_cost":"NONE","seed_source_timestamp":2622766241187,"circlet_count":0,"master_deck":["Strike_R","Strike_R","Strike_R","Strike_R","Strike_R","Defend_R","Defend_R","Defend_R","Defend_R","Bash","Finesse","Searing Blow+3","Thunderclap","Headbutt","Iron Wave","Pommel Strike","Heavy Blade","Flex","Demon Form","Double Tap","Flex","True Grit","Iron Wave+1","Armaments+1","Heavy Blade+1","Uppercut","Flex+1","Offering","Bandage Up","Sentinel+1"],"relics":["Burning Blood"],"potions_floor_usage":[16,16,22,24,28],"damage_taken":[{"damage":1,"enemies":"2 Louse","floor":1,"turns":4},{"damage":6,"enemies":"Cultist","floor":2,"turns":3},{"damage":9,"enemies":"Small Slimes","floor":3,"turns":3},{"damage":11,"enemies":"Blue Slaver","floor":4,"turns":5},{"damage":5,"enemies":"Red Slaver","floor":5,"turns":5},{"damage":0,"enemies":"2 Fungi Beasts","floor":12,"turns":2},{"damage":6,"enemies":"3 Louse","floor":14,"turns":3},{"damage":25,"enemies":"The Guardian","floor":16,"turns":6},{"damage":13,"enemies":"3 Byrds","floor":18,"turns":6},{"damage":5,"enemies":"Spheric Guardian","floor":21,"turns":3},{"damage":24,"enemies":"Cultist and Chosen","floor":22,"turns":6},{"damage":28,"enemies":"Snake Plant","floor":24,"turns":3},{"damage":17,"enemies":"Centurion and Healer","floor":27,"turns":4},{"damage":24,"enemies":"3 Cultists","floor":28,"turns":6},{"damage":11,"enemies":"Snecko","floor":31,"turns":4},{"damage":0,"enemies":"Collector","floor":33,"turns":2}],"seed_played":"-877927714989521262","potions_obtained":[{"floor":2,"key":"Strength Potion"},{"floor":3,"key":"Strength Potion"},{"floor":5,"key":"FearPotion"},{"floor":21,"key":"FearPotion"},{"floor":27,"key":"Energy Potion"}],"is_trial":false,"path_per_floor":["M","M","M","M","M","R","?","R","T","?","$","M","?","M","R","B",null,"M","?","$","M","M","R","M","?","T","M","M","$","?","M","R"],"character_chosen":"IRONCLAD","items_purchased":["Flex","Flex","True Grit","Offering","Bandage Up"],"campfire_rested":2,"item_purchase_floors":[11,20,20,29,29],"current_hp_per_floor":[80,80,77,72,73,73,73,73,73,73,73,79,79,79,79,60,80,73,73,73,74,56,80,58,58,58,47,29,29,29,28,52,52],"gold":205,"neow_bonus":"RANDOM_COLORLESS","is_prod":false,"is_daily":false,"chose_seed":false,"campfire_upgraded":3,"win_rate":0,"timestamp":1539944062,"path_taken":["M","M","M","M","M","R","?","R","T","?","$","M","?","M","R","BOSS","M","?","$","M","M","R","M","?","T","?","M","$","?","?","R","BOSS"],"build_version":"2018-10-18","purchased_purges":1,"victory":false,"max_hp_per_floor":[80,80,80,80,80,80,80,80,80,80,80,80,80,80,80,80,80,80,80,80,80,80,80,80,80,80,80,80,80,80,80,80,80],"card_choices":[{"not_picked":["Sentinel","Carnage"],"picked":"Searing Blow","floor":1},{"not_picked":["Cleave","Armaments"],"picked":"Thunderclap","floor":2},{"not_picked":["True Grit","Clothesline"],"picked":"Headbutt","floor":3},{"not_picked":["Body Slam","Sentinel"],"picked":"Iron Wave","floor":4},{"not_picked":["Havoc","Twin Strike"],"picked":"Pommel Strike","floor":5},{"not_picked":["Rupture","Anger","Bloodletting"],"picked":"SKIP","floor":12},{"not_picked":["Power Through","Rampage"],"picked":"Demon Form","floor":14},{"not_picked":["Feed","Juggernaut"],"picked":"Double Tap","floor":16},{"not_picked":["Reckless Charge","Hemokinesis","Body Slam"],"picked":"SKIP","floor":18},{"not_picked":["Flex","Body Slam+1"],"picked":"Iron Wave+1","floor":21},{"not_picked":["Twin Strike","Intimidate"],"picked":"Armaments+1","floor":22},{"not_picked":["Clash+1","Armaments"],"picked":"Heavy Blade+1","floor":24},{"not_picked":["Disarm+1","Body Slam"],"picked":"Uppercut","floor":27},{"not_picked":["Body Slam+1","Perfected Strike"],"picked":"Flex+1","floor":28},{"not_picked":["Clothesline","Bludgeon"],"picked":"Sentinel+1","floor":31}],"player_experience":248516,"relics_obtained":[],"event_choices":[{"damage_healed":0,"gold_gain":0,"player_choice":"1 cards matched","damage_taken":0,"max_hp_gain":0,"max_hp_loss":0,"event_name":"Match and Keep!","floor":7,"gold_loss":0,"cards_obtained":["Heavy Blade"]},{"damage_healed":0,"gold_gain":0,"player_choice":"Ignored","damage_taken":0,"max_hp_gain":0,"max_hp_loss":0,"event_name":"Golden Idol","floor":10,"gold_loss":0},{"damage_healed":0,"gold_gain":69,"player_choice":"Gained Gold","damage_taken":0,"max_hp_gain":0,"max_hp_loss":0,"event_name":"Golden Wing","floor":13,"gold_loss":0},{"damage_healed":0,"gold_gain":0,"player_choice":"Ignored","damage_taken":0,"max_hp_gain":0,"max_hp_loss":0,"event_name":"Cursed Tome","floor":19,"gold_loss":0},{"damage_healed":0,"gold_gain":0,"player_choice":"Smashed Altar","damage_taken":0,"max_hp_gain":0,"max_hp_loss":0,"event_name":"Forgotten Altar","floor":25,"gold_loss":0,"cards_obtained":["Decay"]},{"damage_healed":0,"gold_gain":99,"player_choice":"Stole From Cult","damage_taken":0,"max_hp_gain":0,"max_hp_loss":0,"event_name":"Nest","floor":30,"gold_loss":0}],"is_beta":false,"boss_relics":[{"not_picked":["Sozu","Eternal Feather","Runic Pyramid"]}],"items_purged_floors":[29],"is_endless":false,"potions_floor_spawned":[2,3,5,21,27],"killed_by":"Collector","ascension_level":0}