{"gold_per_floor":[113,124,135,135,151,177,177,205,205,217,231,181,181,26,26,124,124,141,159,159,175,189,189,218,218,243,243,243,263,188,38,38,38],"floor_reached":33,"playtime":1688,"items_purged":[],"score":360,"play_id":"e78703d6-40d0-4efd-8192-0b71992071b6","local_time":"20190304153854","is_ascension_mode":true,"campfire_choices":[{"data":"Streamline","floor":7.0,"key":"SMITH"},{"floor":15.0,"key":"REST"},{"data":"Auto Shields","floor":23,"key":"SMITH"},{"floor":25,"key":"REST"},{"floor":28,"key":"REST"},{"data":"Sunder","floor":32,"key":"SMITH"}],"neow_cost":"PERCENT_DAMAGE","seed_source_timestamp":10560977232620,"circlet_count":0,"master_deck":["Defend_B","Defend_B","Defend_B+1","Defend_B+1","Zap","Dualcast","Steam","Rebound","Streamline+1","Streamline","Skim","Glacier","Rebound","Auto Shields+1","Reboot","Beam Cell","Sunder+1","Conserve Battery+1","Streamline","Loop","Auto Shields+1"],"special_seed":0,"relics":["Cracked Core","Sundial","Ancient Tea Set","Kunai","War Paint","Empty Cage","Enchiridion","Dodecahedron","Orichalcum","Vajra"],"potions_floor_usage":[22,24,24,33],"damage_taken":[{"damage":7.0,"enemies":"Jaw Worm","floor":1.0,"turns":3.0},{"damage":1.0,"enemies":"Cultist","floor":2.0,"turns":3.0},{"damage":2.0,"enemies":"2 Louse","floor":3.0,"turns":2.0},{"damage":3.0,"enemies":"Blue Slaver","floor":5.0,"turns":3.0},{"damage":20.0,"enemies":"3 Sentries","floor":6.0,"turns":6.0},{"damage":25.0,"enemies":"Gremlin Nob","floor":8.0,"turns":4.0},{"damage":1.0,"enemies":"Looter","floor":10.0,"turns":4.0},{"damage":2.0,"enemies":"Large Slime","floor":11.0,"turns":4.0},{"damage":41.0,"enemies":"Slime Boss","floor":16.0,"turns":10.0},{"damage":14.0,"enemies":"2 Thieves","floor":18.0,"turns":5.0},{"damage":2.0,"enemies":"Shell Parasite","floor":19.0,"turns":4.0},{"damage":10.0,"enemies":"Centurion and Healer","floor":21.0,"turns":5.0},{"damage":7,"enemies":"Snake Plant","floor":22,"turns":6},{"damage":17,"enemies":"Slavers","floor":24,"turns":10},{"damage":0,"enemies":"Snecko","floor":29,"turns":4},{"damage":51,"enemies":"Collector","floor":33,"turns":11}],"seed_played":"9172678231084172356","potions_obtained":[{"floor":2.0,"key":"PowerPotion"},{"floor":5.0,"key":"GamblersBrew"},{"floor":10.0,"key":"SteroidPotion"},{"floor":16.0,"key":"Swift Potion"},{"floor":19.0,"key":"Energy Potion"},{"floor":22,"key":"Block Potion"},{"floor":24,"key":"Poison Potion"}],"is_trial":false,"path_per_floor":["M","M","M","?","M","E","R","E","T","M","M","?","?","$","R","B",null,"M","M","?","M","M","R","E","R","T","?","R","M","?","$","R","B"],"character_chosen":"DEFECT","items_purchased":["War Paint","Vajra"],"campfire_rested":3,"item_purchase_floors":[14,31],"current_hp_per_floor":[57,56,54,54,51,31,31,6,6,5,3,3,25,25,51,10,67,53,51,35,25,18,18,1,26,26,26,51,51,51,51,51,0],"gold":38,"neow_bonus":"TWENTY_PERCENT_HP_BONUS","is_prod":false,"is_daily":false,"chose_seed":false,"campfire_upgraded":3,"win_rate":0,"timestamp":1551685134,"path_taken":["M","M","M","?","?","E","R","E","T","M","M","?","?","$","R","BOSS","M","M","?","M","M","R","E","R","T","?","R","M","?","$","R","BOSS"],"build_version":"2019-01-23","purchased_purges":0,"victory":false,"max_hp_per_floor":[89,89,89,89,89,89,89,89,89,89,89,89,89,89,89,89,86,86,86,86,86,86,86,86,86,86,86,86,86,86,86,86,86],"card_choices":[{"not_picked":["Gash","Force Field"],"picked":"Steam","floor":1.0},{"not_picked":["Rip and Tear","Turbo"],"picked":"Rebound","floor":2.0},{"not_picked":["Turbo","Hologram"],"picked":"Streamline","floor":3.0},{"not_picked":["Beam Cell","Genetic Algorithm"],"picked":"Streamline","floor":5.0},{"not_picked":["Barrage","Darkness"],"picked":"Skim","floor":6.0},{"not_picked":["Redo","Auto Shields"],"picked":"Glacier","floor":8.0},{"not_picked":["All For One","Ball Lightning"],"picked":"Rebound","floor":10.0},{"not_picked":["Aggregate","Tempest"],"picked":"Auto Shields","floor":11.0},{"not_picked":["All For One","Fission"],"picked":"Reboot","floor":16.0},{"not_picked":["Stack","Double Energy"],"picked":"Beam Cell","floor":18.0},{"not_picked":["Leap","Turbo"],"picked":"Sunder","floor":19.0},{"not_picked":["Compile Driver","Aggregate"],"picked":"Conserve Battery+1","floor":21.0},{"not_picked":["Chill","Double Energy"],"picked":"Streamline","floor":22},{"not_picked":["Leap","Conserve Battery+1"],"picked":"Loop","floor":24},{"not_picked":["Genetic Algorithm","Coolheaded"],"picked":"Auto Shields+1","floor":29}],"player_experience":237255,"relics_obtained":[{"floor":6.0,"key":"Sundial"},{"floor":8.0,"key":"Ancient Tea Set"},{"floor":9.0,"key":"Kunai"},{"floor":20.0,"key":"Enchiridion"},{"floor":24,"key":"Dodecahedron"},{"floor":26,"key":"Orichalcum"}],"event_choices":[{"cards_removed":["Strike_B"],"damage_healed":0.0,"max_hp_gain":0.0,"max_hp_loss":0.0,"gold_gain":0.0,"event_name":"Purifier","player_choice":"Purged","floor":4.0,"gold_loss":0.0,"damage_taken":0.0},{"cards_removed":["Strike_B"],"damage_healed":0.0,"max_hp_gain":0.0,"max_hp_loss":0.0,"gold_gain":0.0,"event_name":"The Cleric","player_choice":"Card Removal","floor":12.0,"gold_loss":50.0,"damage_taken":0.0},{"damage_healed":22.0,"max_hp_gain":0.0,"max_hp_loss":0.0,"gold_gain":0.0,"event_name":"Mushrooms","player_choice":"Healed and dodged fight","floor":13.0,"gold_loss":0.0,"damage_taken":0.0,"cards_obtained":["Parasite"]},{"damage_healed":0.0,"max_hp_gain":0.0,"max_hp_loss":0.0,"gold_gain":0.0,"event_name":"Cursed Tome","player_choice":"Obtained Book","floor":20.0,"gold_loss":0.0,"damage_taken":16.0},{"damage_healed":0,"gold_gain":0,"player_choice":"Ignored","damage_taken":0,"max_hp_gain":0,"max_hp_loss":0,"event_name":"Vampires","floor":27,"gold_loss":0},{"cards_removed":["Strike_B"],"damage_healed":0,"gold_gain":0,"player_choice":"Gave Gold","damage_taken":0,"max_hp_gain":0,"max_hp_loss":0,"event_name":"Beggar","floor":30,"gold_loss":75}],"is_beta":false,"boss_relics":[{"not_picked":["Pandora\u0027s Box","Ectoplasm"],"picked":"Empty Cage"}],"items_purged_floors":[],"is_endless":false,"potions_floor_spawned":[2,5,10,16,19,22,24],"killed_by":"Collector","ascension_level":6}