{"gold_per_floor":[110,123,139,155,169,169,204,215,215,215,215,246,246,264,264,363,363,373,373,383,87,97,97,128,178,202,7,17,43,43,18,18,121,121,136,156,11,11,28,62,8,8],"floor_reached":42,"playtime":2263,"items_purged":["Strike_R"],"score":621,"play_id":"3abf69d1-d544-4ecc-a81e-977d29ffd160","local_time":"20190309124913","is_ascension_mode":true,"campfire_choices":[{"data":"Bash","floor":6.0,"key":"SMITH"},{"data":"Perfected Strike","floor":10.0,"key":"SMITH"},{"data":"Rage","floor":13,"key":"SMITH"},{"data":"Cleave","floor":15,"key":"SMITH"},{"data":"Bash","floor":23,"key":"SMITH"},{"data":"Impervious","floor":30,"key":"SMITH"},{"floor":32,"key":"REST"}],"neow_cost":"NONE","seed_source_timestamp":1163971082220,"circlet_count":0,"master_deck":["Strike_R","Defend_R","Defend_R","Defend_R","Defend_R","Bash+1","Twin Strike","Shrug It Off","Impervious+1","Cleave+1","Perfected Strike+1","Rage+1","Wild Strike+1","Twin Strike","Disarm","Bash+1","Armaments+1","Metallicize+1","Wild Strike","Fire Breathing+1","Metallicize+1","Twin Strike","Barricade+1","Pummel+1","Power Through+1","Flame Barrier+1","Warcry+1","Metallicize+1","Entrench+1","Body Slam"],"special_seed":0,"relics":["Burning Blood","Lantern","Anchor","Frozen Egg 2","Regal Pillow","Philosopher\u0027s Stone","Happy Flower","Ornamental Fan","Boot","ClockworkSouvenir","Self Forming Clay","Astrolabe","Bag of Marbles","Potion Belt"],"potions_floor_usage":[24,29,33,40,42],"damage_taken":[{"damage":9.0,"enemies":"Jaw Worm","floor":1.0,"turns":3.0},{"damage":0.0,"enemies":"Cultist","floor":2.0,"turns":2.0},{"damage":0.0,"enemies":"2 Louse","floor":3.0,"turns":3.0},{"damage":24.0,"enemies":"Exordium Thugs","floor":4.0,"turns":9.0},{"damage":9.0,"enemies":"Looter","floor":5.0,"turns":4.0},{"damage":16.0,"enemies":"Lagavulin","floor":7.0,"turns":5.0},{"damage":0.0,"enemies":"3 Louse","floor":8.0,"turns":3.0},{"damage":5,"enemies":"3 Sentries","floor":12,"turns":5},{"damage":0,"enemies":"2 Fungi Beasts","floor":14,"turns":2},{"damage":51,"enemies":"The Guardian","floor":16,"turns":9},{"damage":0,"enemies":"Chosen","floor":18,"turns":2},{"damage":7,"enemies":"2 Thieves","floor":20,"turns":3},{"damage":0,"enemies":"Cultist and Chosen","floor":22,"turns":6},{"damage":19,"enemies":"Slavers","floor":24,"turns":6},{"damage":8,"enemies":"Chosen and Byrds","floor":28,"turns":6},{"damage":16,"enemies":"Gremlin Leader","floor":29,"turns":7},{"damage":71,"enemies":"Collector","floor":33,"turns":10},{"damage":0,"enemies":"3 Shapes","floor":35,"turns":8},{"damage":0,"enemies":"Orb Walker","floor":36,"turns":4},{"damage":16,"enemies":"Writhing Mass","floor":39,"turns":9},{"damage":11,"enemies":"Reptomancer","floor":40,"turns":8},{"damage":98,"enemies":"Giant Head","floor":42,"turns":9}],"seed_played":"-5693548324657122978","potions_obtained":[{"floor":2.0,"key":"PowerPotion"},{"floor":4.0,"key":"PowerPotion"},{"floor":5.0,"key":"EssenceOfSteel"},{"floor":7.0,"key":"EssenceOfSteel"},{"floor":28,"key":"Poison Potion"},{"floor":29,"key":"SteroidPotion"},{"floor":33,"key":"Energy Potion"},{"floor":35,"key":"FearPotion"}],"is_trial":false,"path_per_floor":["M","M","M","M","M","R","E","M","T","R","?","E","R","M","R","B",null,"M","?","M","$","M","R","E","?","T","$","M","E","R","$","R","B",null,"M","M","$","?","M","E","$","E"],"character_chosen":"IRONCLAD","items_purchased":["Happy Flower","Metallicize+1","ClockworkSouvenir","Twin Strike","Bag of Marbles","Body Slam"],"campfire_rested":1,"item_purchase_floors":[21,21,27,31,37,41],"current_hp_per_floor":[69,75,80,62,59,59,49,55,55,55,55,56,56,62,62,17,64,70,70,69,69,75,75,62,62,62,62,60,50,50,50,80,15,64,70,76,76,76,66,61,61,0],"gold":8,"neow_bonus":"RANDOM_COMMON_RELIC","is_prod":false,"is_daily":false,"chose_seed":false,"campfire_upgraded":6,"win_rate":0,"timestamp":1552106953,"path_taken":["M","M","M","M","M","R","E","M","T","R","?","E","R","M","R","BOSS","M","?","?","$","M","R","E","?","T","?","?","E","R","$","R","BOSS","M","M","$","?","M","E","?","E"],"build_version":"2019-01-23","purchased_purges":1,"victory":false,"max_hp_per_floor":[80,80,80,80,80,80,80,80,80,80,80,80,80,80,80,80,80,80,80,80,80,80,80,80,80,80,80,80,80,80,80,80,80,80,80,80,80,80,80,80,80,80],"card_choices":[{"not_picked":["Warcry","Body Slam"],"picked":"Twin Strike","floor":1.0},{"not_picked":["Dual Wield","Flex"],"picked":"Shrug It Off","floor":2.0},{"not_picked":["Thunderclap","Burning Pact"],"picked":"Impervious","floor":3.0},{"not_picked":["Body Slam","Sever Soul"],"picked":"Cleave","floor":4.0},{"not_picked":["Armaments","Intimidate"],"picked":"Perfected Strike","floor":5.0},{"not_picked":["Bloodletting","Warcry"],"picked":"Rage","floor":7.0},{"not_picked":["Havoc","Intimidate"],"picked":"Wild Strike","floor":8.0},{"not_picked":["Bloodletting","Body Slam","Second Wind"],"picked":"SKIP","floor":12},{"not_picked":["Bludgeon","Havoc","Flex"],"picked":"SKIP","floor":14},{"not_picked":["Dark Embrace+1","Bludgeon"],"picked":"Fiend Fire","floor":16},{"not_picked":["Battle Trance","Entrench+1"],"picked":"Twin Strike","floor":18},{"not_picked":["Clothesline","Entrench+1"],"picked":"Armaments+1","floor":20},{"not_picked":["Clothesline","Thunderclap"],"picked":"Wild Strike","floor":22},{"not_picked":["Shockwave","Uppercut+1"],"picked":"Fire Breathing+1","floor":24},{"not_picked":["Heavy Blade","Flex"],"picked":"Metallicize+1","floor":28},{"not_picked":["Clothesline+1","Corruption+1","Body Slam"],"picked":"SKIP","floor":29},{"not_picked":["Brutality+1","Double Tap"],"picked":"Barricade+1","floor":33},{"not_picked":["Corruption+1","Armaments"],"picked":"Warcry+1","floor":35},{"not_picked":["Sever Soul","Sentinel"],"picked":"Metallicize+1","floor":36},{"not_picked":["Blood for Blood+1","True Grit"],"picked":"Entrench+1","floor":39},{"not_picked":["Whirlwind","Anger+1","Reaper"],"picked":"SKIP","floor":40}],"player_experience":262910,"relics_obtained":[{"floor":7.0,"key":"Anchor"},{"floor":9.0,"key":"Frozen Egg 2"},{"floor":12,"key":"Regal Pillow"},{"floor":24,"key":"Ornamental Fan"},{"floor":26,"key":"Boot"},{"floor":29,"key":"Self Forming Clay"},{"floor":40,"key":"Potion Belt"}],"event_choices":[{"damage_healed":0.0,"max_hp_gain":0.0,"max_hp_loss":0.0,"gold_gain":0.0,"event_name":"Upgrade Shrine","player_choice":"Upgraded","floor":11.0,"gold_loss":0.0,"damage_taken":0.0,"cards_upgraded":["Wild Strike"]},{"damage_healed":0,"gold_gain":0,"player_choice":"2 cards matched","damage_taken":0,"max_hp_gain":0,"max_hp_loss":0,"event_name":"Match and Keep!","floor":19,"gold_loss":0,"cards_obtained":["Disarm","Bash"]},{"damage_healed":0,"gold_gain":100,"player_choice":"Bet on Murderer","damage_taken":0,"max_hp_gain":0,"max_hp_loss":0,"event_name":"The Joust","floor":25,"gold_loss":50},{"cards_removed":["Strike_R"],"damage_healed":0,"gold_gain":0,"player_choice":"Offered Basic","damage_taken":0,"max_hp_gain":0,"max_hp_loss":0,"event_name":"Bonfire Elementals","floor":38,"gold_loss":0}],"is_beta":false,"boss_relics":[{"not_picked":["Coffee Dripper","Lizard Tail"],"picked":"Philosopher\u0027s Stone"},{"not_picked":["Black Blood","White Beast Statue"],"picked":"Astrolabe"}],"items_purged_floors":[21],"is_endless":false,"potions_floor_spawned":[2,4,5,7,20,28,29,33,35,36,39],"killed_by":"Giant Head","ascension_level":6}