{"gold_per_floor":[213,50,61,81,81,81,98,131,131,142,142,169,169,197,197,300,300,300,300,300,300,300,300,300,300,300,300,300,300,300,300,300,300,300,300,300,300,53,53,53,53,53,53,53,53,53,33,33,33,33,33,33,33,33,33],"floor_reached":55,"playtime":4472,"items_purged":[],"score":904,"play_id":"b837f034-c3cd-47da-9e08-9343aa8e5e9d","local_time":"20181204121309","is_ascension_mode":true,"campfire_choices":[{"data":"Apotheosis","floor":6,"key":"SMITH"},{"data":"Reinforced Body","floor":11,"key":"SMITH"},{"data":"Glacier","floor":15,"key":"SMITH"},{"floor":23,"key":"RECALL"},{"floor":27,"key":"REST"},{"data":"Echo Form","floor":29,"key":"SMITH"},{"floor":32,"key":"REST"},{"floor":41,"key":"REST"},{"floor":46,"key":"REST"},{"data":"Echo Form","floor":49,"key":"SMITH"},{"data":"Reinforced Body","floor":52,"key":"SMITH"}],"neow_cost":"NONE","seed_source_timestamp":725189786229,"circlet_count":0,"master_deck":["Strike_B","Strike_B","Strike_B","Strike_B","Defend_B","Defend_B","Defend_B","Defend_B","Zap","Dualcast","FTL","Apotheosis+1","Capacitor","Conserve Battery","Sweeping Beam","Reinforced Body+1","Glacier+1","Redo","Echo Form+1","Leap+1","Loop+1","Blizzard","RitualDagger","Leap+1","Echo Form+1","Conserve Battery+1","Leap+1","Reinforced Body+1","Loop","Defragment+1","Force Field+1"],"relics":["FrozenCore","Meat on the Bone","Mercury Hourglass","Omamori","Mango","Ectoplasm","Centennial Puzzle","Dead Branch","Chemical X","Kunai","Question Card","MawBank","Sundial","Mummified Hand"],"potions_floor_usage":[44,55,55,55,55,55],"damage_taken":[{"damage":0,"enemies":"Small Slimes","floor":1,"turns":2},{"damage":1,"enemies":"Cultist","floor":3,"turns":3},{"damage":0,"enemies":"2 Louse","floor":4,"turns":2},{"damage":0,"enemies":"Large Slime","floor":7,"turns":4},{"damage":4,"enemies":"Lagavulin","floor":8,"turns":6},{"damage":1,"enemies":"2 Fungi Beasts","floor":10,"turns":2},{"damage":25,"enemies":"Gremlin Nob","floor":12,"turns":4},{"damage":17,"enemies":"3 Sentries","floor":14,"turns":4},{"damage":15,"enemies":"Hexaghost","floor":16,"turns":11},{"damage":13,"enemies":"Chosen","floor":18,"turns":5},{"damage":4,"enemies":"Shell Parasite","floor":19,"turns":6},{"damage":3,"enemies":"Centurion and Healer","floor":20,"turns":9},{"damage":14,"enemies":"Cultist and Chosen","floor":21,"turns":7},{"damage":39,"enemies":"Gremlin Leader","floor":24,"turns":9},{"damage":20,"enemies":"3 Cultists","floor":25,"turns":4},{"damage":7,"enemies":"Book of Stabbing","floor":30,"turns":8},{"damage":0,"enemies":"Centurion and Healer","floor":31,"turns":7},{"damage":41,"enemies":"Collector","floor":33,"turns":9},{"damage":4,"enemies":"3 Darklings","floor":35,"turns":4},{"damage":0,"enemies":"3 Shapes","floor":36,"turns":4},{"damage":4,"enemies":"Spire Growth","floor":37,"turns":8},{"damage":26,"enemies":"Jaw Worm Horde","floor":39,"turns":5},{"damage":29,"enemies":"Nemesis","floor":40,"turns":11},{"damage":2,"enemies":"Giant Head","floor":42,"turns":18},{"damage":36,"enemies":"Reptomancer","floor":44,"turns":10},{"damage":0,"enemies":"Maw","floor":45,"turns":10},{"damage":4,"enemies":"Spire Growth","floor":48,"turns":10},{"damage":17,"enemies":"Time Eater","floor":50,"turns":18},{"damage":47,"enemies":"Shield and Spear","floor":54,"turns":16},{"damage":67,"enemies":"The Heart","floor":55,"turns":8}],"seed_played":"-7796627049465937180","potions_obtained":[{"floor":7,"key":"EntropicBrew"},{"floor":8,"key":"Strength Potion"},{"floor":10,"key":"Energy Potion"},{"floor":13,"key":"LiquidBronze"},{"floor":13,"key":"LiquidBronze"},{"floor":31,"key":"FocusPotion"},{"floor":47,"key":"SpeedPotion"}],"is_trial":false,"path_per_floor":["M","$","M","M","?","R","M","E","T","M","R","E","?","E","R","B",null,"M","M","M","M","?","R","E","M","T","R","?","R","E","M","R","B",null,"M","M","M","$","M","E","R","E","T","E","M","R","?","M","R","B",null,"R","$","E","B"],"character_chosen":"DEFECT","items_purchased":["Apotheosis","Chemical X","Reinforced Body"],"campfire_rested":4,"item_purchase_floors":[2,38,38],"current_hp_per_floor":[75,75,74,74,79,79,79,75,75,74,74,49,49,58,58,55,94,81,77,74,60,54,54,27,19,19,47,47,47,52,52,80,51,94,90,90,86,86,60,43,71,69,69,45,57,85,85,81,81,64,94,94,94,59,0],"gold":33,"neow_bonus":"HUNDRED_GOLD","is_prod":false,"is_daily":false,"chose_seed":false,"campfire_upgraded":6,"win_rate":0,"timestamp":1543893189,"path_taken":["M","$","M","M","?","R","M","E","T","M","R","E","?","E","R","BOSS","M","?","M","M","?","R","E","M","T","R","?","R","E","M","R","BOSS","M","M","M","$","M","E","R","E","T","E","M","R","?","M","R","BOSS","R","$","E","BOSS"],"build_version":"2018-11-15","purchased_purges":0,"victory":false,"max_hp_per_floor":[75,75,75,75,80,80,80,80,80,80,80,80,80,94,94,94,94,94,94,94,94,94,94,94,94,94,94,94,94,94,94,94,94,94,94,94,94,94,94,94,94,94,94,94,94,94,94,94,94,94,94,94,94,94,94],"card_choices":[{"not_picked":["Barrage","Redo"],"picked":"FTL","floor":1},{"not_picked":["Streamline","Leap"],"picked":"Capacitor","floor":3},{"not_picked":["Beam Cell","Barrage"],"picked":"Conserve Battery","floor":4},{"not_picked":["Barrage","Steam","Heatsinks"],"picked":"SKIP","floor":7},{"not_picked":["Hologram","Rip and Tear"],"picked":"Sweeping Beam","floor":8},{"not_picked":["Beam Cell","Capacitor"],"picked":"Reinforced Body","floor":10},{"not_picked":["Go for the Eyes","Conserve Battery"],"picked":"Glacier","floor":12},{"not_picked":["Lockon","Turbo"],"picked":"Redo","floor":14},{"not_picked":["Rainbow","Seek"],"picked":"Echo Form","floor":16},{"not_picked":["Cold Snap","Gash"],"picked":"Leap+1","floor":18},{"not_picked":["Melter","Cold Snap","Steam+1"],"picked":"SKIP","floor":19},{"not_picked":["Conserve Battery+1","Doom and Gloom"],"picked":"Loop+1","floor":20},{"not_picked":["Recycle","Melter"],"picked":"Blizzard","floor":21},{"not_picked":["Compile Driver","Lockon"],"picked":"Leap+1","floor":24},{"not_picked":["Hologram+1","Sunder","Ball Lightning"],"picked":"SKIP","floor":25},{"not_picked":["Hologram","Sweeping Beam","Genetic Algorithm+1"],"picked":"SKIP","floor":30},{"not_picked":["Chaos+1","Gash+1"],"picked":"Echo Form","floor":31},{"not_picked":["Chaos","Fusion"],"picked":"Conserve Battery+1","floor":35},{"not_picked":["Heatsinks+1","Auto Shields+1"],"picked":"Leap+1","floor":36},{"not_picked":["Tempest+1","Coolheaded","Cold Snap"],"picked":"SKIP","floor":37},{"not_picked":["Ball Lightning+1","Doom and Gloom"],"picked":"Loop","floor":39},{"not_picked":["Steam","Barrage"],"picked":"Defragment+1","floor":40},{"not_picked":["Lockon+1","Rebound","Sweeping Beam"],"picked":"SKIP","floor":42},{"not_picked":["Static Discharge+1","Redo+1","Reprogram+1"],"picked":"Force Field+1","floor":44},{"not_picked":["Cold Snap","Barrage+1","Coolheaded","Conserve Battery+1"],"picked":"SKIP","floor":45},{"not_picked":["Stack+1","Creative AI","Darkness","Ball Lightning+1"],"picked":"SKIP","floor":48},{"not_picked":["Streamline","Barrage+1","FTL","Gash"],"picked":"SKIP","floor":54}],"player_experience":139194,"relics_obtained":[{"floor":8,"key":"Meat on the Bone"},{"floor":9,"key":"Mercury Hourglass"},{"floor":12,"key":"Omamori"},{"floor":14,"key":"Mango"},{"floor":24,"key":"Centennial Puzzle"},{"floor":30,"key":"Dead Branch"},{"floor":40,"key":"Kunai"},{"floor":42,"key":"Question Card"},{"floor":43,"key":"MawBank"},{"floor":44,"key":"Sundial"},{"floor":54,"key":"Mummified Hand"}],"event_choices":[{"damage_healed":0,"gold_gain":0,"player_choice":"Donut","damage_taken":0,"max_hp_gain":5,"max_hp_loss":0,"event_name":"Big Fish","floor":5,"gold_loss":0},{"damage_healed":0,"gold_gain":0,"player_choice":"Got Potions","damage_taken":0,"max_hp_gain":0,"max_hp_loss":0,"event_name":"Lab","floor":13,"gold_loss":0},{"damage_healed":0,"gold_gain":0,"player_choice":"Joined the Cult","damage_taken":6,"max_hp_gain":0,"max_hp_loss":0,"event_name":"Nest","floor":22,"gold_loss":0,"cards_obtained":["RitualDagger"]},{"damage_healed":0,"gold_gain":0,"player_choice":"Ignored","damage_taken":0,"max_hp_gain":0,"max_hp_loss":0,"event_name":"Ghosts","floor":28,"gold_loss":0},{"damage_healed":0,"gold_gain":0,"player_choice":"Bought 1 Potion","damage_taken":0,"max_hp_gain":0,"max_hp_loss":0,"event_name":"The Woman in Blue","floor":47,"gold_loss":0}],"is_beta":false,"boss_relics":[{"not_picked":["Fusion Hammer","Eternal Feather"],"picked":"Ectoplasm"},{"not_picked":["Inserter","Snecko Eye"],"picked":"FrozenCore"}],"items_purged_floors":[],"is_endless":false,"potions_floor_spawned":[7,8,10,14,20,25,31,33,35,40,42,45,48],"killed_by":"The Heart","ascension_level":2}