{"gold_per_floor":[116,116,116,130,230,230,255,255,282,282,298,362,378,1,1,102,102,87,99,14,14,27,27,56,70,70,70,90,90,0,29,29,131,131,150,250,250,250,265,265,44,71,71,71,88,88,88,106,106,106],"floor_reached":51,"playtime":4785,"items_purged":[],"score":836,"play_id":"9dbb3b22-b1b4-43c9-af5a-0d51ed295c2e","local_time":"20181130170259","is_ascension_mode":true,"campfire_choices":[{"data":"Zap","floor":6,"key":"SMITH"},{"data":"Hello World","floor":8,"key":"SMITH"},{"data":"Reprogram","floor":10,"key":"SMITH"},{"data":"Buffer","floor":15,"key":"SMITH"},{"data":"Buffer","floor":23,"key":"SMITH"},{"data":"Self Repair","floor":27,"key":"SMITH"},{"data":"Defragment","floor":29,"key":"SMITH"},{"data":"Ball Lightning","floor":32,"key":"SMITH"},{"data":"Compile Driver","floor":40,"key":"SMITH"},{"data":"Capacitor","floor":44,"key":"SMITH"},{"data":"Leap","floor":47,"key":"SMITH"},{"data":"Amplify","floor":49,"key":"SMITH"}],"neow_cost":"NONE","seed_source_timestamp":23447615289410,"circlet_count":0,"master_deck":["Strike_B+1","Strike_B+1","Strike_B+1","Defend_B+1","Defend_B+1","Defend_B+1","Defend_B+1","Zap+1","Reprogram+1","Compile Driver+1","Hello World+1","Chill","Ball Lightning+1","Buffer+1","Defragment+1","Buffer+1","Coolheaded+1","Self Repair+1","Compile Driver+1","Amplify+1","Madness","Madness","Capacitor+1","Finesse","Leap+1","Aggregate+1","Sadistic Nature","Parasite"],"relics":["Cracked Core","NeowsBlessing","Strawberry","Dream Catcher","Tiny Chest","FossilizedHelix","Black Star","Juzu Bracelet","Unceasing Top","Torii","Gambling Chip","Happy Flower","Vajra","Busted Crown","Anchor","PreservedInsect","Bottled Lightning"],"potions_floor_usage":[24,24,28,31,50],"damage_taken":[{"damage":0,"enemies":"Jaw Worm","floor":1,"turns":1},{"damage":0,"enemies":"Small Slimes","floor":4,"turns":1},{"damage":0,"enemies":"Lagavulin","floor":7,"turns":1},{"damage":1,"enemies":"2 Louse","floor":11,"turns":3},{"damage":9,"enemies":"3 Sentries","floor":12,"turns":6},{"damage":12,"enemies":"Gremlin Gang","floor":13,"turns":4},{"damage":0,"enemies":"Slime Boss","floor":16,"turns":11},{"damage":10,"enemies":"2 Thieves","floor":18,"turns":4},{"damage":0,"enemies":"Chosen","floor":19,"turns":6},{"damage":0,"enemies":"Snecko","floor":22,"turns":6},{"damage":21,"enemies":"Slavers","floor":24,"turns":7},{"damage":0,"enemies":"Centurion and Healer","floor":25,"turns":7},{"damage":12,"enemies":"Cultist and Chosen","floor":28,"turns":10},{"damage":6,"enemies":"Gremlin Leader","floor":31,"turns":8},{"damage":0,"enemies":"Champ","floor":33,"turns":13},{"damage":0,"enemies":"3 Darklings","floor":35,"turns":6},{"damage":0,"enemies":"3 Shapes","floor":39,"turns":5},{"damage":43,"enemies":"Giant Head","floor":42,"turns":10},{"damage":0,"enemies":"Transient","floor":45,"turns":5},{"damage":0,"enemies":"Writhing Mass","floor":48,"turns":6},{"damage":65,"enemies":"Donu and Deca","floor":50,"turns":14}],"seed_played":"6078727344030283809","potions_obtained":[{"floor":1,"key":"Strength Potion"},{"floor":4,"key":"Energy Potion"},{"floor":7,"key":"SteroidPotion"},{"floor":19,"key":"Weak Potion"},{"floor":22,"key":"AttackPotion"},{"floor":25,"key":"SteroidPotion"},{"floor":35,"key":"GamblersBrew"}],"is_trial":false,"path_per_floor":["M","?","?","M","?","R","E","R","T","R","M","E","M","$","R","B",null,"M","M","?","?","M","R","E","M","T","R","M","R","?","E","R","B",null,"M","?","?","?","M","R","$","E","T","R","M","?","R","M","R","B",null],"character_chosen":"DEFECT","items_purchased":["Defragment","FossilizedHelix","Capacitor","Finesse","Leap"],"campfire_rested":0,"item_purchase_floors":[14,14,41,41,41],"current_hp_per_floor":[75,75,80,80,80,80,87,87,87,87,86,77,65,65,65,65,87,77,77,77,77,77,77,56,63,63,63,61,61,61,65,65,65,87,87,87,76,76,86,86,86,53,53,53,63,63,63,73,73,18],"gold":106,"neow_bonus":"THREE_ENEMY_KILL","is_prod":false,"is_daily":false,"chose_seed":false,"campfire_upgraded":12,"win_rate":0,"timestamp":1543564979,"path_taken":["M","?","?","M","?","R","E","R","T","R","M","E","M","$","R","BOSS","M","?","?","?","M","R","E","M","T","R","M","R","?","E","R","BOSS","M","?","?","?","M","R","$","E","T","R","M","?","R","M","R","BOSS"],"build_version":"2018-11-15","purchased_purges":0,"victory":true,"max_hp_per_floor":[75,75,80,80,80,80,87,87,87,87,87,87,87,87,87,87,87,87,87,87,87,87,87,87,87,87,87,87,87,87,87,87,87,87,87,87,87,87,87,87,87,87,87,87,87,87,87,87,87,87],"card_choices":[{"not_picked":["Lockon","Compile Driver"],"picked":"Reprogram","floor":1},{"not_picked":["Melter","Beam Cell"],"picked":"Compile Driver","floor":4},{"not_picked":["Go for the Eyes","Compile Driver"],"picked":"Hello World","floor":7},{"not_picked":["Rebound","Lockon"],"picked":"Chill","floor":11},{"not_picked":["Melter","Hologram"],"picked":"Ball Lightning","floor":12},{"not_picked":["Capacitor","Sweeping Beam"],"picked":"Buffer","floor":13},{"not_picked":["Rainbow","Echo Form"],"picked":"Buffer","floor":16},{"not_picked":["Barrage","Streamline+1","Gash"],"picked":"SKIP","floor":18},{"not_picked":["Glacier","Coolheaded","Streamline+1"],"picked":"SKIP","floor":19},{"not_picked":["Barrage","Stack"],"picked":"Coolheaded+1","floor":22},{"not_picked":["Sunder","Fusion"],"picked":"Self Repair","floor":24},{"not_picked":["Recycle","Chaos","Coolheaded"],"picked":"SKIP","floor":25},{"not_picked":["Compile Driver","Hologram","Rip and Tear+1"],"picked":"SKIP","floor":28},{"not_picked":["Cold Snap","Darkness"],"picked":"Compile Driver+1","floor":31},{"not_picked":["Thunder Strike","Fission"],"picked":"Amplify","floor":33},{"not_picked":["Conserve Battery+1"],"picked":"SKIP","floor":35},{"not_picked":["Doom and Gloom"],"picked":"SKIP","floor":39},{"not_picked":[],"picked":"Aggregate+1","floor":42},{"not_picked":["Barrage"],"picked":"SKIP","floor":45},{"not_picked":[],"picked":"Sadistic Nature","floor":46},{"not_picked":["Steam Power+1"],"picked":"SKIP","floor":48}],"player_experience":117865,"relics_obtained":[{"floor":7,"key":"Strawberry"},{"floor":9,"key":"Dream Catcher"},{"floor":12,"key":"Tiny Chest"},{"floor":24,"key":"Unceasing Top"},{"floor":24,"key":"Torii"},{"floor":26,"key":"Gambling Chip"},{"floor":31,"key":"Happy Flower"},{"floor":31,"key":"Vajra"},{"floor":42,"key":"Anchor"},{"floor":42,"key":"PreservedInsect"},{"floor":43,"key":"Bottled Lightning"}],"event_choices":[{"cards_removed":["Strike_B"],"damage_healed":0,"gold_gain":0,"player_choice":"Forget","damage_taken":0,"max_hp_gain":0,"max_hp_loss":0,"event_name":"Living Wall","floor":2,"gold_loss":0},{"damage_healed":0,"gold_gain":0,"player_choice":"Donut","damage_taken":0,"max_hp_gain":5,"max_hp_loss":0,"event_name":"Big Fish","floor":3,"gold_loss":0},{"damage_healed":0,"gold_gain":100,"player_choice":"Pray","damage_taken":0,"max_hp_gain":0,"max_hp_loss":0,"event_name":"Golden Shrine","floor":5,"gold_loss":0},{"damage_healed":0,"gold_gain":0,"player_choice":"Obtained Relic","damage_taken":0,"relics_obtained":["Juzu Bracelet"],"max_hp_gain":0,"max_hp_loss":0,"event_name":"Addict","floor":20,"gold_loss":85},{"damage_healed":0,"gold_gain":0,"player_choice":"Simplicity","damage_taken":0,"max_hp_gain":0,"max_hp_loss":0,"event_name":"Back to Basics","floor":21,"gold_loss":0,"cards_upgraded":["Strike_B","Strike_B","Strike_B","Defend_B","Defend_B","Defend_B","Defend_B"]},{"damage_healed":0,"gold_gain":0,"player_choice":"Paid Fearfully","damage_taken":0,"max_hp_gain":0,"max_hp_loss":0,"event_name":"Masked Bandits","floor":30,"gold_loss":90},{"damage_healed":0,"gold_gain":100,"player_choice":"Pray","damage_taken":0,"max_hp_gain":0,"max_hp_loss":0,"event_name":"Golden Shrine","floor":36,"gold_loss":0},{"damage_healed":0,"gold_gain":0,"player_choice":"Embrace Madness","damage_taken":11,"max_hp_gain":0,"max_hp_loss":0,"event_name":"Winding Halls","floor":37,"gold_loss":0,"cards_obtained":["Madness","Madness"]},{"cards_removed":["Dualcast"],"damage_healed":0,"gold_gain":0,"player_choice":"Removed Skill","damage_taken":0,"max_hp_gain":0,"max_hp_loss":0,"event_name":"Falling","floor":38,"gold_loss":0},{"damage_healed":0,"gold_gain":0,"player_choice":"Memory 1","damage_taken":0,"max_hp_gain":0,"max_hp_loss":0,"event_name":"SensoryStone","floor":46,"gold_loss":0}],"is_beta":false,"boss_relics":[{"not_picked":["Orrery","Cursed Key"],"picked":"Black Star"},{"not_picked":["Pandora\u0027s Box","Fusion Hammer"],"picked":"Busted Crown"}],"items_purged_floors":[],"is_endless":false,"potions_floor_spawned":[1,4,7,19,22,25,35],"ascension_level":1}