{"gold_per_floor":[15,15,28,28,47,47,76,1,1,33,33,61,61,61,61,162,162,177,177,177,192,208,208,242,242,269,269,288,321,321,332,332,436,436,447,460,460,460],"floor_reached":38,"playtime":3606,"items_purged":["Strike_R"],"score":452,"play_id":"94d7feb2-3c8d-420b-b325-142453f5ba2a","local_time":"20181127170614","is_ascension_mode":true,"campfire_choices":[{"data":"Pommel Strike","floor":6,"key":"SMITH"},{"data":"Shrug It Off","floor":11,"key":"SMITH"},{"data":"True Grit","floor":13,"key":"SMITH"},{"data":"Defend_R","floor":15,"key":"SMITH"},{"data":"Demon Form","floor":23,"key":"SMITH"},{"data":"Fire Breathing","floor":25,"key":"SMITH"},{"floor":27,"key":"REST"},{"floor":32,"key":"REST"}],"neow_cost":"NO_GOLD","seed_source_timestamp":19742172962571,"circlet_count":0,"master_deck":["Strike_R+1","Strike_R+1","Strike_R+1","Defend_R+1","Defend_R+1","Defend_R+1","Defend_R+1","Bash+1","Pommel Strike+1","Shrug It Off+1","Cleave","Reckless Charge","True Grit+1","Demon Form+1","Pommel Strike+1","Reckless Charge+1","Fire Breathing+1","Bloodletting","Decay","Rage+1","Immolate+1","Inflame+1","Rupture+1"],"relics":["Black Blood","Charon\u0027s Ashes","Darkstone Periapt","Vajra","Ancient Tea Set","Molten Egg 2","Mark of Pain","Question Card","Letter Opener"],"potions_floor_usage":[24,24,29,31],"damage_taken":[{"damage":0,"enemies":"2 Louse","floor":1,"turns":2},{"damage":1,"enemies":"Cultist","floor":3,"turns":3},{"damage":0,"enemies":"Jaw Worm","floor":5,"turns":3},{"damage":26,"enemies":"Lagavulin","floor":7,"turns":5},{"damage":14,"enemies":"Gremlin Nob","floor":10,"turns":3},{"damage":13,"enemies":"3 Sentries","floor":12,"turns":4},{"damage":28,"enemies":"Hexaghost","floor":16,"turns":9},{"damage":0,"enemies":"3 Byrds","floor":18,"turns":5},{"damage":10,"enemies":"2 Thieves","floor":21,"turns":4},{"damage":15,"enemies":"Snake Plant","floor":22,"turns":4},{"damage":43,"enemies":"Gremlin Leader","floor":24,"turns":5},{"damage":0,"enemies":"Snecko","floor":28,"turns":4},{"damage":58,"enemies":"Slavers","floor":29,"turns":18},{"damage":8,"enemies":"Centurion and Healer","floor":31,"turns":4},{"damage":41,"enemies":"Champ","floor":33,"turns":8},{"damage":2,"enemies":"3 Shapes","floor":35,"turns":3},{"damage":35,"enemies":"3 Darklings","floor":36,"turns":5},{"damage":63,"enemies":"Maw","floor":38,"turns":8}],"seed_played":"6326687510785333023","potions_obtained":[{"floor":1,"key":"Block Potion"},{"floor":18,"key":"Block Potion"},{"floor":22,"key":"Swift Potion"},{"floor":29,"key":"BloodPotion"},{"floor":33,"key":"LiquidBronze"}],"is_trial":false,"path_per_floor":["M","?","M","?","M","R","E","$","T","E","R","E","R","?","R","B",null,"M","?","?","M","M","R","E","R","T","R","M","E","?","M","R","B",null,"M","M","?","M"],"character_chosen":"IRONCLAD","items_purchased":[],"campfire_rested":2,"item_purchase_floors":[],"current_hp_per_floor":[80,64,69,69,75,75,55,55,55,47,47,40,40,40,40,18,80,80,80,80,76,67,67,30,30,30,54,60,8,14,20,45,10,86,86,61,61,0],"gold":460,"neow_bonus":"ONE_RARE_RELIC","is_prod":false,"is_daily":false,"chose_seed":false,"campfire_upgraded":6,"win_rate":0,"timestamp":1543305974,"path_taken":["M","?","M","?","?","R","E","$","T","E","R","E","R","?","R","BOSS","M","?","?","M","M","R","E","R","T","R","M","E","?","M","R","BOSS","M","M","?","M"],"build_version":"2018-11-15","purchased_purges":1,"victory":false,"max_hp_per_floor":[80,80,80,80,80,80,80,80,80,80,80,80,80,80,80,80,80,80,80,80,80,80,80,80,80,80,80,80,80,86,86,86,86,86,86,86,86,86],"card_choices":[{"not_picked":["Intimidate","Metallicize"],"picked":"Pommel Strike","floor":1},{"not_picked":["Carnage","Combust"],"picked":"Shrug It Off","floor":3},{"not_picked":["Body Slam","Flex"],"picked":"Cleave","floor":5},{"not_picked":["Burning Pact","Anger","Searing Blow"],"picked":"SKIP","floor":7},{"not_picked":["Bludgeon","Sword Boomerang"],"picked":"Reckless Charge","floor":10},{"not_picked":["Twin Strike","Pommel Strike"],"picked":"True Grit","floor":12},{"not_picked":["Juggernaut","Bludgeon+1"],"picked":"Demon Form","floor":16},{"not_picked":["Flex","Searing Blow+1"],"picked":"Pommel Strike+1","floor":18},{"not_picked":["Shrug It Off","Warcry"],"picked":"Pommel Strike+1","floor":21},{"not_picked":["Burning Pact","True Grit"],"picked":"Reckless Charge+1","floor":22},{"not_picked":["Carnage+1","Corruption"],"picked":"Fire Breathing","floor":24},{"not_picked":["Clothesline+1","Corruption+1","Sword Boomerang+1"],"picked":"Bloodletting","floor":28},{"not_picked":["Iron Wave+1","Bludgeon+1","Double Tap","Spot Weakness"],"picked":"SKIP","floor":29},{"not_picked":["Pummel+1","Second Wind","Warcry"],"picked":"Rage+1","floor":31},{"not_picked":["Brutality","Barricade","Feed+1"],"picked":"Immolate+1","floor":33},{"not_picked":["Flex","Rampage+1","Anger+1"],"picked":"Inflame+1","floor":35},{"not_picked":["Iron Wave+1","Twin Strike+1","Anger+1"],"picked":"Rupture+1","floor":36}],"player_experience":97590,"relics_obtained":[{"floor":7,"key":"Darkstone Periapt"},{"floor":9,"key":"Vajra"},{"floor":10,"key":"Ancient Tea Set"},{"floor":12,"key":"Molten Egg 2"},{"floor":24,"key":"Question Card"},{"floor":29,"key":"Letter Opener"}],"event_choices":[{"damage_healed":0,"gold_gain":0,"player_choice":"Entered Light","damage_taken":16,"max_hp_gain":0,"max_hp_loss":0,"event_name":"Shining Light","floor":2,"gold_loss":0,"cards_upgraded":["Strike_R","Strike_R"]},{"damage_healed":0,"gold_gain":0,"player_choice":"Upgraded","damage_taken":0,"max_hp_gain":0,"max_hp_loss":0,"event_name":"Upgrade Shrine","floor":4,"gold_loss":0,"cards_upgraded":["Bash"]},{"cards_removed":["Strike_R"],"damage_healed":0,"gold_gain":0,"player_choice":"Forget","damage_taken":0,"max_hp_gain":0,"max_hp_loss":0,"event_name":"Living Wall","floor":14,"gold_loss":0},{"damage_healed":0,"gold_gain":0,"player_choice":"Simplicity","damage_taken":0,"max_hp_gain":0,"max_hp_loss":0,"event_name":"Back to Basics","floor":19,"gold_loss":0,"cards_upgraded":["Strike_R","Defend_R","Defend_R","Defend_R"]},{"damage_healed":0,"gold_gain":0,"player_choice":"Ignored","damage_taken":0,"max_hp_gain":0,"max_hp_loss":0,"event_name":"Vampires","floor":20,"gold_loss":0},{"damage_healed":0,"gold_gain":0,"player_choice":"Smashed Altar","damage_taken":0,"max_hp_gain":0,"max_hp_loss":0,"event_name":"Forgotten Altar","floor":30,"gold_loss":0,"cards_obtained":["Decay"]},{"cards_removed":["Pommel Strike"],"damage_healed":0,"gold_gain":0,"player_choice":"Removed Attack","damage_taken":0,"max_hp_gain":0,"max_hp_loss":0,"event_name":"Falling","floor":37,"gold_loss":0}],"is_beta":false,"boss_relics":[{"not_picked":["Orrery","Black Star"],"picked":"Mark of Pain"},{"not_picked":["Pandora\u0027s Box","Lizard Tail"],"picked":"Black Blood"}],"items_purged_floors":[8],"is_endless":false,"potions_floor_spawned":[1,18,22,29,33],"killed_by":"Maw","ascension_level":1}