{"gold_per_floor":[119,130,186,201,126,156,168,199,234,264,276,315,339,351,363,375],"floor_reached":16,"playtime":683,"items_purged":["Strike_R"],"score":133,"play_id":"0bb5be89-d8bd-484c-a8f8-a0b8df11bc66","local_time":"20190324005354","is_ascension_mode":true,"campfire_choices":[{"floor":7,"key":"REST"},{"data":"Shrug It Off","floor":11,"key":"SMITH"},{"floor":15,"key":"REST"}],"neow_cost":"NONE","seed_source_timestamp":346404576528870,"circlet_count":0,"master_deck":["Strike_R","Strike_R","Strike_R","Strike_R+1","Defend_R","Defend_R+1","Defend_R","Defend_R","Bash+1","Shrug It Off+1","Shrug It Off","Headbutt","Armaments","Shrug It Off"],"special_seed":0,"relics":["Burning Blood","MawBank","Boot","Odd Mushroom"],"potions_floor_usage":[],"damage_taken":[{"damage":3.0,"enemies":"Small Slimes","floor":1.0,"turns":4.0},{"damage":4.0,"enemies":"Jaw Worm","floor":2.0,"turns":4.0},{"damage":6.0,"enemies":"2 Louse","floor":4.0,"turns":4.0},{"damage":28,"enemies":"Gremlin Nob","floor":6,"turns":4},{"damage":3,"enemies":"Blue Slaver","floor":8,"turns":5},{"damage":4,"enemies":"Gremlin Gang","floor":10,"turns":7},{"damage":13,"enemies":"The Mushroom Lair","floor":12,"turns":7},{"damage":12,"enemies":"Lots of Slimes","floor":13,"turns":8},{"damage":78,"enemies":"Hexaghost","floor":16,"turns":12}],"seed_played":"-196769138527636073","potions_obtained":[{"floor":2.0,"key":"Swift Potion"},{"floor":4.0,"key":"FearPotion"},{"floor":6,"key":"GamblersBrew"},{"floor":12,"key":"EssenceOfSteel"}],"is_trial":false,"path_per_floor":["M","M","?","M","$","E","R","M","T","M","R","?","M","?","R","B"],"character_chosen":"IRONCLAD","items_purchased":[],"campfire_rested":2,"item_purchase_floors":[],"current_hp_per_floor":[75,77,77,77,77,55,79,80,80,80,80,73,67,51,75,0],"gold":375,"neow_bonus":"UPGRADE_CARD","is_prod":false,"is_daily":false,"chose_seed":false,"campfire_upgraded":1,"win_rate":0,"timestamp":1553385234,"path_taken":["M","M","?","M","?","E","R","M","T","M","R","?","M","?","R","BOSS"],"build_version":"2019-01-23","purchased_purges":1,"victory":false,"max_hp_per_floor":[80,80,80,80,80,80,80,80,80,80,80,80,80,80,80,80],"card_choices":[{"not_picked":["Sword Boomerang","Heavy Blade"],"picked":"Shrug It Off","floor":1.0},{"not_picked":["Ghostly Armor","Evolve"],"picked":"Shrug It Off","floor":2.0},{"not_picked":["Armaments","Perfected Strike"],"picked":"Headbutt","floor":4.0},{"not_picked":["Dual Wield","Hemokinesis","Rage"],"picked":"SKIP","floor":6},{"not_picked":["Iron Wave","Warcry"],"picked":"Armaments","floor":8},{"not_picked":["Ghostly Armor","Heavy Blade"],"picked":"Shrug It Off","floor":10},{"not_picked":["True Grit","Power Through","Pommel Strike"],"picked":"SKIP","floor":13}],"player_experience":388732,"relics_obtained":[{"floor":6,"key":"MawBank"},{"floor":9,"key":"Boot"},{"floor":12,"key":"Odd Mushroom"}],"event_choices":[{"damage_healed":0.0,"max_hp_gain":0.0,"max_hp_loss":0.0,"gold_gain":56.0,"event_name":"Golden Wing","player_choice":"Gained Gold","floor":3.0,"gold_loss":0.0,"damage_taken":0.0},{"damage_healed":0,"gold_gain":0,"player_choice":"Fought Mushrooms","damage_taken":0,"max_hp_gain":0,"max_hp_loss":0,"event_name":"Mushrooms","floor":12,"gold_loss":0},{"damage_healed":0,"gold_gain":0,"player_choice":"Entered Light","damage_taken":16,"max_hp_gain":0,"max_hp_loss":0,"event_name":"Shining Light","floor":14,"gold_loss":0,"cards_upgraded":["Defend_R","Strike_R"]}],"is_beta":false,"boss_relics":[],"items_purged_floors":[5],"is_endless":false,"potions_floor_spawned":[2,4,6,10,12],"killed_by":"Hexaghost","ascension_level":6}