{"gold_per_floor":[109,284,284,17,37,71,71,105,105,123,49,65,11,22,22,117,117,134,118,118,118,130,130,161,161,232,243,269,269,269,280,280,382,382,392,406,77,93,113,138,138,173,173,186,203,203,220,220,220,220],"floor_reached":51,"playtime":2727,"items_purged":["Doubt"],"score":1002,"play_id":"05c8c9b2-723e-48bf-a9b6-14ed4b884e9b","local_time":"20190228020437","is_ascension_mode":true,"campfire_choices":[{"data":"Noxious Fumes","floor":7.0,"key":"SMITH"},{"data":"1","floor":15.0,"key":"LIFT"},{"data":"2","floor":23.0,"key":"LIFT"},{"data":"3","floor":25.0,"key":"LIFT"},{"data":"A Thousand Cuts","floor":30.0,"key":"SMITH"},{"data":"Bite","floor":32.0,"key":"SMITH"},{"floor":41.0,"key":"REST"},{"floor":46.0,"key":"REST"},{"data":"Neutralize","floor":49,"key":"SMITH"}],"neow_cost":"NONE","seed_source_timestamp":46711105538649,"circlet_count":0,"master_deck":["Defend_G","Defend_G","Defend_G","Defend_G","Defend_G","Survivor","Neutralize+1","Slice","A Thousand Cuts+1","Slice","Noxious Fumes+1","Blur+1","Blade Dance+1","Terror+1","Cloak And Dagger+1","Venomology+1","Escape Plan+1","Blade Dance+1","Blade Dance+1","Backflip+1","Cloak And Dagger+1","Blade Dance+1","Bite+1","Bite","Bite","Bite","Bite","Blade Dance+1","Phantasmal Killer+1","Blur+1","Blade Dance+1","Backflip+1","Terror+1","PanicButton+1","Blade Dance+1","Cloak And Dagger+1","Parasite","Infinite Blades+1","Well Laid Plans+1"],"special_seed":0,"relics":["Ring of the Snake","NeowsBlessing","Anchor","Toxic Egg 2","Potion Belt","Shuriken","Girya","White Beast Statue","Blue Candle","Darkstone Periapt","Orrery","Orichalcum","Bottled Flame","Prayer Wheel","Frozen Egg 2"],"potions_floor_usage":[47,50],"damage_taken":[{"damage":0.0,"enemies":"Cultist","floor":1.0,"turns":1.0},{"damage":0.0,"enemies":"2 Louse","floor":5.0,"turns":1.0},{"damage":0.0,"enemies":"3 Sentries","floor":6.0,"turns":1.0},{"damage":17.0,"enemies":"Gremlin Nob","floor":8.0,"turns":4.0},{"damage":2.0,"enemies":"Small Slimes","floor":10.0,"turns":3.0},{"damage":0.0,"enemies":"Red Slaver","floor":12.0,"turns":3.0},{"damage":0.0,"enemies":"Gremlin Gang","floor":14.0,"turns":4.0},{"damage":9.0,"enemies":"Slime Boss","floor":16.0,"turns":6.0},{"damage":12.0,"enemies":"Spheric Guardian","floor":18.0,"turns":4.0},{"damage":1.0,"enemies":"2 Thieves","floor":19.0,"turns":4.0},{"damage":8.0,"enemies":"Snake Plant","floor":22.0,"turns":5.0},{"damage":0.0,"enemies":"Slavers","floor":24.0,"turns":5.0},{"damage":2.0,"enemies":"Centurion and Healer","floor":27.0,"turns":3.0},{"damage":0.0,"enemies":"Gremlin Leader","floor":28.0,"turns":4.0},{"damage":0.0,"enemies":"Cultist and Chosen","floor":31.0,"turns":5.0},{"damage":31.0,"enemies":"Automaton","floor":33.0,"turns":5.0},{"damage":0.0,"enemies":"Orb Walker","floor":35.0,"turns":2.0},{"damage":20.0,"enemies":"3 Shapes","floor":36.0,"turns":4.0},{"damage":0.0,"enemies":"Jaw Worm Horde","floor":38.0,"turns":5.0},{"damage":0.0,"enemies":"4 Shapes","floor":39.0,"turns":3.0},{"damage":49.0,"enemies":"Nemesis","floor":40.0,"turns":5.0},{"damage":37.0,"enemies":"Reptomancer","floor":42.0,"turns":5.0},{"damage":4.0,"enemies":"3 Darklings","floor":44.0,"turns":4.0},{"damage":0.0,"enemies":"Writhing Mass","floor":45.0,"turns":6.0},{"damage":4,"enemies":"Spire Growth","floor":47,"turns":6},{"damage":51,"enemies":"Awakened One","floor":50,"turns":8}],"seed_played":"3802761885064017238","potions_obtained":[{"floor":1.0,"key":"Weak Potion"},{"floor":6.0,"key":"Poison Potion"},{"floor":12.0,"key":"GhostInAJar"},{"floor":14.0,"key":"Poison Potion"},{"floor":16.0,"key":"Regen Potion"},{"floor":18.0,"key":"Block Potion"},{"floor":19.0,"key":"Fire Potion"},{"floor":22.0,"key":"LiquidBronze"},{"floor":24.0,"key":"Poison Potion"},{"floor":27.0,"key":"GamblersBrew"},{"floor":28.0,"key":"Ancient Potion"},{"floor":35.0,"key":"Dexterity Potion"},{"floor":36.0,"key":"Energy Potion"},{"floor":38.0,"key":"FairyPotion"},{"floor":40.0,"key":"Poison Potion"},{"floor":42.0,"key":"Regen Potion"},{"floor":44.0,"key":"Block Potion"},{"floor":45.0,"key":"SpeedPotion"},{"floor":47,"key":"Weak Potion"}],"is_trial":false,"path_per_floor":["M","?","?","$","M","E","R","E","T","M","?","M","$","M","R","B",null,"M","M","?","?","M","R","E","R","T","M","E","?","R","M","R","B",null,"M","M","$","M","M","E","R","E","T","M","M","R","M","?","R","B",null],"character_chosen":"THE_SILENT","items_purchased":["Anchor","Slice","Cloak And Dagger+1","Terror+1","Orichalcum","PanicButton+1"],"campfire_rested":2,"item_purchase_floors":[4,4,13,37,37,37],"current_hp_per_floor":[70,70,70,70,70,70,70,53,53,51,51,51,51,51,51,42,70,58,57,44,44,50,50,50,50,50,48,48,48,48,54,54,41,75,75,62,62,71,75,33,55,27,27,33,45,69,76,76,76,39],"gold":220,"neow_bonus":"THREE_ENEMY_KILL","is_prod":false,"is_daily":false,"chose_seed":false,"campfire_upgraded":4,"win_rate":0,"timestamp":1551290677,"path_taken":["M","?","?","$","M","E","R","E","T","?","?","?","?","?","R","BOSS","M","?","?","?","?","R","E","R","T","M","E","?","R","M","R","BOSS","M","M","$","M","M","E","R","E","T","M","M","R","M","?","R","BOSS"],"build_version":"2019-01-23","purchased_purges":1,"victory":true,"max_hp_per_floor":[70,70,70,70,70,70,70,70,70,70,70,70,70,70,70,70,70,70,70,75,75,75,75,75,75,75,75,75,75,75,75,75,75,75,75,75,75,75,75,75,75,75,75,75,81,81,81,81,81,81],"card_choices":[{"not_picked":["Predator","Cloak And Dagger"],"picked":"Slice","floor":1.0},{"not_picked":["Backflip","Dagger Spray"],"picked":"Noxious Fumes","floor":5.0},{"not_picked":["Accuracy","Concentrate"],"picked":"Blur","floor":6.0},{"not_picked":["Skewer","Tactician+1"],"picked":"Blade Dance+1","floor":8.0},{"not_picked":["Prepared+1","Dagger Spray"],"picked":"Terror+1","floor":10.0},{"not_picked":["Prepared+1","Bane","Dagger Throw"],"picked":"SKIP","floor":12.0},{"not_picked":["Die Die Die","Quick Slash"],"picked":"Dodge and Roll+1","floor":14.0},{"not_picked":["Tools of the Trade","Grand Finale"],"picked":"Venomology+1","floor":16.0},{"not_picked":["Sucker Punch","Deflect+1"],"picked":"Escape Plan+1","floor":18.0},{"not_picked":["Flechettes","Predator"],"picked":"Blade Dance+1","floor":19.0},{"not_picked":["Poisoned Stab","Deflect+1","PiercingWail+1"],"picked":"SKIP","floor":22.0},{"not_picked":["Deflect+1","Underhanded Strike+1"],"picked":"Backflip+1","floor":24.0},{"not_picked":["Doppelganger+1","Acrobatics+1"],"picked":"Cloak And Dagger+1","floor":27.0},{"not_picked":["Cloak And Dagger+1","Calculated Gamble+1"],"picked":"Blade Dance+1","floor":28.0},{"not_picked":["Outmaneuver+1","Setup+1"],"picked":"Blade Dance+1","floor":31.0},{"not_picked":["Storm of Steel+1","Die Die Die"],"picked":"Phantasmal Killer+1","floor":33.0},{"not_picked":["Distraction+1","Outmaneuver+1"],"picked":"Blur+1","floor":34.0},{"not_picked":["Skewer","Acrobatics+1"],"picked":"Blade Dance+1","floor":35.0},{"not_picked":["Leg Sweep+1","Sucker Punch"],"picked":"Backflip+1","floor":36.0},{"not_picked":["Outmaneuver+1","Well Laid Plans","Flechettes+1"],"picked":"SKIP","floor":38.0},{"not_picked":["Well Laid Plans","Slice","Outmaneuver+1"],"picked":"SKIP","floor":39.0},{"not_picked":["Calculated Gamble+1","Malaise+1","Flechettes"],"picked":"SKIP","floor":40.0},{"not_picked":["Underhanded Strike+1","Dodge and Roll+1"],"picked":"Blade Dance+1","floor":42.0},{"not_picked":["Expertise+1","Eviscerate"],"picked":"Cloak And Dagger+1","floor":44.0},{"not_picked":["Sucker Punch","Riddle With Holes+1","Bane"],"picked":"SKIP","floor":44.0},{"not_picked":["Prepared+1","Underhanded Strike+1","Flechettes"],"picked":"SKIP","floor":45.0},{"not_picked":["Concentrate+1","Sucker Punch+1","Dagger Spray"],"picked":"SKIP","floor":45.0},{"not_picked":["Flechettes+1","Die Die Die"],"picked":"Infinite Blades+1","floor":47},{"not_picked":["PiercingWail+1","Prepared+1"],"picked":"Well Laid Plans+1","floor":47}],"player_experience":210083,"relics_obtained":[{"floor":6.0,"key":"Toxic Egg 2"},{"floor":8.0,"key":"Potion Belt"},{"floor":9.0,"key":"Shuriken"},{"floor":24.0,"key":"Blue Candle"},{"floor":26.0,"key":"Darkstone Periapt"},{"floor":28.0,"key":"Blood Vial"},{"floor":40.0,"key":"Bottled Flame"},{"floor":42.0,"key":"Prayer Wheel"},{"floor":43.0,"key":"Frozen Egg 2"}],"event_choices":[{"damage_healed":0.0,"max_hp_gain":0.0,"max_hp_loss":0.0,"gold_gain":175.0,"event_name":"Liars Game","player_choice":"AGREE","floor":2.0,"gold_loss":0.0,"damage_taken":0.0,"cards_obtained":["Doubt"]},{"damage_healed":0.0,"max_hp_gain":0.0,"max_hp_loss":0.0,"gold_gain":0.0,"event_name":"Match and Keep!","player_choice":"1 cards matched","floor":3.0,"gold_loss":0.0,"damage_taken":0.0,"cards_obtained":["A Thousand Cuts"]},{"damage_healed":0.0,"max_hp_gain":0.0,"max_hp_loss":0.0,"gold_gain":0.0,"event_name":"WeMeetAgain","player_choice":"Paid Gold","floor":11.0,"gold_loss":74.0,"damage_taken":0.0,"relics_obtained":["Girya"]},{"damage_healed":0.0,"max_hp_gain":5.0,"max_hp_loss":0.0,"gold_gain":0.0,"event_name":"Forgotten Altar","player_choice":"Shed Blood","floor":20.0,"gold_loss":0.0,"damage_taken":18.0},{"damage_healed":0.0,"max_hp_gain":0.0,"max_hp_loss":0.0,"gold_gain":0.0,"event_name":"Duplicator","player_choice":"Copied","floor":21.0,"gold_loss":0.0,"damage_taken":0.0,"cards_obtained":["Blade Dance"]},{"damage_healed":0.0,"max_hp_gain":0.0,"max_hp_loss":0.0,"gold_gain":0.0,"event_name":"Vampires","player_choice":"Became a vampire (Vial)","floor":29.0,"relics_lost":["Blood Vial"],"gold_loss":0.0,"damage_taken":0.0,"cards_obtained":["Bite","Bite","Bite","Bite","Bite"]},{"cards_removed":["Dodge and Roll"],"damage_healed":0,"gold_gain":0,"player_choice":"Removed Skill","damage_taken":0,"max_hp_gain":0,"max_hp_loss":0,"event_name":"Falling","floor":48,"gold_loss":0}],"is_beta":false,"boss_relics":[{"not_picked":["Runic Pyramid","Eternal Feather"],"picked":"White Beast Statue"},{"not_picked":["Velvet Choker","HoveringKite"],"picked":"Orrery"}],"items_purged_floors":[4],"is_endless":false,"potions_floor_spawned":[1,6,12,14,16,18,19,22,24,27,28,31,33,35,36,38,39,40,42,44,45,47],"ascension_level":3}