{"gold_per_floor":[114,39,39,54,66,81,31,31,57,57,77,92,103,114,114,217,217,234,234,234,17,17,51,51,83,107,122,138,153,153,171,171,270,270,289,47,147,47,47,64,64],"floor_reached":41,"playtime":1301,"items_purged":["Strike_R","Strike_R"],"score":709,"play_id":"f8f152ca-da1b-4a51-abe4-a94f41619377","local_time":"20190324003737","is_ascension_mode":true,"campfire_choices":[{"data":"Searing Blow","floor":10.0,"key":"SMITH"},{"data":"Anger","floor":15.0,"key":"SMITH"},{"data":"Pommel Strike","floor":24.0,"key":"SMITH"},{"data":"Searing Blow+1","floor":30.0,"key":"SMITH"},{"floor":32.0,"key":"REST"}],"neow_cost":"TEN_PERCENT_HP_LOSS","seed_source_timestamp":28935366452195,"circlet_count":0,"master_deck":["AscendersBane","Defend_R","Bash","Feed","Anger","Armaments","Searing Blow+2","Anger+1","Immolate","Armaments+1","Hemokinesis","Shrug It Off","Anger","Pommel Strike+1","Double Tap","Impervious+1","Fiend Fire+1","Rupture+1","Panache","Havoc"],"special_seed":0,"relics":["Burning Blood","Bronze Scales","Busted Crown","Lee\u0027s Waffle","Pen Nib","Champion Belt","Strawberry","Astrolabe"],"potions_floor_usage":[],"damage_taken":[{"damage":15.0,"enemies":"Cultist","floor":1.0,"turns":5.0},{"damage":6.0,"enemies":"2 Louse","floor":4.0,"turns":3.0},{"damage":5.0,"enemies":"Small Slimes","floor":5.0,"turns":3.0},{"damage":20.0,"enemies":"Exordium Wildlife","floor":6.0,"turns":4.0},{"damage":1.0,"enemies":"2 Fungi Beasts","floor":11.0,"turns":3.0},{"damage":4.0,"enemies":"Large Slime","floor":12.0,"turns":5.0},{"damage":0.0,"enemies":"3 Louse","floor":13.0,"turns":1.0},{"damage":19.0,"enemies":"Exordium Thugs","floor":14.0,"turns":4.0},{"damage":69.0,"enemies":"Slime Boss","floor":16.0,"turns":9.0},{"damage":0.0,"enemies":"Chosen","floor":18.0,"turns":4.0},{"damage":16.0,"enemies":"Gremlin Leader","floor":23.0,"turns":5.0},{"damage":33.0,"enemies":"Slavers","floor":25.0,"turns":4.0},{"damage":9.0,"enemies":"2 Thieves","floor":27.0,"turns":3.0},{"damage":11.0,"enemies":"3 Cultists","floor":28.0,"turns":4.0},{"damage":21.0,"enemies":"Snecko","floor":29.0,"turns":4.0},{"damage":12.0,"enemies":"Shelled Parasite and Fungi","floor":31.0,"turns":6.0},{"damage":99.0,"enemies":"Collector","floor":33.0,"turns":11.0},{"damage":6.0,"enemies":"Orb Walker","floor":35.0,"turns":2.0},{"damage":32,"enemies":"3 Shapes","floor":40,"turns":2},{"damage":40,"enemies":"Nemesis","floor":41,"turns":4}],"seed_played":"7657327540232529444","potions_obtained":[{"floor":1.0,"key":"Poison Potion"},{"floor":4.0,"key":"EntropicBrew"},{"floor":25.0,"key":"SkillPotion"},{"floor":29.0,"key":"SpeedPotion"}],"is_trial":false,"path_per_floor":["M","$","?","M","M","M","?","?","T","R","M","M","M","M","R","B",null,"M","?","?","$","?","E","R","E","T","M","M","M","R","M","R","B",null,"M","$","?","$","?","M","E"],"character_chosen":"IRONCLAD","items_purchased":["Anger","Lee\u0027s Waffle","Panache","Havoc"],"campfire_rested":1,"item_purchase_floors":[21,21,36,36],"current_hp_per_floor":[66,66,71,74,78,67,67,67,67,67,76,81,87,77,77,14,78,84,84,64,111,111,101,101,77,84,81,79,64,64,62,100,7,98,98,98,98,98,86,63,23],"gold":64,"neow_bonus":"THREE_RARE_CARDS","is_prod":false,"is_daily":false,"chose_seed":false,"campfire_upgraded":4,"win_rate":0,"timestamp":1553355457,"path_taken":["M","$","?","M","M","M","?","?","T","R","M","?","M","M","R","BOSS","M","?","?","$","?","E","R","E","T","?","M","M","R","M","R","BOSS","M","$","?","?","?","?","E"],"build_version":"2019-01-23","purchased_purges":2,"victory":false,"max_hp_per_floor":[75,75,80,83,86,89,89,89,89,89,93,96,96,99,99,99,99,99,99,104,111,111,111,111,114,121,121,124,124,124,128,128,128,128,128,128,128,128,128,131,131],"card_choices":[{"not_picked":["Offering","Reaper"],"picked":"Feed","floor":0.0},{"not_picked":["Sentinel","Warcry"],"picked":"Anger","floor":1.0},{"not_picked":["Headbutt","Second Wind"],"picked":"Armaments","floor":4.0},{"not_picked":["Iron Wave","Entrench"],"picked":"Searing Blow","floor":5.0},{"not_picked":["Twin Strike","Clash"],"picked":"Anger","floor":6.0},{"not_picked":["Dual Wield","Heavy Blade","Burning Pact"],"picked":"SKIP","floor":11.0},{"not_picked":["Blood for Blood","Body Slam"],"picked":"Immolate","floor":12.0},{"not_picked":["Flame Barrier","Perfected Strike","Reckless Charge"],"picked":"SKIP","floor":13.0},{"not_picked":["Intimidate","Clothesline","Rage"],"picked":"SKIP","floor":14.0},{"not_picked":[],"picked":"Armaments+1","floor":18.0},{"not_picked":["Pommel Strike"],"picked":"SKIP","floor":23.0},{"not_picked":[],"picked":"Pommel Strike","floor":23.0},{"not_picked":["Clash"],"picked":"SKIP","floor":25.0},{"not_picked":["Carnage"],"picked":"SKIP","floor":27.0},{"not_picked":["Heavy Blade"],"picked":"SKIP","floor":28.0},{"not_picked":["Searing Blow"],"picked":"SKIP","floor":29.0},{"not_picked":["Wild Strike"],"picked":"SKIP","floor":31.0},{"not_picked":[],"picked":"Double Tap","floor":33.0},{"not_picked":["Infernal Blade"],"picked":"SKIP","floor":35.0},{"not_picked":["Wild Strike+1"],"picked":"SKIP","floor":40}],"player_experience":383857,"relics_obtained":[{"floor":9.0,"key":"Bronze Scales"},{"floor":23.0,"key":"Pen Nib"},{"floor":25.0,"key":"Champion Belt"},{"floor":26.0,"key":"Strawberry"}],"event_choices":[{"damage_healed":0.0,"max_hp_gain":5.0,"max_hp_loss":0.0,"gold_gain":0.0,"event_name":"Big Fish","player_choice":"Donut","floor":3.0,"gold_loss":0.0,"damage_taken":0.0},{"cards_removed":["Strike_R"],"damage_healed":0.0,"max_hp_gain":0.0,"max_hp_loss":0.0,"gold_gain":0.0,"event_name":"The Cleric","player_choice":"Card Removal","floor":7.0,"gold_loss":50.0,"damage_taken":0.0},{"damage_healed":0.0,"max_hp_gain":0.0,"max_hp_loss":0.0,"gold_gain":0.0,"event_name":"Golden Idol","player_choice":"Ignored","floor":8.0,"gold_loss":0.0,"damage_taken":0.0},{"damage_healed":0.0,"max_hp_gain":0.0,"max_hp_loss":0.0,"gold_gain":0.0,"cards_transformed":["Strike_R","Strike_R"],"event_name":"Drug Dealer","player_choice":"Became Test Subject","floor":19.0,"gold_loss":0.0,"damage_taken":0.0,"cards_obtained":["Hemokinesis","Shrug It Off"]},{"damage_healed":0.0,"max_hp_gain":5.0,"max_hp_loss":0.0,"gold_gain":0.0,"event_name":"Forgotten Altar","player_choice":"Shed Blood","floor":20.0,"gold_loss":0.0,"damage_taken":25.0},{"damage_healed":0.0,"max_hp_gain":0.0,"max_hp_loss":0.0,"gold_gain":0.0,"event_name":"Ghosts","player_choice":"Ignored","floor":22.0,"gold_loss":0.0,"damage_taken":0.0},{"damage_healed":0,"gold_gain":100,"player_choice":"Pray","damage_taken":0,"max_hp_gain":0,"max_hp_loss":0,"event_name":"Golden Shrine","floor":37,"gold_loss":0},{"damage_healed":0,"gold_gain":0,"player_choice":"Damaged","damage_taken":12,"max_hp_gain":0,"max_hp_loss":0,"event_name":"Wheel of Change","floor":39,"gold_loss":0}],"is_beta":false,"boss_relics":[{"not_picked":["Philosopher\u0027s Stone","Runic Dome"],"picked":"Busted Crown"},{"not_picked":["Runic Pyramid","Black Blood"],"picked":"Astrolabe"}],"items_purged_floors":[2,38],"is_endless":false,"potions_floor_spawned":[1,4,11,13,16,18,25,29],"killed_by":"Nemesis","ascension_level":11}