{"gold_per_floor":[119,137,23,36,36,80,101,142,194,194,232,232,250,250,250,375,375,375,375,345,345,345,345,345,345,345,345,345,260,112,112,112,112],"floor_reached":33,"playtime":2231,"items_purged":["Strike_G","Strike_G"],"score":305,"play_id":"e17be322-b070-4415-9f47-99841e2ec903","local_time":"20181214002529","is_ascension_mode":false,"campfire_choices":[{"data":"Noxious Fumes","floor":10,"key":"SMITH"},{"data":"Neutralize","floor":12,"key":"SMITH"},{"data":"Cloak And Dagger","floor":15,"key":"SMITH"},{"data":"Sucker Punch","floor":23,"key":"SMITH"},{"floor":32,"key":"REST"}],"neow_cost":"PERCENT_DAMAGE","seed_source_timestamp":108599594494250,"circlet_count":0,"master_deck":["Defend_G","Defend_G","Defend_G","Defend_G","Defend_G","Strike_G","Strike_G","Strike_G","Survivor","Neutralize+1","Good Instincts","Trip","Quick Slash","Escape Plan","Heel Hook","Dash","Calculated Gamble","Noxious Fumes+1","Outmaneuver","Catalyst","Cloak And Dagger+1","Deadly Poison+1","Terror","Sucker Punch+1","Accuracy+1","RitualDagger","Deadly Poison+1","Purity","Deadly Poison+1"],"relics":["Ring of the Snake","Bloody Idol","Juzu Bracelet","Ninja Scroll","Omamori","Pen Nib","Ectoplasm","Enchiridion","Smiling Mask","Paper Crane","Molten Egg 2","Question Card"],"potions_floor_usage":[6,6,16,18,27,33],"damage_taken":[{"damage":0,"enemies":"Small Slimes","floor":1,"turns":5},{"damage":0,"enemies":"Jaw Worm","floor":2,"turns":3},{"damage":0,"enemies":"2 Louse","floor":4,"turns":3},{"damage":9,"enemies":"3 Sentries","floor":6,"turns":5},{"damage":0,"enemies":"Looter","floor":7,"turns":3},{"damage":17,"enemies":"Lagavulin","floor":8,"turns":8},{"damage":6,"enemies":"3 Sentries","floor":11,"turns":7},{"damage":2,"enemies":"3 Louse","floor":13,"turns":3},{"damage":2,"enemies":"Hexaghost","floor":16,"turns":7},{"damage":4,"enemies":"Spheric Guardian","floor":18,"turns":5},{"damage":0,"enemies":"2 Thieves","floor":20,"turns":4},{"damage":5,"enemies":"Centurion and Healer","floor":21,"turns":6},{"damage":21,"enemies":"Slavers","floor":24,"turns":6},{"damage":2,"enemies":"Book of Stabbing","floor":27,"turns":4},{"damage":5,"enemies":"Cultist and Chosen","floor":28,"turns":4},{"damage":0,"enemies":"Snake Plant","floor":31,"turns":2},{"damage":33,"enemies":"Automaton","floor":33,"turns":4}],"seed_played":"3553107751829775353","potions_obtained":[{"floor":1,"key":"SkillPotion"},{"floor":4,"key":"Regen Potion"},{"floor":6,"key":"Poison Potion"},{"floor":16,"key":"Poison Potion"},{"floor":21,"key":"Fire Potion"},{"floor":24,"key":"PowerPotion"},{"floor":27,"key":"LiquidBronze"}],"is_trial":false,"path_per_floor":["M","M","$","M","?","E","M","E","T","R","E","R","M","?","R","B",null,"M","?","M","M","?","R","E","?","T","E","M","?","$","M","R","B"],"character_chosen":"THE_SILENT","items_purchased":["Heel Hook","Purity"],"campfire_rested":1,"item_purchase_floors":[3,30],"current_hp_per_floor":[49,49,49,49,32,35,35,18,18,18,12,12,10,10,10,8,70,66,66,66,61,45,45,24,18,18,16,11,11,11,11,32,0],"gold":112,"neow_bonus":"RANDOM_COLORLESS_2","is_prod":false,"is_daily":false,"chose_seed":false,"campfire_upgraded":4,"win_rate":0,"timestamp":1544768729,"path_taken":["M","M","$","M","?","E","M","E","T","R","E","R","M","?","R","BOSS","M","?","M","M","?","R","E","?","T","E","M","?","$","M","R","BOSS"],"build_version":"2018-12-13","purchased_purges":2,"victory":false,"max_hp_per_floor":[70,70,70,70,70,70,70,70,70,70,70,70,70,70,70,70,70,70,70,70,70,70,70,70,70,70,70,70,70,70,70,70,70],"card_choices":[{"not_picked":["Dagger Spray","Catalyst"],"picked":"Quick Slash","floor":1},{"not_picked":["Blade Dance","Outmaneuver"],"picked":"Escape Plan","floor":2},{"not_picked":["Poisoned Stab","Acrobatics"],"picked":"Dash","floor":4},{"not_picked":["Tactician","Backflip"],"picked":"Calculated Gamble","floor":6},{"not_picked":["Dodge and Roll","Finisher"],"picked":"Noxious Fumes","floor":7},{"not_picked":["PiercingWail","Masterful Stab"],"picked":"Outmaneuver","floor":8},{"not_picked":["Blade Dance","Dodge and Roll","Catalyst"],"picked":"SKIP","floor":11},{"not_picked":["Blade Dance","Dodge and Roll"],"picked":"Catalyst","floor":11},{"not_picked":["Outmaneuver","Prepared"],"picked":"Cloak And Dagger","floor":13},{"not_picked":["Poisoned Stab","Eviscerate"],"picked":"Deadly Poison+1","floor":18},{"not_picked":["Underhanded Strike","Dagger Spray"],"picked":"Terror","floor":20},{"not_picked":["Endless Agony","Predator"],"picked":"Sucker Punch","floor":21},{"not_picked":["Acrobatics+1","Leg Sweep"],"picked":"Accuracy+1","floor":24},{"not_picked":["Endless Agony","Outmaneuver"],"picked":"Deadly Poison+1","floor":27},{"not_picked":["Calculated Gamble","Masterful Stab+1","Acrobatics"],"picked":"SKIP","floor":28},{"not_picked":["Masterful Stab+1","Blade Dance","Dagger Spray+1"],"picked":"Deadly Poison+1","floor":31}],"player_experience":126775,"relics_obtained":[{"floor":6,"key":"Juzu Bracelet"},{"floor":8,"key":"Ninja Scroll"},{"floor":9,"key":"Omamori"},{"floor":11,"key":"Pen Nib"},{"floor":22,"key":"Enchiridion"},{"floor":24,"key":"Smiling Mask"},{"floor":26,"key":"Paper Crane"},{"floor":27,"key":"Molten Egg 2"}],"event_choices":[{"damage_healed":0,"gold_gain":0,"player_choice":"Take Damage","damage_taken":17,"relics_obtained":["Golden Idol"],"max_hp_gain":0,"max_hp_loss":0,"event_name":"Golden Idol","floor":5,"gold_loss":0},{"damage_healed":0,"gold_gain":0,"player_choice":"Ignored","damage_taken":0,"max_hp_gain":0,"max_hp_loss":0,"event_name":"Shining Light","floor":14,"gold_loss":0},{"damage_healed":0,"gold_gain":0,"player_choice":"Gave Idol","damage_taken":0,"relics_obtained":["Bloody Idol"],"max_hp_gain":0,"max_hp_loss":0,"event_name":"Forgotten Altar","floor":19,"relics_lost":["Golden Idol"],"gold_loss":0},{"damage_healed":0,"gold_gain":0,"player_choice":"Obtained Book","damage_taken":16,"max_hp_gain":0,"max_hp_loss":0,"event_name":"Cursed Tome","floor":22,"gold_loss":0},{"damage_healed":0,"gold_gain":0,"player_choice":"Joined the Cult","damage_taken":6,"max_hp_gain":0,"max_hp_loss":0,"event_name":"Nest","floor":25,"gold_loss":0,"cards_obtained":["RitualDagger"]},{"damage_healed":0,"gold_gain":0,"player_choice":"Obtained Relic","damage_taken":0,"relics_obtained":["Question Card"],"max_hp_gain":0,"max_hp_loss":0,"event_name":"Addict","floor":29,"gold_loss":85}],"is_beta":false,"boss_relics":[{"not_picked":["Ring of the Serpent","Runic Dome"],"picked":"Ectoplasm"}],"items_purged_floors":[3,30],"is_endless":false,"potions_floor_spawned":[1,4,6,16,21,24,27],"killed_by":"Automaton","ascension_level":0}