{"gold_per_floor":[10,26,26,36,50,50,50,68,68,68,68,85,110,50,50,146,146,146],"floor_reached":18,"playtime":657,"items_purged":[],"score":251,"play_id":"90c6a278-d08d-428f-b208-4ed00bd7fc83","local_time":"20190324175157","is_ascension_mode":true,"campfire_choices":[{"data":"Armaments","floor":6.0,"key":"SMITH"},{"data":"Bash","floor":10.0,"key":"SMITH"},{"data":"Magnetism","floor":15,"key":"SMITH"}],"neow_cost":"NO_GOLD","seed_source_timestamp":22149102669434,"circlet_count":0,"master_deck":["AscendersBane","Strike_R","Strike_R","Strike_R","Strike_R","Strike_R","Defend_R","Defend_R","Defend_R","Defend_R","Bash+1","Magnetism+1","Finesse","Double Tap","Madness","Cleave","Armaments+1","Shrug It Off","Parasite","Cleave","Battle Trance","Fire Breathing"],"special_seed":0,"relics":["Burning Blood","Pear","The Courier","Lizard Tail"],"potions_floor_usage":[18],"damage_taken":[{"damage":13.0,"enemies":"Cultist","floor":1.0,"turns":5.0},{"damage":14.0,"enemies":"Small Slimes","floor":2.0,"turns":5.0},{"damage":21.0,"enemies":"Jaw Worm","floor":4.0,"turns":4.0},{"damage":14.0,"enemies":"Looter","floor":5.0,"turns":5.0},{"damage":12.0,"enemies":"Blue Slaver","floor":8.0,"turns":4.0},{"damage":11.0,"enemies":"2 Fungi Beasts","floor":12.0,"turns":4.0},{"damage":18,"enemies":"Lagavulin","floor":13,"turns":7},{"damage":31,"enemies":"Slime Boss","floor":16,"turns":8},{"damage":0,"enemies":"Spheric Guardian","floor":18,"turns":3}],"seed_played":"6330656063059059311","potions_obtained":[{"floor":1.0,"key":"LiquidBronze"},{"floor":5.0,"key":"Poison Potion"},{"floor":13,"key":"Ancient Potion"},{"floor":16,"key":"EssenceOfSteel"}],"is_trial":false,"path_per_floor":["M","M","?","M","M","R","$","M","T","R","?","M","E","$","R","B",null,"M"],"character_chosen":"IRONCLAD","items_purchased":["Fire Breathing"],"campfire_rested":0,"item_purchase_floors":[14],"current_hp_per_floor":[65,57,57,42,34,34,34,28,38,38,60,55,43,43,43,18,72,72],"gold":146,"neow_bonus":"RANDOM_COLORLESS_2","is_prod":false,"is_daily":false,"chose_seed":false,"campfire_upgraded":3,"win_rate":0,"timestamp":1553417517,"path_taken":["M","M","?","?","M","R","$","M","T","R","?","M","E","?","R","BOSS","M"],"build_version":"2019-01-23","purchased_purges":0,"victory":false,"max_hp_per_floor":[80,80,80,80,80,80,80,80,90,90,90,90,90,90,90,90,90,90],"card_choices":[{"not_picked":["Rage","Anger","Heavy Blade"],"picked":"SKIP","floor":1.0},{"not_picked":["Clash","Dual Wield","Anger"],"picked":"SKIP","floor":2.0},{"not_picked":["Clothesline","Thunderclap"],"picked":"Cleave","floor":4.0},{"not_picked":["Iron Wave","Seeing Red"],"picked":"Armaments","floor":5.0},{"not_picked":["Corruption","Fiend Fire"],"picked":"Shrug It Off","floor":8.0},{"not_picked":["Fire Breathing","Infernal Blade"],"picked":"Cleave","floor":12.0},{"not_picked":["Warcry","Fire Breathing"],"picked":"Battle Trance","floor":13}],"player_experience":389769,"relics_obtained":[{"floor":9.0,"key":"Pear"},{"floor":13,"key":"The Courier"}],"event_choices":[{"damage_healed":0.0,"max_hp_gain":0.0,"max_hp_loss":0.0,"gold_gain":0.0,"event_name":"Match and Keep!","player_choice":"2 cards matched","floor":3.0,"gold_loss":0.0,"damage_taken":0.0,"cards_obtained":["Double Tap","Madness"]},{"damage_healed":22.0,"max_hp_gain":0.0,"max_hp_loss":0.0,"gold_gain":0.0,"event_name":"Mushrooms","player_choice":"Healed and dodged fight","floor":11.0,"gold_loss":0.0,"damage_taken":0.0,"cards_obtained":["Parasite"]}],"is_beta":false,"boss_relics":[{"not_picked":["Runic Dome","Calling Bell"],"picked":"Lizard Tail"}],"items_purged_floors":[],"is_endless":false,"potions_floor_spawned":[1,5,13,16],"killed_by":"Spheric Guardian","ascension_level":11}