{"gold_per_floor":[109,119,69,86,54,54,54,54,79,79,26,40,119,119,119,214,214,231,261,274,274,289,339,359,378,405,81,116,130,130,146,146,146],"floor_reached":33,"playtime":1164,"items_purged":["Strike_B"],"score":307,"play_id":"15203ad1-8b21-466a-9583-2978c2390515","local_time":"20190322135506","is_ascension_mode":false,"campfire_choices":[{"data":"Cold Snap","floor":6.0,"key":"SMITH"},{"data":"Sweeping Beam","floor":8.0,"key":"SMITH"},{"data":"Redo","floor":15.0,"key":"SMITH"},{"floor":32,"key":"REST"}],"neow_cost":"NONE","seed_source_timestamp":14751839809733,"circlet_count":0,"master_deck":["Strike_B","Defend_B","Defend_B","Defend_B","Defend_B","Zap+1","Dualcast","Leap","Cold Snap+1","Sweeping Beam+1","Redo+1","Ball Lightning","Steam+1","Leap+1","Reinforced Body","Gash","Coolheaded+1","Writhe","Gash"],"special_seed":0,"relics":["FrozenCore","Bag of Preparation","Happy Flower","Letter Opener","Red Mask","Dream Catcher","Mercury Hourglass","Girya","Torii"],"potions_floor_usage":[25,29,33,33,33],"damage_taken":[{"damage":10.0,"enemies":"Small Slimes","floor":1.0,"turns":3.0},{"damage":0.0,"enemies":"2 Louse","floor":2.0,"turns":2.0},{"damage":0.0,"enemies":"Cultist","floor":4.0,"turns":3.0},{"damage":0.0,"enemies":"Blue Slaver","floor":12.0,"turns":3.0},{"damage":0.0,"enemies":"Slime Boss","floor":16.0,"turns":7.0},{"damage":0.0,"enemies":"Spheric Guardian","floor":18.0,"turns":3.0},{"damage":7.0,"enemies":"Masked Bandits","floor":19.0,"turns":4.0},{"damage":0.0,"enemies":"2 Thieves","floor":20.0,"turns":3.0},{"damage":6,"enemies":"Snake Plant","floor":22,"turns":4},{"damage":10,"enemies":"Sentry and Sphere","floor":24,"turns":6},{"damage":7,"enemies":"Centurion and Healer","floor":25,"turns":12},{"damage":11,"enemies":"Slavers","floor":28,"turns":4},{"damage":4,"enemies":"Cultist and Chosen","floor":29,"turns":6},{"damage":0,"enemies":"3 Cultists","floor":31,"turns":4},{"damage":56,"enemies":"Champ","floor":33,"turns":17}],"seed_played":"7810062357574247353","potions_obtained":[{"floor":2.0,"key":"EntropicBrew"},{"floor":18.0,"key":"Explosive Potion"},{"floor":24,"key":"Explosive Potion"},{"floor":25,"key":"Weak Potion"},{"floor":31,"key":"AttackPotion"}],"is_trial":false,"path_per_floor":["M","M","?","M","?","R","?","R","T","?","$","M","T","?","R","B",null,"M","?","M","?","M","?","M","M","T","$","E","M","?","M","R","B"],"character_chosen":"DEFECT","items_purchased":["Redo","Mercury Hourglass"],"campfire_rested":1,"item_purchase_floors":[11,27],"current_hp_per_floor":[65,65,65,65,65,65,58,58,58,55,55,55,55,60,60,60,80,80,73,73,58,52,52,42,35,35,35,24,20,20,20,45,0],"gold":146,"neow_bonus":"UPGRADE_CARD","is_prod":false,"is_daily":false,"chose_seed":false,"campfire_upgraded":3,"win_rate":0,"timestamp":1553230506,"path_taken":["M","M","?","M","?","R","?","R","T","?","?","?","?","?","R","BOSS","M","?","M","?","M","?","?","M","T","$","E","M","?","M","R","BOSS"],"build_version":"2019-01-23","purchased_purges":1,"victory":false,"max_hp_per_floor":[75,75,75,75,75,75,75,75,75,75,75,75,75,80,80,80,80,80,80,80,85,85,85,85,85,85,85,85,85,85,85,85,85],"card_choices":[{"not_picked":["Coolheaded","Chaos"],"picked":"Leap","floor":1.0},{"not_picked":["Leap","Self Repair"],"picked":"Cold Snap","floor":2.0},{"not_picked":["Compile Driver","Coolheaded"],"picked":"Sweeping Beam","floor":4.0},{"not_picked":["Coolheaded","Force Field"],"picked":"Ball Lightning","floor":12.0},{"not_picked":["Leap","Hologram"],"picked":"Steam+1","floor":18.0},{"not_picked":["Chaos","Static Discharge"],"picked":"Leap+1","floor":19.0},{"not_picked":["Sweeping Beam","Reprogram","Steam Power"],"picked":"SKIP","floor":20},{"not_picked":["Beam Cell","Self Repair","Leap"],"picked":"SKIP","floor":22},{"not_picked":["Stack","Conserve Battery"],"picked":"Reinforced Body","floor":24},{"not_picked":["Conserve Battery","Recycle"],"picked":"Gash","floor":25},{"not_picked":["Recycle","Biased Cognition","Hologram"],"picked":"SKIP","floor":28},{"not_picked":["Defragment","Conserve Battery"],"picked":"Coolheaded+1","floor":29},{"not_picked":["Go for the Eyes","Skim+1"],"picked":"Gash","floor":31}],"player_experience":378628,"relics_obtained":[{"floor":9.0,"key":"Bag of Preparation"},{"floor":13.0,"key":"Letter Opener"},{"floor":19.0,"key":"Red Mask"},{"floor":26,"key":"Dream Catcher"},{"floor":28,"key":"Girya"}],"event_choices":[{"cards_removed":["Strike_B"],"damage_healed":0.0,"max_hp_gain":0.0,"max_hp_loss":0.0,"gold_gain":0.0,"event_name":"The Cleric","player_choice":"Card Removal","floor":3.0,"gold_loss":50.0,"damage_taken":0.0},{"damage_healed":0.0,"max_hp_gain":0.0,"max_hp_loss":0.0,"gold_gain":0.0,"event_name":"World of Goop","player_choice":"Left Gold","floor":5.0,"gold_loss":32.0,"damage_taken":0.0},{"cards_removed":["Strike_B"],"damage_healed":0.0,"max_hp_gain":0.0,"max_hp_loss":0.0,"gold_gain":0.0,"event_name":"Golden Wing","player_choice":"Card Removal","floor":7.0,"gold_loss":0.0,"damage_taken":7.0},{"damage_healed":0.0,"max_hp_gain":0.0,"max_hp_loss":0.0,"gold_gain":0.0,"event_name":"Scrap Ooze","player_choice":"Success","floor":10.0,"gold_loss":0.0,"damage_taken":3.0,"relics_obtained":["Happy Flower"]},{"damage_healed":0.0,"max_hp_gain":5.0,"max_hp_loss":0.0,"gold_gain":0.0,"event_name":"Big Fish","player_choice":"Donut","floor":14.0,"gold_loss":0.0,"damage_taken":0.0},{"damage_healed":0.0,"max_hp_gain":0.0,"max_hp_loss":0.0,"gold_gain":0.0,"event_name":"Masked Bandits","player_choice":"Fought Bandits","floor":19.0,"gold_loss":0.0,"damage_taken":0.0},{"damage_healed":0,"gold_gain":0,"player_choice":"Shed Blood","damage_taken":20,"max_hp_gain":5,"max_hp_loss":0,"event_name":"Forgotten Altar","floor":21,"gold_loss":0},{"damage_healed":0,"gold_gain":100,"player_choice":"Bet on Murderer","damage_taken":0,"max_hp_gain":0,"max_hp_loss":0,"event_name":"The Joust","floor":23,"gold_loss":50},{"damage_healed":0,"gold_gain":0,"player_choice":"Opened","damage_taken":0,"relics_obtained":["Torii"],"max_hp_gain":0,"max_hp_loss":0,"event_name":"The Mausoleum","floor":30,"gold_loss":0,"cards_obtained":["Writhe"]}],"is_beta":false,"boss_relics":[{"not_picked":["Ectoplasm","White Beast Statue"],"picked":"FrozenCore"}],"items_purged_floors":[27],"is_endless":false,"potions_floor_spawned":[2,18,24,25,28,31],"killed_by":"Champ","ascension_level":0}