{"gold_per_floor":[113,113,113,138,138,138,179,179,179,200,214,228,228,244,244,370,370,389,389,389,408,432,432,457,477,477,477,405,451,451,471,471,471],"floor_reached":33,"playtime":1078,"items_purged":[],"score":249,"play_id":"d74f4cc4-d0cb-4a49-b4a3-4cdd5d0a6e54","local_time":"20181002212654","is_ascension_mode":false,"campfire_choices":[{"data":"Bash","floor":6,"key":"SMITH"},{"floor":8,"key":"REST"},{"floor":15,"key":"REST"},{"floor":23,"key":"REST"},{"floor":32,"key":"REST"}],"neow_cost":"NONE","seed_source_timestamp":15958198180281,"circlet_count":0,"master_deck":["Strike_R","Strike_R","Defend_R","Defend_R","Defend_R","Bash+1","Warcry","Shrug It Off+1","Flex+1","Wild Strike","Shrug It Off","Heavy Blade","Flex","Limit Break","Feed","Flame Barrier+1","Perfected Strike+1","Metallicize+1","Cleave+1","Heavy Blade","Heavy Blade+1","Perfected Strike","Flex+1","Shockwave"],"relics":["Burning Blood","Golden Idol","Juzu Bracelet","Centennial Puzzle","Anchor","Astrolabe","Happy Flower","Omamori"],"potions_floor_usage":[11,16,21,22,33],"damage_taken":[{"damage":6,"enemies":"Jaw Worm","floor":1,"turns":3},{"damage":0,"enemies":"Cultist","floor":4,"turns":4},{"damage":55,"enemies":"Gremlin Nob","floor":7,"turns":6},{"damage":0,"enemies":"2 Louse","floor":10,"turns":1},{"damage":8,"enemies":"Exordium Thugs","floor":11,"turns":5},{"damage":10,"enemies":"Exordium Wildlife","floor":12,"turns":2},{"damage":5,"enemies":"Looter","floor":14,"turns":3},{"damage":5,"enemies":"Slime Boss","floor":16,"turns":8},{"damage":12,"enemies":"Chosen","floor":18,"turns":5},{"damage":26,"enemies":"2 Thieves","floor":21,"turns":4},{"damage":26,"enemies":"Shelled Parasite and Fungi","floor":22,"turns":9},{"damage":0,"enemies":"Cultist and Chosen","floor":24,"turns":8},{"damage":11,"enemies":"Chosen and Byrds","floor":25,"turns":6},{"damage":10,"enemies":"Centurion and Healer","floor":31,"turns":5},{"damage":83,"enemies":"Automaton","floor":33,"turns":6}],"seed_played":"6152284539540544613","potions_obtained":[{"floor":7,"key":"FearPotion"},{"floor":10,"key":"Weak Potion"},{"floor":12,"key":"PowerPotion"},{"floor":16,"key":"Energy Potion"},{"floor":25,"key":"Fire Potion"},{"floor":31,"key":"Strength Potion"}],"is_trial":false,"path_per_floor":["M","?","?","M","?","R","E","R","T","M","M","M","?","M","R","B",null,"M","?","?","M","M","R","M","M","T","?","$","T","?","M","R"],"character_chosen":"IRONCLAD","items_purchased":["Shockwave"],"campfire_rested":4,"item_purchase_floors":[28],"current_hp_per_floor":[80,80,60,66,66,66,17,41,41,47,45,41,34,35,59,60,80,74,80,80,60,40,64,70,65,65,65,65,65,65,64,83,0],"gold":471,"neow_bonus":"TRANSFORM_CARD","is_prod":false,"is_daily":false,"chose_seed":false,"campfire_upgraded":1,"win_rate":0,"timestamp":1538508414,"path_taken":["M","?","?","?","?","R","E","R","T","M","M","M","?","M","R","BOSS","M","?","?","M","M","R","M","M","T","?","$","?","?","M","R","BOSS"],"build_version":"2018-09-27","purchased_purges":0,"victory":false,"max_hp_per_floor":[80,80,80,80,80,80,80,80,80,80,80,80,80,80,80,80,80,80,80,80,80,80,80,80,80,80,80,80,80,80,83,83,83],"card_choices":[{"not_picked":["Twin Strike","Cleave"],"picked":"Shrug It Off","floor":1},{"not_picked":["Sword Boomerang","Headbutt"],"picked":"Flex","floor":4},{"not_picked":["Fire Breathing","Bloodletting"],"picked":"Wild Strike","floor":7},{"not_picked":["Iron Wave","Sentinel"],"picked":"Shrug It Off","floor":10},{"not_picked":["Armaments","Power Through"],"picked":"Heavy Blade","floor":11},{"not_picked":["Heavy Blade","Dropkick"],"picked":"Flex","floor":12},{"not_picked":["Clash","Power Through"],"picked":"Limit Break","floor":14},{"not_picked":["Impervious","Fiend Fire"],"picked":"Feed","floor":16},{"not_picked":["Carnage","Sword Boomerang"],"picked":"Cleave+1","floor":18},{"not_picked":["Second Wind","Searing Blow"],"picked":"Heavy Blade","floor":21},{"not_picked":["Anger+1","Entrench"],"picked":"Heavy Blade+1","floor":22},{"not_picked":["Demon Form","Intimidate+1"],"picked":"Perfected Strike","floor":24},{"not_picked":["Iron Wave","Flame Barrier","Heavy Blade"],"picked":"SKIP","floor":25},{"not_picked":["Combust+1","Uppercut","Dual Wield+1"],"picked":"SKIP","floor":31}],"player_experience":212038,"relics_obtained":[{"floor":7,"key":"Juzu Bracelet"},{"floor":9,"key":"Centennial Puzzle"},{"floor":26,"key":"Happy Flower"},{"floor":29,"key":"Omamori"}],"event_choices":[{"event_name":"Upgrade Shrine","player_choice":"Upgraded","floor":2,"damage_taken":0},{"event_name":"Golden Idol","player_choice":"Take Damage","floor":3,"damage_taken":0},{"event_name":"Living Wall","player_choice":"Grow","floor":5,"damage_taken":0},{"event_name":"Scrap Ooze","player_choice":"success","floor":13,"damage_taken":7},{"event_name":"Wheel of Change","player_choice":"Full Heal","floor":19,"damage_taken":0},{"event_name":"The Mausoleum","player_choice":"No","floor":20,"damage_taken":0},{"event_name":"Duplicator","player_choice":"One dupe","floor":27,"damage_taken":0},{"event_name":"FaceTrader","player_choice":"Leave","floor":30,"damage_taken":0}],"is_beta":false,"boss_relics":[{"not_picked":["Busted Crown","Runic Cube"],"picked":"Astrolabe"}],"items_purged_floors":[],"is_endless":false,"potions_floor_spawned":[7,10,12,16,25,31],"killed_by":"Automaton","ascension_level":0}