{"gold_per_floor":[111,131,149,161,161,192,192,192,192,192,207,207,221,238,238,340,340,354,367,380,394,394],"floor_reached":22,"playtime":1974,"items_purged":[],"score":192,"play_id":"d950717b-7621-4beb-b6ec-c79acb7f6bc4","local_time":"20181122102306","is_ascension_mode":false,"campfire_choices":[{"data":"Infernal Blade","floor":7,"key":"SMITH"},{"data":"Hemokinesis","floor":12,"key":"SMITH"},{"floor":15,"key":"REST"}],"neow_cost":"NONE","seed_source_timestamp":473802244471,"circlet_count":0,"master_deck":["Strike_R","Strike_R","Strike_R","Strike_R","Defend_R","Defend_R","Defend_R","Defend_R","Bash","Combust","Fire Breathing+1","Disarm","Hemokinesis+1","Infernal Blade+1","Uppercut","Disarm","Anger","Thunderclap","Feed","Dropkick","Iron Wave","Clash+1","Sword Boomerang+1"],"relics":["Burning Blood","Matryoshka","Paper Frog","Vajra","Pantograph","White Beast Statue"],"potions_floor_usage":[11,11,19,19,20,21,22],"damage_taken":[{"damage":3,"enemies":"Small Slimes","floor":1,"turns":5},{"damage":2,"enemies":"2 Louse","floor":2,"turns":4},{"damage":11,"enemies":"Cultist","floor":3,"turns":4},{"damage":18,"enemies":"Red Slaver","floor":4,"turns":5},{"damage":39,"enemies":"Gremlin Nob","floor":6,"turns":4},{"damage":0,"enemies":"Looter","floor":11,"turns":1},{"damage":3,"enemies":"Blue Slaver","floor":13,"turns":4},{"damage":7,"enemies":"2 Fungi Beasts","floor":14,"turns":4},{"damage":67,"enemies":"The Guardian","floor":16,"turns":8},{"damage":12,"enemies":"Chosen","floor":18,"turns":3},{"damage":16,"enemies":"2 Thieves","floor":19,"turns":4},{"damage":37,"enemies":"3 Cultists","floor":20,"turns":5},{"damage":29,"enemies":"Shelled Parasite and Fungi","floor":21,"turns":5},{"damage":16,"enemies":"Centurion and Healer","floor":22,"turns":2}],"seed_played":"-4121804639754330720","potions_obtained":[{"floor":1,"key":"Fire Potion"},{"floor":2,"key":"Explosive Potion"},{"floor":6,"key":"AttackPotion"},{"floor":18,"key":"Block Potion"},{"floor":19,"key":"AttackPotion"},{"floor":20,"key":"PowerPotion"},{"floor":21,"key":"Poison Potion"}],"is_trial":false,"path_per_floor":["M","M","M","M","?","E","R","?","T","?","M","R","M","M","R","B",null,"M","M","M","M","M"],"character_chosen":"IRONCLAD","items_purchased":[],"campfire_rested":1,"item_purchase_floors":[],"current_hp_per_floor":[80,80,75,63,60,27,27,27,27,19,25,25,28,27,51,15,80,74,64,36,13,0],"gold":394,"neow_bonus":"TRANSFORM_CARD","is_prod":false,"is_daily":false,"chose_seed":false,"campfire_upgraded":2,"win_rate":0.0,"timestamp":1542849786,"path_taken":["M","M","M","M","?","E","R","?","T","?","M","R","?","M","R","BOSS","M","M","M","M","M"],"build_version":"2018-11-15","purchased_purges":0,"victory":false,"max_hp_per_floor":[80,80,80,80,80,80,80,80,80,80,80,80,80,80,80,80,80,80,80,83,83,83],"card_choices":[{"not_picked":["Body Slam","Blood for Blood"],"picked":"Fire Breathing","floor":1},{"not_picked":["Carnage","Iron Wave"],"picked":"Disarm","floor":2},{"not_picked":["Pummel","Perfected Strike"],"picked":"Hemokinesis","floor":3},{"not_picked":["Heavy Blade","Corruption"],"picked":"Infernal Blade","floor":4},{"not_picked":["Clash","Sword Boomerang"],"picked":"Uppercut","floor":6},{"not_picked":["Entrench","True Grit"],"picked":"Disarm","floor":11},{"not_picked":["True Grit","Cleave"],"picked":"Anger","floor":13},{"not_picked":["Bludgeon","Body Slam"],"picked":"Thunderclap","floor":14},{"not_picked":["Demon Form","Bludgeon"],"picked":"Feed","floor":16},{"not_picked":["Heavy Blade","Pummel"],"picked":"Dropkick","floor":18},{"not_picked":["Warcry","Entrench"],"picked":"Iron Wave","floor":19},{"not_picked":["Shockwave","Shrug It Off"],"picked":"Clash+1","floor":20},{"not_picked":["Shockwave","True Grit"],"picked":"Sword Boomerang+1","floor":21}],"player_experience":15500,"relics_obtained":[{"floor":6,"key":"Paper Frog"},{"floor":9,"key":"Vajra"},{"floor":9,"key":"Pantograph"}],"event_choices":[{"damage_healed":0,"gold_gain":0,"player_choice":"Success","damage_taken":3,"relics_obtained":["Matryoshka"],"max_hp_gain":0,"max_hp_loss":0,"event_name":"Scrap Ooze","floor":5,"gold_loss":0},{"damage_healed":0,"gold_gain":0,"player_choice":"Grow","damage_taken":0,"max_hp_gain":0,"max_hp_loss":0,"event_name":"Living Wall","floor":8,"gold_loss":0,"cards_upgraded":["Fire Breathing"]},{"damage_healed":0,"gold_gain":0,"player_choice":"Damaged","damage_taken":8,"max_hp_gain":0,"max_hp_loss":0,"event_name":"Wheel of Change","floor":10,"gold_loss":0}],"is_beta":false,"boss_relics":[{"not_picked":["Runic Dome","Empty Cage"],"picked":"White Beast Statue"}],"items_purged_floors":[],"is_endless":false,"potions_floor_spawned":[1,2,6,18,19,20,21],"killed_by":"Centurion and Healer","ascension_level":0}