{"gold_per_floor":[360,380,19,94,109,109,121,136,214,224,239,249,70,86,86,182,182,202,216,153,153,172,198,225,241,241,297,297,297,315,101,101,201,251,261,138,148,60,60,60,90,90,113,124,139,139,139,151,151,151,151,151,11,44,44],"floor_reached":55,"playtime":5261,"items_purged":["Shame","Strike_R","Strike_R","Shame","Strike_R"],"score":753,"play_id":"00dceb70-83e1-448c-9afe-5be7759c24a7","local_time":"20190328001613","is_ascension_mode":false,"campfire_choices":[{"data":"Whirlwind","floor":6,"key":"SMITH"},{"data":"Armaments","floor":15,"key":"SMITH"},{"floor":29,"key":"REST"},{"data":"Shrug It Off","floor":32,"key":"SMITH"},{"data":"Shrug It Off","floor":40,"key":"SMITH"},{"data":"Limit Break","floor":46,"key":"SMITH"},{"floor":49,"key":"RECALL"},{"data":"Heavy Blade","floor":52,"key":"SMITH"}],"neow_cost":"CURSE","seed_source_timestamp":47088130882913,"circlet_count":0,"master_deck":["Strike_R","Strike_R","Defend_R","Defend_R+1","Defend_R","Bash+1","Rage+1","Whirlwind+1","Spot Weakness","Heavy Blade+1","Twin Strike","Headbutt","Shrug It Off+1","Armaments+1","Limit Break+1","Bloodletting+1","Pommel Strike+1","Power Through","Clash+1","Twin Strike+1","Reaper+1","Shrug It Off+1","Double Tap","Inflame+1","Warcry+1","Pommel Strike+1","Disarm+1","Fiend Fire+1","Warcry","Inflame+1"],"relics":["Burning Blood","Membership Card","Mercury Hourglass","Letter Opener","ClockworkSouvenir","Sozu","WingedGreaves","War Paint","Gremlin Horn","Molten Egg 2","Tiny Chest","Omamori","Tiny House","Pantograph","Dodecahedron","Happy Flower","Oddly Smooth Stone"],"potions_floor_usage":[33,37,55],"damage_taken":[{"damage":15,"enemies":"Small Slimes","floor":1,"turns":4},{"damage":2,"enemies":"2 Louse","floor":2,"turns":3},{"damage":1,"enemies":"Jaw Worm","floor":5,"turns":3},{"damage":0,"enemies":"3 Louse","floor":7,"turns":2},{"damage":7,"enemies":"Looter","floor":8,"turns":3},{"damage":0,"enemies":"Large Slime","floor":10,"turns":3},{"damage":8,"enemies":"Red Slaver","floor":11,"turns":3},{"damage":0,"enemies":"3 Louse","floor":12,"turns":2},{"damage":0,"enemies":"Exordium Wildlife","floor":14,"turns":2},{"damage":57,"enemies":"The Guardian","floor":16,"turns":10},{"damage":0,"enemies":"3 Byrds","floor":18,"turns":3},{"damage":5,"enemies":"Shell Parasite","floor":19,"turns":3},{"damage":5,"enemies":"Cultist and Chosen","floor":22,"turns":4},{"damage":27,"enemies":"Slavers","floor":23,"turns":3},{"damage":21,"enemies":"Book of Stabbing","floor":24,"turns":4},{"damage":5,"enemies":"3 Cultists","floor":25,"turns":4},{"damage":44,"enemies":"Slavers","floor":27,"turns":4},{"damage":5,"enemies":"Sentry and Sphere","floor":30,"turns":3},{"damage":60,"enemies":"Collector","floor":33,"turns":7},{"damage":51,"enemies":"3 Darklings","floor":35,"turns":4},{"damage":3,"enemies":"Orb Walker","floor":37,"turns":1},{"damage":30,"enemies":"Giant Head","floor":41,"turns":7},{"damage":23,"enemies":"Maw","floor":44,"turns":7},{"damage":3,"enemies":"Jaw Worm Horde","floor":45,"turns":2},{"damage":10,"enemies":"Sphere and 2 Shapes","floor":48,"turns":3},{"damage":65,"enemies":"Time Eater","floor":50,"turns":9},{"damage":37,"enemies":"Shield and Spear","floor":54,"turns":5},{"damage":122,"enemies":"The Heart","floor":55,"turns":8}],"seed_played":"9047676850304694820","potions_obtained":[{"floor":2,"key":"PowerPotion"},{"floor":7,"key":"AttackPotion"},{"floor":10,"key":"Energy Potion"},{"floor":12,"key":"Strength Potion"}],"is_trial":false,"path_per_floor":["M","M","$","?","M","R","M","M","T","M","M","M","$","M","R","B",null,"M","M","$","?","M","E","E","M","T","E","?","R","M","$","R","B",null,"M","$","M","$","?","R","E","?","T","M","M","R","?","M","R","B",null,"R","$","E","B"],"character_chosen":"IRONCLAD","items_purchased":["Membership Card","Mercury Hourglass","ClockworkSouvenir","Shrug It Off","Reaper+1","Shrug It Off","Omamori","Pantograph","Fiend Fire+1","Happy Flower","Warcry"],"campfire_rested":1,"item_purchase_floors":[3,3,13,13,31,31,31,36,53,53,53],"current_hp_per_floor":[71,75,75,64,69,69,75,74,74,80,78,80,80,80,80,29,80,80,80,80,80,80,59,44,45,45,7,33,57,58,58,58,17,85,55,55,58,58,79,79,55,55,55,70,73,73,73,69,69,55,85,85,85,54,0],"gold":44,"neow_bonus":"TWO_FIFTY_GOLD","is_prod":false,"is_daily":false,"chose_seed":false,"campfire_upgraded":6,"win_rate":0,"timestamp":1553728573,"path_taken":["M","M","$","?","M","R","M","M","T","M","M","M","$","M","R","BOSS","M","M","$","?","M","E","E","M","T","E","?","R","M","$","R","BOSS","M","$","M","$","?","R","E","?","T","M","M","R","?","M","R","BOSS","R","$","E","BOSS"],"build_version":"2019-01-23","purchased_purges":5,"victory":false,"max_hp_per_floor":[80,80,80,80,80,80,80,80,80,80,80,80,80,80,80,80,80,80,80,80,80,80,80,80,80,80,80,80,80,80,80,80,80,85,85,85,85,85,85,85,85,85,85,85,85,85,85,85,85,85,85,85,85,85,85],"card_choices":[{"not_picked":["Thunderclap","Pommel Strike"],"picked":"Rage","floor":1},{"not_picked":["Feel No Pain","Perfected Strike"],"picked":"Whirlwind","floor":2},{"not_picked":["Cleave","Second Wind","Sever Soul"],"picked":"SKIP","floor":5},{"not_picked":["Inflame","Battle Trance"],"picked":"Spot Weakness","floor":7},{"not_picked":["Infernal Blade","Clash","Disarm"],"picked":"SKIP","floor":8},{"not_picked":["Impervious","Fire Breathing"],"picked":"Heavy Blade","floor":10},{"not_picked":["Cleave","Blood for Blood"],"picked":"Twin Strike","floor":11},{"not_picked":["Thunderclap","Reckless Charge"],"picked":"Headbutt","floor":12},{"not_picked":["Rampage","Blood for Blood"],"picked":"Armaments","floor":14},{"not_picked":["Brutality","Barricade"],"picked":"Limit Break","floor":16},{"not_picked":["Flex","Thunderclap+1"],"picked":"Bloodletting+1","floor":18},{"not_picked":["Cleave","Iron Wave","Sever Soul"],"picked":"SKIP","floor":19},{"not_picked":["Perfected Strike","Cleave"],"picked":"Pommel Strike+1","floor":22},{"not_picked":["Heavy Blade","Berserk"],"picked":"Power Through","floor":23},{"not_picked":["Heavy Blade","Sword Boomerang","Juggernaut"],"picked":"SKIP","floor":24},{"not_picked":["Iron Wave","Sword Boomerang"],"picked":"Clash+1","floor":25},{"not_picked":["Body Slam+1","Corruption","Feel No Pain"],"picked":"SKIP","floor":27},{"not_picked":["Second Wind","True Grit"],"picked":"Twin Strike+1","floor":30},{"not_picked":["Barricade","Limit Break"],"picked":"Double Tap","floor":33},{"not_picked":["Perfected Strike+1","Bloodletting+1"],"picked":"Inflame+1","floor":35},{"not_picked":["Body Slam+1","Sword Boomerang+1"],"picked":"Warcry+1","floor":37},{"not_picked":["Twin Strike+1","Hemokinesis+1"],"picked":"Limit Break","floor":41},{"not_picked":["Heavy Blade+1","Body Slam+1"],"picked":"Pommel Strike+1","floor":44},{"not_picked":["Searing Blow+1","Shrug It Off"],"picked":"Disarm+1","floor":45},{"not_picked":["Body Slam+1","Second Wind","Warcry"],"picked":"SKIP","floor":48},{"not_picked":["Berserk","Clothesline+1"],"picked":"Inflame+1","floor":54}],"player_experience":102765,"relics_obtained":[{"floor":9,"key":"Letter Opener"},{"floor":23,"key":"War Paint"},{"floor":24,"key":"Gremlin Horn"},{"floor":26,"key":"Molten Egg 2"},{"floor":27,"key":"Tiny Chest"},{"floor":41,"key":"Dodecahedron"},{"floor":54,"key":"Oddly Smooth Stone"}],"event_choices":[{"damage_healed":0,"gold_gain":75,"player_choice":"Gather Gold","damage_taken":11,"max_hp_gain":0,"max_hp_loss":0,"event_name":"World of Goop","floor":4,"gold_loss":0},{"damage_healed":0,"gold_gain":0,"player_choice":"Stole Relic","damage_taken":0,"relics_obtained":["WingedGreaves"],"max_hp_gain":0,"max_hp_loss":0,"event_name":"Addict","floor":21,"gold_loss":0,"cards_obtained":["Shame"]},{"damage_healed":26,"gold_gain":0,"player_choice":"Heal","damage_taken":0,"max_hp_gain":0,"max_hp_loss":0,"event_name":"The Library","floor":28,"gold_loss":0},{"damage_healed":21,"gold_gain":0,"player_choice":"Writhe","damage_taken":0,"max_hp_gain":0,"max_hp_loss":0,"event_name":"Winding Halls","floor":39,"gold_loss":0,"cards_obtained":["Writhe"]},{"cards_removed":["Limit Break"],"damage_healed":0,"gold_gain":0,"player_choice":"Removed Skill","damage_taken":0,"max_hp_gain":0,"max_hp_loss":0,"event_name":"Falling","floor":42,"gold_loss":0},{"cards_removed":["Defend_R"],"damage_healed":0,"gold_gain":0,"player_choice":"Offered Basic","damage_taken":0,"max_hp_gain":0,"max_hp_loss":0,"event_name":"Bonfire Elementals","floor":47,"gold_loss":0}],"is_beta":false,"boss_relics":[{"not_picked":["Busted Crown","Mark of Pain"],"picked":"Sozu"},{"not_picked":["Coffee Dripper","Lizard Tail"],"picked":"Tiny House"}],"items_purged_floors":[3,13,20,31,38],"is_endless":false,"potions_floor_spawned":[2,7,10,11,12,18,19,23,25,33,37,45,54],"killed_by":"The Heart","ascension_level":0}