{"gold_per_floor":[116,130,145,165,175,175,191,191,240,191,208,208,228,259,259,361,361,379,379,429,411,19,19,32,32,55,68,29,40,52,70,70,70],"floor_reached":33,"playtime":2187,"items_purged":[],"score":280,"play_id":"230572e9-92ec-4c2f-9587-62ac78003b59","local_time":"20190317003226","is_ascension_mode":false,"campfire_choices":[{"data":"Doppelganger","floor":6.0,"key":"SMITH"},{"data":"Infinite Blades","floor":8.0,"key":"SMITH"},{"data":"Sucker Punch","floor":12.0,"key":"SMITH"},{"data":"Quick Slash","floor":15,"key":"SMITH"},{"data":"Footwork","floor":23,"key":"SMITH"},{"data":"Noxious Fumes","floor":25,"key":"SMITH"},{"floor":32,"key":"REST"}],"neow_cost":"NONE","seed_source_timestamp":6816575812679,"circlet_count":0,"master_deck":["Defend_G","Defend_G","Defend_G","Defend_G","Defend_G","Strike_G","Strike_G","Strike_G","Strike_G","Strike_G","Survivor","Neutralize","Doppelganger+1","Slice","Bane","Sucker Punch+1","Deflect","PiercingWail","Infinite Blades+1","Cloak And Dagger","Quick Slash+1","PiercingWail","Glass Knife","Dash+1","Heel Hook+1","Terror","Master of Strategy","Footwork+1","Dagger Throw","Noxious Fumes+1","Backflip+1","Infinite Blades","Dagger Throw+1","Heel Hook","Endless Agony+1"],"special_seed":0,"relics":["Ring of the Snake"],"potions_floor_usage":[16,16,18,24,30,33],"damage_taken":[{"damage":0.0,"enemies":"Small Slimes","floor":1.0,"turns":4.0},{"damage":2.0,"enemies":"Jaw Worm","floor":2.0,"turns":6.0},{"damage":0.0,"enemies":"2 Louse","floor":3.0,"turns":4.0},{"damage":0.0,"enemies":"Gremlin Gang","floor":4.0,"turns":6.0},{"damage":4.0,"enemies":"2 Fungi Beasts","floor":5.0,"turns":3.0},{"damage":0.0,"enemies":"Looter","floor":7.0,"turns":4.0},{"damage":0.0,"enemies":"Blue Slaver","floor":11.0,"turns":4.0},{"damage":2.0,"enemies":"Lots of Slimes","floor":13.0,"turns":6.0},{"damage":10.0,"enemies":"Gremlin Nob","floor":14.0,"turns":4.0},{"damage":48,"enemies":"Hexaghost","floor":16,"turns":16},{"damage":0,"enemies":"Spheric Guardian","floor":18,"turns":3},{"damage":11,"enemies":"Colosseum Slavers","floor":19,"turns":8},{"damage":3,"enemies":"2 Thieves","floor":21,"turns":4},{"damage":3,"enemies":"3 Cultists","floor":24,"turns":7},{"damage":8,"enemies":"Cultist and Chosen","floor":27,"turns":6},{"damage":7,"enemies":"Snake Plant","floor":29,"turns":6},{"damage":21,"enemies":"Snecko","floor":30,"turns":7},{"damage":23,"enemies":"Cultist and Chosen","floor":31,"turns":7},{"damage":55,"enemies":"Champ","floor":33,"turns":12}],"seed_played":"8115327902190013660","potions_obtained":[{"floor":2.0,"key":"Block Potion"},{"floor":4.0,"key":"Fire Potion"},{"floor":5.0,"key":"SkillPotion"},{"floor":7.0,"key":"Fire Potion"},{"floor":21,"key":"Regen Potion"},{"floor":27,"key":"Weak Potion"},{"floor":30,"key":"Explosive Potion"}],"is_trial":false,"path_per_floor":["M","M","M","M","M","R","M","R","T","?","M","R","M","E","R","B",null,"M","?","?","M","$","R","M","R","T","M","$","M","M","M","R","B"],"character_chosen":"THE_SILENT","items_purchased":["Terror","Master of Strategy","Footwork","Dagger Throw","Infinite Blades"],"campfire_rested":1,"item_purchase_floors":[22,22,22,22,28],"current_hp_per_floor":[70,68,68,68,64,64,64,64,64,64,64,64,62,52,52,4,70,70,59,59,56,56,56,68,68,68,60,60,53,32,9,30,0],"gold":70,"neow_bonus":"ONE_RANDOM_RARE_CARD","is_prod":false,"is_daily":false,"chose_seed":false,"campfire_upgraded":6,"win_rate":0,"timestamp":1552753946,"path_taken":["M","M","M","M","M","R","M","R","T","?","M","R","M","E","R","BOSS","M","?","?","M","$","R","?","R","T","M","$","M","M","M","R","BOSS"],"build_version":"2019-01-23","purchased_purges":0,"victory":false,"max_hp_per_floor":[70,70,70,70,70,70,70,70,70,70,70,70,70,70,70,70,70,70,70,70,70,70,70,70,70,70,70,70,70,70,70,70,70],"card_choices":[{"not_picked":["PiercingWail","Riddle With Holes"],"picked":"Slice","floor":1.0},{"not_picked":["Dodge and Roll","Tactician"],"picked":"Bane","floor":2.0},{"not_picked":["Deflect","Reflex"],"picked":"Sucker Punch","floor":3.0},{"not_picked":["Backflip","Acrobatics"],"picked":"Deflect","floor":4.0},{"not_picked":["Acrobatics","Flying Knee"],"picked":"PiercingWail","floor":5.0},{"not_picked":["Bullet Time","Deadly Poison"],"picked":"Infinite Blades","floor":7.0},{"not_picked":["Dash","Blade Dance"],"picked":"Cloak And Dagger","floor":11.0},{"not_picked":["Predator","PiercingWail"],"picked":"Quick Slash","floor":13.0},{"not_picked":["Prepared","Sucker Punch"],"picked":"PiercingWail","floor":14},{"not_picked":["After Image","A Thousand Cuts"],"picked":"Glass Knife","floor":16},{"not_picked":["Flechettes","Slice"],"picked":"Dash+1","floor":18},{"not_picked":["Dagger Throw","Crippling Poison"],"picked":"Heel Hook+1","floor":21},{"not_picked":["Eviscerate","Endless Agony"],"picked":"Noxious Fumes","floor":24},{"not_picked":["Cloak And Dagger","Flying Knee+1"],"picked":"Backflip+1","floor":27},{"not_picked":["Sucker Punch","Quick Slash+1"],"picked":"Dagger Throw+1","floor":29},{"not_picked":["Sucker Punch","Cloak And Dagger"],"picked":"Heel Hook","floor":30},{"not_picked":["Underhanded Strike","Poisoned Stab"],"picked":"Endless Agony+1","floor":31}],"player_experience":336437,"relics_obtained":[],"event_choices":[{"damage_healed":0.0,"max_hp_gain":0.0,"max_hp_loss":0.0,"gold_gain":0.0,"event_name":"World of Goop","player_choice":"Left Gold","floor":10.0,"gold_loss":49.0,"damage_taken":0.0},{"damage_healed":0,"gold_gain":0,"player_choice":"Fight","damage_taken":0,"max_hp_gain":0,"max_hp_loss":0,"event_name":"Colosseum","floor":19,"gold_loss":0},{"damage_healed":0,"gold_gain":0,"player_choice":"Fled From Nobs","damage_taken":0,"max_hp_gain":0,"max_hp_loss":0,"event_name":"Colosseum","floor":19,"gold_loss":0},{"damage_healed":0,"gold_gain":100,"player_choice":"Bet on Murderer","damage_taken":0,"max_hp_gain":0,"max_hp_loss":0,"event_name":"The Joust","floor":20,"gold_loss":50}],"is_beta":false,"boss_relics":[{"not_picked":[]}],"items_purged_floors":[],"is_endless":false,"potions_floor_spawned":[2,4,5,7,19,21,27,30],"killed_by":"Champ","ascension_level":0}