{"gold_per_floor":[118,118,118,138,152,152,180,180,205,205,36,65,75,89,89,192,192,207,207],"floor_reached":19,"playtime":1936,"items_purged":["Strike_G"],"score":177,"play_id":"d20bb88b-64cb-4686-86ec-3035c963bf75","local_time":"20181214172457","is_ascension_mode":false,"campfire_choices":[{"data":"Caltrops","floor":6,"key":"SMITH"},{"floor":8,"key":"REST"},{"data":"Setup","floor":10,"key":"SMITH"},{"data":"Tools of the Trade","floor":15,"key":"SMITH"}],"neow_cost":"PERCENT_DAMAGE","seed_source_timestamp":170067573797274,"circlet_count":0,"master_deck":["Defend_G","Defend_G","Defend_G","Defend_G","Defend_G","Strike_G","Strike_G+1","Strike_G","Strike_G","Survivor+1","Neutralize","Caltrops+1","Setup+1","Slice","Finisher","Blade Dance","Blind","Tools of the Trade+1","Underhanded Strike","Underhanded Strike","Escape Plan+1"],"relics":["Ring of the Snake","Unceasing Top","Dream Catcher","Oddly Smooth Stone","Darkstone Periapt","HoveringKite"],"potions_floor_usage":[12,16,16],"damage_taken":[{"damage":0,"enemies":"Small Slimes","floor":1,"turns":3},{"damage":0,"enemies":"Jaw Worm","floor":4,"turns":4},{"damage":0,"enemies":"Cultist","floor":5,"turns":4},{"damage":28,"enemies":"Lagavulin","floor":7,"turns":9},{"damage":21,"enemies":"3 Sentries","floor":12,"turns":9},{"damage":0,"enemies":"Exordium Wildlife","floor":13,"turns":4},{"damage":0,"enemies":"3 Louse","floor":14,"turns":3},{"damage":6,"enemies":"The Guardian","floor":16,"turns":9},{"damage":7,"enemies":"Spheric Guardian","floor":18,"turns":4},{"damage":12,"enemies":"Colosseum Slavers","floor":19,"turns":4},{"damage":52,"enemies":"Colosseum Nobs","floor":19,"turns":3}],"seed_played":"8610566644109006190","potions_obtained":[{"floor":3,"key":"LiquidBronze"},{"floor":3,"key":"GamblersBrew"},{"floor":3,"key":"SneckoOil"},{"floor":4,"key":"Strength Potion"},{"floor":5,"key":"AttackPotion"},{"floor":18,"key":"SteroidPotion"}],"is_trial":false,"path_per_floor":["M","?","?","M","M","R","E","R","T","R","$","E","M","M","R","B",null,"M","?"],"character_chosen":"THE_SILENT","items_purchased":["Blind"],"campfire_rested":1,"item_purchase_floors":[11],"current_hp_per_floor":[49,35,35,35,35,35,7,28,28,28,28,7,7,7,7,1,70,63,0],"gold":207,"neow_bonus":"ONE_RARE_RELIC","is_prod":false,"is_daily":false,"chose_seed":false,"campfire_upgraded":3,"win_rate":0,"timestamp":1544829897,"path_taken":["M","?","?","M","M","R","E","R","T","R","$","E","?","M","R","BOSS","M","?"],"build_version":"2018-12-13","purchased_purges":1,"victory":false,"max_hp_per_floor":[70,70,70,70,70,70,70,70,70,70,70,70,70,70,70,70,70,70,70],"card_choices":[{"not_picked":["Outmaneuver","Poisoned Stab"],"picked":"Caltrops","floor":1},{"not_picked":["Blade Dance","Masterful Stab"],"picked":"Setup","floor":4},{"not_picked":["Sucker Punch","Blade Dance"],"picked":"Slice","floor":5},{"not_picked":["Deadly Poison","Accuracy"],"picked":"Finisher","floor":7},{"not_picked":["Dodge and Roll","Deadly Poison"],"picked":"Blade Dance","floor":8},{"not_picked":["Riddle With Holes","PiercingWail"],"picked":"Tools of the Trade","floor":12},{"not_picked":["Dagger Throw","Blade Dance"],"picked":"Underhanded Strike","floor":13},{"not_picked":["Cloak And Dagger","Escape Plan"],"picked":"Underhanded Strike","floor":14},{"not_picked":["Prepared+1","Leg Sweep"],"picked":"Escape Plan+1","floor":18}],"player_experience":143089,"relics_obtained":[{"floor":7,"key":"Dream Catcher"},{"floor":9,"key":"Oddly Smooth Stone"},{"floor":12,"key":"Darkstone Periapt"}],"event_choices":[{"damage_healed":0,"gold_gain":0,"player_choice":"Entered Light","damage_taken":14,"max_hp_gain":0,"max_hp_loss":0,"event_name":"Shining Light","floor":2,"gold_loss":0,"cards_upgraded":["Survivor","Strike_G"]},{"damage_healed":0,"gold_gain":0,"player_choice":"Got Potions","damage_taken":0,"max_hp_gain":0,"max_hp_loss":0,"event_name":"Lab","floor":3,"gold_loss":0},{"damage_healed":0,"gold_gain":0,"player_choice":"Fight","damage_taken":0,"max_hp_gain":0,"max_hp_loss":0,"event_name":"Colosseum","floor":19,"gold_loss":0},{"damage_healed":0,"gold_gain":0,"player_choice":"Fought Nobs","damage_taken":0,"max_hp_gain":0,"max_hp_loss":0,"event_name":"Colosseum","floor":19,"gold_loss":0}],"is_beta":false,"boss_relics":[{"not_picked":["Busted Crown","White Beast Statue"],"picked":"HoveringKite"}],"items_purged_floors":[11],"is_endless":false,"potions_floor_spawned":[4,5,18],"killed_by":"Colosseum Nobs","ascension_level":0}