{"gold_per_floor":[115,190,206,206,6,6,16,34,88,107,57,57,74,84,84,182,182,200,31,31,48,63,63,63,76,76,175,2,14,14,14],"floor_reached":31,"playtime":2335,"items_purged":[],"score":229,"play_id":"59536481-39a3-4a8f-ac34-3c97931b9df9","local_time":"20181222080342","is_ascension_mode":false,"campfire_choices":[{"data":"Crippling Poison","floor":6,"key":"SMITH"},{"data":"Calculated Gamble","floor":12,"key":"SMITH"},{"data":"Blade Dance","floor":15,"key":"SMITH"},{"data":"Deadly Poison","floor":23,"key":"SMITH"}],"neow_cost":"NONE","seed_source_timestamp":54883346925518,"circlet_count":0,"master_deck":["Defend_G+1","Defend_G+1","Defend_G+1","Defend_G+1","Strike_G+1","Strike_G+1","Strike_G+1","Strike_G+1","Survivor","Neutralize","Impatience+1","Reflex","Crippling Poison+1","Deadly Poison+1","Underhanded Strike","Slice","Calculated Gamble+1","Blade Dance+1","Slice","Outmaneuver","Prepared","Flying Knee","Dagger Spray+1","Bouncing Flask","Footwork","Backflip","Poisoned Stab+1"],"relics":["Ring of the Snake","War Paint","Regal Pillow","Velvet Choker","Snake Skull","Pear","Lantern"],"potions_floor_usage":[],"damage_taken":[{"damage":0,"enemies":"2 Louse","floor":1,"turns":2},{"damage":5,"enemies":"Small Slimes","floor":3,"turns":4},{"damage":0,"enemies":"Jaw Worm","floor":7,"turns":4},{"damage":6,"enemies":"Exordium Wildlife","floor":8,"turns":5},{"damage":5,"enemies":"Blue Slaver","floor":10,"turns":4},{"damage":1,"enemies":"2 Fungi Beasts","floor":13,"turns":3},{"damage":0,"enemies":"Looter","floor":14,"turns":2},{"damage":17,"enemies":"Hexaghost","floor":16,"turns":11},{"damage":7,"enemies":"Chosen","floor":18,"turns":5},{"damage":0,"enemies":"3 Byrds","floor":21,"turns":4},{"damage":6,"enemies":"Cultist and Chosen","floor":22,"turns":6},{"damage":22,"enemies":"Colosseum Slavers","floor":24,"turns":5},{"damage":17,"enemies":"Snecko","floor":25,"turns":5},{"damage":13,"enemies":"Centurion and Healer","floor":29,"turns":4},{"damage":19,"enemies":"Cultist and Chosen","floor":31,"turns":5}],"seed_played":"1539394050870895644","potions_obtained":[{"floor":1,"key":"Swift Potion"},{"floor":7,"key":"EntropicBrew"},{"floor":8,"key":"Fire Potion"},{"floor":13,"key":"AttackPotion"},{"floor":18,"key":"Strength Potion"},{"floor":25,"key":"Dexterity Potion"}],"is_trial":false,"path_per_floor":["M","?","M","?","$","R","M","M","T","M","?","R","M","M","R","B",null,"M","$","?","M","M","R","?","M","T","?","$","M","T","M"],"character_chosen":"THE_SILENT","items_purchased":["Deadly Poison","War Paint","Snake Skull","Outmaneuver","Bouncing Flask","Footwork","Backflip"],"campfire_rested":0,"item_purchase_floors":[5,5,19,19,28,28,28],"current_hp_per_floor":[70,59,54,47,47,47,47,41,41,36,36,36,35,35,35,18,70,63,63,63,63,57,57,35,18,28,28,28,15,15,0],"gold":14,"neow_bonus":"RANDOM_COLORLESS","is_prod":false,"is_daily":false,"chose_seed":false,"campfire_upgraded":4,"win_rate":0.0,"timestamp":1545462222,"path_taken":["M","?","M","?","$","R","M","?","T","M","?","R","M","M","R","BOSS","M","$","?","M","M","R","?","M","T","?","$","M","?","M"],"build_version":"2018-12-20","purchased_purges":0,"victory":false,"max_hp_per_floor":[70,70,70,70,70,70,70,70,70,70,70,70,70,70,70,70,70,70,70,70,70,70,70,70,70,80,80,80,80,80,80],"card_choices":[{"not_picked":["Sucker Punch","Distraction"],"picked":"Reflex","floor":1},{"not_picked":["Terror","Dagger Spray"],"picked":"Crippling Poison","floor":3},{"not_picked":["Predator","Acrobatics"],"picked":"Underhanded Strike","floor":7},{"not_picked":["Backstab","Endless Agony"],"picked":"Slice","floor":8},{"not_picked":["Predator","Reflex"],"picked":"Calculated Gamble","floor":10},{"not_picked":["Dagger Spray","Acrobatics"],"picked":"Blade Dance","floor":13},{"not_picked":["PiercingWail","Night Terror","Escape Plan"],"picked":"SKIP","floor":14},{"not_picked":["Endless Agony","Sucker Punch"],"picked":"Slice","floor":18},{"not_picked":["Escape Plan+1","Outmaneuver"],"picked":"Prepared","floor":21},{"not_picked":["Quick Slash","Underhanded Strike"],"picked":"Flying Knee","floor":22},{"not_picked":["Dagger Throw","Flying Knee"],"picked":"Dagger Spray+1","floor":25},{"not_picked":["Terror","Underhanded Strike"],"picked":"Poisoned Stab+1","floor":29}],"player_experience":15517,"relics_obtained":[{"floor":9,"key":"Regal Pillow"},{"floor":26,"key":"Pear"},{"floor":30,"key":"Lantern"}],"event_choices":[{"damage_healed":0,"gold_gain":75,"player_choice":"Gather Gold","damage_taken":11,"max_hp_gain":0,"max_hp_loss":0,"event_name":"World of Goop","floor":2,"gold_loss":0},{"cards_removed":["Defend_G"],"damage_healed":0,"gold_gain":0,"player_choice":"Card Removal","damage_taken":7,"max_hp_gain":0,"max_hp_loss":0,"event_name":"Golden Wing","floor":4,"gold_loss":0},{"cards_removed":["Strike_G"],"damage_healed":0,"gold_gain":0,"player_choice":"Card Removal","damage_taken":0,"max_hp_gain":0,"max_hp_loss":0,"event_name":"The Cleric","floor":11,"gold_loss":50},{"damage_healed":0,"gold_gain":0,"player_choice":"Simplicity","damage_taken":0,"max_hp_gain":0,"max_hp_loss":0,"event_name":"Back to Basics","floor":20,"gold_loss":0,"cards_upgraded":["Defend_G","Defend_G","Defend_G","Strike_G","Strike_G","Strike_G","Strike_G"]},{"damage_healed":0,"gold_gain":0,"player_choice":"Fight","damage_taken":0,"max_hp_gain":0,"max_hp_loss":0,"event_name":"Colosseum","floor":24,"gold_loss":0},{"damage_healed":0,"gold_gain":0,"player_choice":"Fled From Nobs","damage_taken":0,"max_hp_gain":0,"max_hp_loss":0,"event_name":"Colosseum","floor":24,"gold_loss":0},{"damage_healed":0,"gold_gain":99,"player_choice":"Stole From Cult","damage_taken":0,"max_hp_gain":0,"max_hp_loss":0,"event_name":"Nest","floor":27,"gold_loss":0}],"is_beta":false,"boss_relics":[{"not_picked":["Sozu","Runic Pyramid"],"picked":"Velvet Choker"}],"items_purged_floors":[],"is_endless":false,"potions_floor_spawned":[1,7,8,13,14,18,25],"killed_by":"Cultist and Chosen","ascension_level":0}