{"gold_per_floor":[110,8,26,26,26,59,59,92,118,118,151,163,203,18,18,117,117,133,133,153,153,78,78,108,108,108,108,118,152,152,180,180,180],"floor_reached":33,"playtime":1094,"items_purged":["Strike_R"],"score":532,"play_id":"385020fa-3151-47b8-b5d1-d598323fcbb4","local_time":"20190324000335","is_ascension_mode":true,"campfire_choices":[{"floor":10.0,"key":"REST"},{"data":"Inflame","floor":12.0,"key":"SMITH"},{"data":"Spot Weakness","floor":15.0,"key":"SMITH"},{"data":"Pummel","floor":23.0,"key":"SMITH"},{"data":"Flex","floor":27.0,"key":"SMITH"},{"floor":30.0,"key":"REST"},{"floor":32.0,"key":"REST"}],"neow_cost":"NONE","seed_source_timestamp":26965598541008,"circlet_count":0,"master_deck":["AscendersBane","Strike_R","Strike_R","Strike_R","Strike_R","Defend_R","Defend_R","Defend_R","Defend_R","Bash","Pummel+1","Inflame+1","Flex+1","Shrug It Off","Feed","Spot Weakness+1","Twin Strike","Twin Strike","Inflame","Thunderclap+1"],"special_seed":0,"relics":["Burning Blood","PreservedInsect","Vajra","Nunchaku","Orichalcum","Regal Pillow","MawBank","Strawberry","Sling","Runic Cube","Smiling Mask","Calipers","Bottled Tornado","Torii"],"potions_floor_usage":[33],"damage_taken":[{"damage":6.0,"enemies":"Cultist","floor":1.0,"turns":4.0},{"damage":2.0,"enemies":"Small Slimes","floor":3.0,"turns":3.0},{"damage":30.0,"enemies":"Gremlin Nob","floor":6.0,"turns":4.0},{"damage":17.0,"enemies":"3 Sentries","floor":8.0,"turns":8.0},{"damage":14.0,"enemies":"Lagavulin","floor":11.0,"turns":5.0},{"damage":2.0,"enemies":"3 Sentries","floor":13.0,"turns":5.0},{"damage":45.0,"enemies":"Hexaghost","floor":16.0,"turns":9.0},{"damage":27.0,"enemies":"Spheric Guardian","floor":18.0,"turns":6.0},{"damage":2.0,"enemies":"Chosen","floor":20.0,"turns":4.0},{"damage":34.0,"enemies":"Gremlin Leader","floor":24.0,"turns":4.0},{"damage":4.0,"enemies":"Snecko","floor":25.0,"turns":3.0},{"damage":33.0,"enemies":"Snake Plant","floor":28.0,"turns":5.0},{"damage":36.0,"enemies":"Slavers","floor":29.0,"turns":3.0},{"damage":27.0,"enemies":"Gremlin Leader","floor":31.0,"turns":2.0},{"damage":69,"enemies":"Collector","floor":33,"turns":8}],"seed_played":"-19240952164673341","potions_obtained":[{"floor":1.0,"key":"Energy Potion"},{"floor":3.0,"key":"Ancient Potion"},{"floor":11.0,"key":"SkillPotion"},{"floor":16.0,"key":"BloodPotion"},{"floor":18.0,"key":"BloodPotion"},{"floor":21.0,"key":"SmokeBomb"},{"floor":31.0,"key":"Ancient Potion"}],"is_trial":false,"path_per_floor":["M","$","M","?","$","E","?","E","T","R","E","R","E","$","R","B",null,"M","?","M","?","$","R","E","M","T","R","M","E","R","E","R","B"],"character_chosen":"IRONCLAD","items_purchased":["Inflame","Flex","Sling"],"campfire_rested":3,"item_purchase_floors":[2,2,14],"current_hp_per_floor":[72,72,76,81,81,57,39,31,31,72,64,64,78,78,78,42,86,68,68,82,82,82,82,54,56,56,56,29,9,55,34,80,11],"gold":180,"neow_bonus":"RANDOM_COMMON_RELIC","is_prod":false,"is_daily":false,"chose_seed":false,"campfire_upgraded":4,"win_rate":0,"timestamp":1553353415,"path_taken":["M","?","M","?","$","E","?","E","T","R","E","R","E","$","R","BOSS","M","?","M","?","$","R","E","?","T","R","M","E","R","E","R","BOSS"],"build_version":"2019-01-23","purchased_purges":1,"victory":false,"max_hp_per_floor":[80,80,80,85,85,85,85,88,88,88,88,88,98,98,98,101,101,104,104,104,104,104,104,104,104,104,104,104,104,104,104,104,104],"card_choices":[{"not_picked":["Warcry","Rupture"],"picked":"Pummel","floor":1.0},{"not_picked":["Anger","Clothesline"],"picked":"Shrug It Off","floor":3.0},{"not_picked":["Shrug It Off","Clothesline"],"picked":"Feed","floor":6.0},{"not_picked":["Armaments","Thunderclap"],"picked":"Spot Weakness","floor":8.0},{"not_picked":["Searing Blow","Juggernaut"],"picked":"Twin Strike","floor":11.0},{"not_picked":["Heavy Blade","Shrug It Off","Flex"],"picked":"SKIP","floor":13.0},{"not_picked":["Flex","Clothesline","Dual Wield"],"picked":"SKIP","floor":18.0},{"not_picked":["Anger","True Grit"],"picked":"Twin Strike","floor":20.0},{"not_picked":["Dark Embrace","Shrug It Off","Hemokinesis"],"picked":"SKIP","floor":24.0},{"not_picked":["Rampage","True Grit+1"],"picked":"Inflame","floor":28.0},{"not_picked":["Blood for Blood","Sword Boomerang","Reckless Charge"],"picked":"SKIP","floor":29.0},{"not_picked":["Hemokinesis","Body Slam"],"picked":"Thunderclap+1","floor":31.0}],"player_experience":382171,"relics_obtained":[{"floor":6.0,"key":"Vajra"},{"floor":8.0,"key":"Orichalcum"},{"floor":9.0,"key":"Regal Pillow"},{"floor":11.0,"key":"MawBank"},{"floor":13.0,"key":"Strawberry"},{"floor":24.0,"key":"Smiling Mask"},{"floor":26.0,"key":"Calipers"},{"floor":29.0,"key":"Bottled Tornado"},{"floor":31.0,"key":"Torii"}],"event_choices":[{"damage_healed":0.0,"max_hp_gain":5.0,"max_hp_loss":0.0,"gold_gain":0.0,"event_name":"Big Fish","player_choice":"Donut","floor":4.0,"gold_loss":0.0,"damage_taken":0.0},{"damage_healed":0.0,"max_hp_gain":0.0,"max_hp_loss":0.0,"gold_gain":0.0,"event_name":"Scrap Ooze","player_choice":"Success","floor":7.0,"gold_loss":0.0,"damage_taken":18.0,"relics_obtained":["Nunchaku"]},{"damage_healed":0.0,"max_hp_gain":0.0,"max_hp_loss":0.0,"gold_gain":0.0,"event_name":"Ghosts","player_choice":"Ignored","floor":19.0,"gold_loss":0.0,"damage_taken":0.0},{"damage_healed":0.0,"max_hp_gain":0.0,"max_hp_loss":0.0,"gold_gain":0.0,"event_name":"Lab","player_choice":"Got Potions","floor":21.0,"gold_loss":0.0,"damage_taken":0.0}],"is_beta":false,"boss_relics":[{"not_picked":["Ectoplasm","Velvet Choker"],"picked":"Runic Cube"}],"items_purged_floors":[22],"is_endless":false,"potions_floor_spawned":[1,3,11,16,18,24,31],"killed_by":"Collector","ascension_level":11}