{"gold_per_floor":[119,119,133,133,133,133,195,206,230,247,15,15,45,57,57,158,158,143,155,80,94,94,129,30,49,49,49],"floor_reached":27,"playtime":1612,"items_purged":["Strike_B"],"score":293,"play_id":"4eb57622-018f-41d9-8516-1f094bda14fb","local_time":"20181204213503","is_ascension_mode":true,"campfire_choices":[{"data":"Reprogram","floor":6,"key":"SMITH"},{"data":"Cold Snap","floor":12,"key":"SMITH"},{"floor":15,"key":"REST"}],"neow_cost":"NONE","seed_source_timestamp":37839083432855,"circlet_count":0,"master_deck":["Strike_B","Strike_B","Strike_B","Defend_B","Defend_B","Defend_B+1","Zap+1","Dualcast+1","Reprogram+1","Cold Snap+1","Auto Shields+1","Finesse","Conserve Battery","Seek","Streamline","Ball Lightning+1","Leap","Ghostly","Ghostly","Ghostly","Ghostly","Ghostly","Ball Lightning","Lockon+1"],"relics":["Cracked Core","NeowsBlessing","Art of War","Shuriken","Anchor","Blood Vial","War Paint","Mummified Hand","Black Star","Oddly Smooth Stone","Bag of Preparation","Question Card"],"potions_floor_usage":[13,18,19],"damage_taken":[{"damage":0,"enemies":"Jaw Worm","floor":1,"turns":1},{"damage":0,"enemies":"2 Louse","floor":3,"turns":1},{"damage":0,"enemies":"Gremlin Nob","floor":7,"turns":1},{"damage":0,"enemies":"Small Slimes","floor":8,"turns":3},{"damage":2,"enemies":"Red Slaver","floor":10,"turns":3},{"damage":6,"enemies":"Gremlin Nob","floor":13,"turns":3},{"damage":8,"enemies":"Lots of Slimes","floor":14,"turns":4},{"damage":29,"enemies":"Hexaghost","floor":16,"turns":15},{"damage":0,"enemies":"2 Thieves","floor":18,"turns":4},{"damage":21,"enemies":"3 Byrds","floor":19,"turns":7},{"damage":39,"enemies":"Shelled Parasite and Fungi","floor":21,"turns":7},{"damage":21,"enemies":"Slavers","floor":23,"turns":8},{"damage":3,"enemies":"Snecko","floor":25,"turns":6},{"damage":15,"enemies":"Gremlin Leader","floor":27,"turns":8}],"seed_played":"4736172134702319037","potions_obtained":[{"floor":3,"key":"Block Potion"},{"floor":8,"key":"Dexterity Potion"},{"floor":10,"key":"Regen Potion"},{"floor":16,"key":"Block Potion"},{"floor":18,"key":"Dexterity Potion"},{"floor":23,"key":"EntropicBrew"}],"is_trial":false,"path_per_floor":["M","?","M","?","T","R","?","M","T","M","$","R","E","M","R","B",null,"M","M","?","M","?","E","$","M","T","E"],"character_chosen":"DEFECT","items_purchased":["War Paint","Finesse","Ball Lightning"],"campfire_rested":1,"item_purchase_floors":[11,11,24],"current_hp_per_floor":[75,60,60,35,35,35,35,35,35,35,35,35,31,25,47,20,75,75,68,68,31,31,12,12,11,11,0],"gold":49,"neow_bonus":"THREE_ENEMY_KILL","is_prod":false,"is_daily":false,"chose_seed":false,"campfire_upgraded":2,"win_rate":0,"timestamp":1543926903,"path_taken":["M","?","M","?","?","R","?","M","T","?","?","R","E","M","R","BOSS","M","M","?","M","?","E","$","M","T","E"],"build_version":"2018-11-15","purchased_purges":1,"victory":false,"max_hp_per_floor":[75,75,75,75,75,75,75,75,75,75,75,75,75,75,75,75,75,75,75,75,75,37,37,37,37,37,37],"card_choices":[{"not_picked":["Turbo","Streamline"],"picked":"Reprogram","floor":1},{"not_picked":["Reprogram","Scrape","Darkness"],"picked":"SKIP","floor":3},{"not_picked":["Streamline","Reprogram"],"picked":"Cold Snap","floor":8},{"not_picked":["Turbo","Redo"],"picked":"Auto Shields","floor":10},{"not_picked":["All For One","Fusion","Barrage"],"picked":"SKIP","floor":13},{"not_picked":["Stack","Lockon"],"picked":"Conserve Battery","floor":14},{"not_picked":["Core Surge","Meteor Strike"],"picked":"Seek","floor":16},{"not_picked":["Conserve Battery","Steam"],"picked":"Streamline","floor":18},{"not_picked":["Auto Shields+1","Chaos"],"picked":"Ball Lightning+1","floor":19},{"not_picked":["Rip and Tear+1","Reprogram+1"],"picked":"Leap","floor":21},{"not_picked":["Sweeping Beam","Go for the Eyes","Fission"],"picked":"SKIP","floor":23},{"not_picked":["Rebound+1","Recycle+1"],"picked":"Lockon+1","floor":25}],"player_experience":147139,"relics_obtained":[{"floor":5,"key":"Shuriken"},{"floor":7,"key":"Anchor"},{"floor":9,"key":"Blood Vial"},{"floor":13,"key":"Mummified Hand"},{"floor":23,"key":"Oddly Smooth Stone"},{"floor":23,"key":"Bag of Preparation"},{"floor":26,"key":"Question Card"}],"event_choices":[{"damage_healed":0,"gold_gain":0,"player_choice":"Entered Light","damage_taken":15,"max_hp_gain":0,"max_hp_loss":0,"event_name":"Shining Light","floor":2,"gold_loss":0,"cards_upgraded":["Dualcast","Zap"]},{"damage_healed":0,"gold_gain":0,"player_choice":"Success","damage_taken":25,"relics_obtained":["Art of War"],"max_hp_gain":0,"max_hp_loss":0,"event_name":"Scrap Ooze","floor":4,"gold_loss":0},{"damage_healed":0,"gold_gain":0,"player_choice":"Searched \u00271\u0027 times","damage_taken":0,"max_hp_gain":0,"max_hp_loss":0,"event_name":"Dead Adventurer","floor":7,"gold_loss":0},{"cards_removed":["Defend_B"],"damage_healed":0,"gold_gain":0,"player_choice":"Gave Gold","damage_taken":0,"max_hp_gain":0,"max_hp_loss":0,"event_name":"Beggar","floor":20,"gold_loss":75},{"damage_healed":0,"gold_gain":0,"player_choice":"Became a Ghost","damage_taken":0,"max_hp_gain":0,"max_hp_loss":38,"event_name":"Ghosts","floor":22,"gold_loss":0,"cards_obtained":["Ghostly","Ghostly","Ghostly","Ghostly","Ghostly"]}],"is_beta":false,"boss_relics":[{"not_picked":["Busted Crown","Philosopher\u0027s Stone"],"picked":"Black Star"}],"items_purged_floors":[24],"is_endless":false,"potions_floor_spawned":[3,8,10,16,18,23],"killed_by":"Gremlin Leader","ascension_level":3}