{"gold_per_floor":[114,114,114,114,125,150,169,169,192,227,46,101,101,101,101,225,225,246,346,76,97,111,151,151,170,170,170],"floor_reached":27,"playtime":1571,"items_purged":["Strike_B"],"score":315,"play_id":"ddb355e5-8c35-4a55-85d7-76a519a8736f","local_time":"20181205171310","is_ascension_mode":true,"campfire_choices":[{"data":"Sweeping Beam","floor":8,"key":"SMITH"},{"floor":15,"key":"REST"},{"floor":24,"key":"REST"}],"neow_cost":"NONE","seed_source_timestamp":1806106624477,"circlet_count":0,"master_deck":["Strike_B","Strike_B","Defend_B","Defend_B","Defend_B","Defend_B","Zap","Dualcast","Ball Lightning","Redo","Undo","Sweeping Beam+1","Doom and Gloom","Capacitor","Reinforced Body","Leap","Chaos","Creative AI","Storm","Storm","Heatsinks"],"relics":["Cracked Core","NeowsBlessing","Vajra","Bottled Flame","Ancient Tea Set","Matryoshka","Tiny Chest","Golden Idol","Centennial Puzzle","Bottled Lightning","Velvet Choker","DataDisk","Sundial","Lantern","Turnip"],"potions_floor_usage":[16,16,23,23],"damage_taken":[{"damage":0,"enemies":"2 Louse","floor":1,"turns":1},{"damage":0,"enemies":"Small Slimes","floor":5,"turns":1},{"damage":0,"enemies":"Gremlin Nob","floor":6,"turns":1},{"damage":2,"enemies":"Jaw Worm","floor":7,"turns":3},{"damage":17,"enemies":"Lagavulin","floor":10,"turns":6},{"damage":19,"enemies":"3 Sentries","floor":12,"turns":5},{"damage":8,"enemies":"Hexaghost","floor":16,"turns":9},{"damage":14,"enemies":"Spheric Guardian","floor":18,"turns":4},{"damage":0,"enemies":"Chosen","floor":21,"turns":4},{"damage":38,"enemies":"3 Cultists","floor":22,"turns":5},{"damage":15,"enemies":"Book of Stabbing","floor":23,"turns":7},{"damage":20,"enemies":"Shelled Parasite and Fungi","floor":25,"turns":6},{"damage":10,"enemies":"Cultist and Chosen","floor":27,"turns":3}],"seed_played":"-3645774072945091188","potions_obtained":[{"floor":5,"key":"SkillPotion"},{"floor":6,"key":"EssenceOfSteel"},{"floor":16,"key":"Weak Potion"},{"floor":22,"key":"Block Potion"},{"floor":23,"key":"SkillPotion"}],"is_trial":false,"path_per_floor":["M","?","?","?","M","E","M","R","T","E","$","E","?","T","R","B",null,"M","?","$","M","M","E","R","M","T","M"],"character_chosen":"DEFECT","items_purchased":["Capacitor","Reinforced Body","Leap","DataDisk","Storm"],"campfire_rested":2,"item_purchase_floors":[11,11,11,20,20],"current_hp_per_floor":[75,68,68,68,68,68,66,66,66,49,49,30,12,12,34,26,75,61,61,61,61,23,8,30,10,10,0],"gold":170,"neow_bonus":"THREE_ENEMY_KILL","is_prod":false,"is_daily":false,"chose_seed":false,"campfire_upgraded":1,"win_rate":0,"timestamp":1543997590,"path_taken":["M","?","?","?","M","E","M","R","T","E","$","E","?","?","R","BOSS","M","?","$","M","?","E","R","?","T","M"],"build_version":"2018-11-15","purchased_purges":1,"victory":false,"max_hp_per_floor":[75,75,75,75,75,75,75,75,75,75,75,75,75,75,75,75,75,75,75,75,75,75,75,75,75,75,75],"card_choices":[{"not_picked":["Hologram","Compile Driver"],"picked":"Ball Lightning","floor":1},{"not_picked":["Conserve Battery","Reboot"],"picked":"Undo","floor":5},{"not_picked":["Streamline","Darkness","Turbo"],"picked":"SKIP","floor":6},{"not_picked":["Skim","Cold Snap"],"picked":"Sweeping Beam","floor":7},{"not_picked":["Lockon","Hologram"],"picked":"Doom and Gloom","floor":10},{"not_picked":["Hologram","Streamline"],"picked":"Chaos","floor":12},{"not_picked":["Machine Learning","Fission"],"picked":"Creative AI","floor":16},{"not_picked":["Cold Snap","Hologram","Steam Power"],"picked":"SKIP","floor":18},{"not_picked":["Lockon+1","Auto Shields"],"picked":"Storm","floor":21},{"not_picked":["Redo+1","Auto Shields"],"picked":"Heatsinks","floor":22},{"not_picked":["Doom and Gloom","Coolheaded","Barrage"],"picked":"SKIP","floor":23},{"not_picked":["Genetic Algorithm+1","Redo+1","Streamline+1"],"picked":"SKIP","floor":25}],"player_experience":149466,"relics_obtained":[{"floor":6,"key":"Bottled Flame"},{"floor":9,"key":"Ancient Tea Set"},{"floor":10,"key":"Matryoshka"},{"floor":12,"key":"Tiny Chest"},{"floor":14,"key":"Centennial Puzzle"},{"floor":14,"key":"Bottled Lightning"},{"floor":23,"key":"Sundial"},{"floor":26,"key":"Lantern"},{"floor":26,"key":"Turnip"}],"event_choices":[{"damage_healed":0,"gold_gain":0,"player_choice":"Success","damage_taken":7,"relics_obtained":["Vajra"],"max_hp_gain":0,"max_hp_loss":0,"event_name":"Scrap Ooze","floor":2,"gold_loss":0},{"damage_healed":0,"gold_gain":0,"player_choice":"Ignored","damage_taken":0,"max_hp_gain":0,"max_hp_loss":0,"event_name":"Liars Game","floor":3,"gold_loss":0},{"damage_healed":0,"gold_gain":0,"cards_transformed":["Strike_B"],"player_choice":"Change","damage_taken":0,"max_hp_gain":0,"max_hp_loss":0,"event_name":"Living Wall","floor":4,"gold_loss":0,"cards_obtained":["Redo"]},{"damage_healed":0,"gold_gain":0,"player_choice":"Take Damage","damage_taken":18,"relics_obtained":["Golden Idol"],"max_hp_gain":0,"max_hp_loss":0,"event_name":"Golden Idol","floor":13,"gold_loss":0},{"damage_healed":0,"gold_gain":100,"player_choice":"Pray","damage_taken":0,"max_hp_gain":0,"max_hp_loss":0,"event_name":"Golden Shrine","floor":19,"gold_loss":0}],"is_beta":false,"boss_relics":[{"not_picked":["Runic Pyramid","Fusion Hammer"],"picked":"Velvet Choker"}],"items_purged_floors":[20],"is_endless":false,"potions_floor_spawned":[5,6,16,22,23],"killed_by":"Cultist and Chosen","ascension_level":3}