{"gold_per_floor":[111,129,143,143,143,168,168,187,244,259,278,353,353,151,151,252,252,265,180,279,294,313,331,331],"floor_reached":24,"playtime":1697,"items_purged":[],"score":290,"play_id":"91501f4f-6cc8-4c7e-b438-dca8464b82bd","local_time":"20190327163953","is_ascension_mode":true,"campfire_choices":[{"data":"Rainbow","floor":7.0,"key":"SMITH"},{"floor":13.0,"key":"REST"},{"data":"Ball Lightning","floor":15.0,"key":"SMITH"}],"neow_cost":"NONE","seed_source_timestamp":235766276596000,"circlet_count":0,"master_deck":["Strike_B","Strike_B","Strike_B","Defend_B","Defend_B","Defend_B","Defend_B","Zap","Dualcast","Rainbow+1","Conserve Battery","Conserve Battery","Ball Lightning+1","Streamline","Loop","Reinforced Body","BootSequence","Echo Form","Coolheaded","Sweeping Beam","Doom and Gloom","Capacitor+1"],"special_seed":0,"relics":["Cracked Core","Boot","Bottled Flame","Tiny Chest","TheAbacus","White Beast Statue","Mercury Hourglass"],"potions_floor_usage":[21,22,22],"damage_taken":[{"damage":4.0,"enemies":"Cultist","floor":1.0,"turns":5.0},{"damage":0.0,"enemies":"Small Slimes","floor":2.0,"turns":4.0},{"damage":0.0,"enemies":"2 Louse","floor":3.0,"turns":3.0},{"damage":17.0,"enemies":"3 Sentries","floor":6.0,"turns":7.0},{"damage":4.0,"enemies":"Blue Slaver","floor":8.0,"turns":5.0},{"damage":3.0,"enemies":"2 Fungi Beasts","floor":10.0,"turns":4.0},{"damage":10.0,"enemies":"Exordium Thugs","floor":11.0,"turns":5.0},{"damage":24.0,"enemies":"Slime Boss","floor":16.0,"turns":11.0},{"damage":13.0,"enemies":"2 Thieves","floor":18.0,"turns":4.0},{"damage":10,"enemies":"3 Byrds","floor":21,"turns":5},{"damage":14,"enemies":"Snake Plant","floor":22,"turns":5},{"damage":19,"enemies":"3 Cultists","floor":23,"turns":5},{"damage":37,"enemies":"Slavers","floor":24,"turns":2}],"seed_played":"8295648396493860951","potions_obtained":[{"floor":3.0,"key":"SpeedPotion"},{"floor":10.0,"key":"Strength Potion"},{"floor":11.0,"key":"Ancient Potion"},{"floor":16.0,"key":"Poison Potion"},{"floor":18.0,"key":"Fire Potion"},{"floor":21,"key":"Swift Potion"},{"floor":22,"key":"FairyPotion"},{"floor":23,"key":"FairyPotion"}],"is_trial":false,"path_per_floor":["M","M","M","T","?","E","R","M","T","M","M","?","R","$","R","B",null,"M","?","?","M","M","M","E"],"character_chosen":"DEFECT","items_purchased":["TheAbacus"],"campfire_rested":1,"item_purchase_floors":[14],"current_hp_per_floor":[64,64,64,64,64,47,47,43,43,40,30,19,41,41,41,17,61,48,48,48,38,24,5,0],"gold":331,"neow_bonus":"TRANSFORM_CARD","is_prod":false,"is_daily":false,"chose_seed":false,"campfire_upgraded":2,"win_rate":0,"timestamp":1553701193,"path_taken":["M","M","?","?","?","E","R","M","T","M","M","?","R","$","R","BOSS","M","?","?","M","M","M","E"],"build_version":"2019-01-23","purchased_purges":0,"victory":false,"max_hp_per_floor":[75,75,75,75,75,75,75,75,75,75,75,75,75,75,75,75,75,75,75,75,75,75,75,75],"card_choices":[{"not_picked":["Beam Cell","Cold Snap"],"picked":"Conserve Battery","floor":1.0},{"not_picked":["White Noise","Reprogram"],"picked":"Conserve Battery","floor":2.0},{"not_picked":["Hologram","Consume"],"picked":"Ball Lightning","floor":3.0},{"not_picked":["Auto Shields","All For One"],"picked":"Streamline","floor":6.0},{"not_picked":["Lockon","Ball Lightning"],"picked":"Loop","floor":8.0},{"not_picked":["Hello World","Gash"],"picked":"Reinforced Body","floor":10.0},{"not_picked":["Redo","Steam"],"picked":"BootSequence","floor":11.0},{"not_picked":["Amplify","Buffer"],"picked":"Echo Form","floor":16.0},{"not_picked":["Gash+1","Go for the Eyes"],"picked":"Coolheaded","floor":18.0},{"not_picked":["Redo","Darkness"],"picked":"Sweeping Beam","floor":21},{"not_picked":["Reboot","Rip and Tear"],"picked":"Doom and Gloom","floor":22},{"not_picked":["Go for the Eyes","Heatsinks"],"picked":"Capacitor+1","floor":23}],"player_experience":606722,"relics_obtained":[{"floor":4.0,"key":"Boot"},{"floor":6.0,"key":"Bottled Flame"},{"floor":9.0,"key":"Tiny Chest"}],"event_choices":[{"damage_healed":0.0,"max_hp_gain":0.0,"max_hp_loss":0.0,"gold_gain":0.0,"event_name":"Golden Wing","player_choice":"Ignored","floor":5.0,"gold_loss":0.0,"damage_taken":0.0},{"damage_healed":0.0,"max_hp_gain":0.0,"max_hp_loss":0.0,"gold_gain":75.0,"event_name":"World of Goop","player_choice":"Gather Gold","floor":12.0,"gold_loss":0.0,"damage_taken":11.0},{"damage_healed":0.0,"max_hp_gain":0.0,"max_hp_loss":0.0,"gold_gain":0.0,"event_name":"Addict","player_choice":"Obtained Relic","floor":19.0,"gold_loss":85.0,"damage_taken":0.0,"relics_obtained":["Mercury Hourglass"]},{"damage_healed":0.0,"max_hp_gain":0.0,"max_hp_loss":0.0,"gold_gain":99.0,"event_name":"Nest","player_choice":"Stole From Cult","floor":20.0,"gold_loss":0.0,"damage_taken":0.0}],"is_beta":false,"boss_relics":[{"not_picked":["Runic Pyramid","Tiny House"],"picked":"White Beast Statue"}],"items_purged_floors":[],"is_endless":false,"potions_floor_spawned":[3,10,11,16,18,21,22,23],"killed_by":"Slavers","ascension_level":9}