{"gold_per_floor":[117,132,132,132,132,132,166,185,185,200,200,216,181,104,104,104],"floor_reached":16,"playtime":840,"items_purged":[],"score":100,"play_id":"19bb6f27-4937-4477-a459-4e3ae783b90b","local_time":"20190306024015","is_ascension_mode":false,"campfire_choices":[{"floor":6,"key":"REST"},{"floor":11,"key":"REST"},{"data":"Tactician","floor":15,"key":"SMITH"}],"neow_cost":"NONE","seed_source_timestamp":485360620695801,"circlet_count":0,"master_deck":["Defend_G","Defend_G","Defend_G","Defend_G","Defend_G","Strike_G","Strike_G","Strike_G","Strike_G","Strike_G","Survivor","Neutralize","Dagger Throw","Underhanded Strike","Dagger Throw","Tactician+1","All Out Attack","Outmaneuver+1","Underhanded Strike","All Out Attack"],"relics":["Ring of the Snake","Golden Idol","Question Card","Orichalcum","Toxic Egg 2"],"potions_floor_usage":[10],"damage_taken":[{"damage":0,"enemies":"Jaw Worm","floor":1,"turns":3},{"damage":0,"enemies":"Small Slimes","floor":2,"turns":2},{"damage":13,"enemies":"3 Sentries","floor":7,"turns":8},{"damage":0,"enemies":"Cultist","floor":8,"turns":3},{"damage":0,"enemies":"3 Louse","floor":10,"turns":3},{"damage":5,"enemies":"Blue Slaver","floor":12,"turns":3},{"damage":60,"enemies":"Hexaghost","floor":16,"turns":10}],"seed_played":"-6794433737924950098","potions_obtained":[{"floor":2,"key":"EssenceOfSteel"},{"floor":10,"key":"Block Potion"}],"is_trial":false,"path_per_floor":["M","M","$","?","?","R","E","M","T","M","R","M","?","$","R","B"],"character_chosen":"THE_SILENT","items_purchased":["All Out Attack"],"campfire_rested":2,"item_purchase_floors":[14],"current_hp_per_floor":[70,70,70,53,41,62,49,49,49,49,70,65,70,70,70,10],"gold":104,"neow_bonus":"THREE_CARDS","is_prod":false,"is_daily":false,"chose_seed":false,"campfire_upgraded":1,"win_rate":0.0,"timestamp":1551836415,"path_taken":["M","M","$","?","?","R","E","M","T","M","R","M","?","$","R","BOSS"],"build_version":"2019-01-23","purchased_purges":0,"victory":false,"max_hp_per_floor":[70,70,70,70,70,70,70,70,70,70,70,70,70,70,70,70],"card_choices":[{"not_picked":["Flying Knee","Slice"],"picked":"Dagger Throw","floor":0},{"not_picked":["Quick Slash","Blade Dance"],"picked":"Underhanded Strike","floor":1},{"not_picked":["Dagger Spray","Quick Slash"],"picked":"Dagger Throw","floor":2},{"not_picked":["Backstab","Acrobatics","Skewer"],"picked":"Tactician","floor":7},{"not_picked":["Endless Agony","Catalyst","Infinite Blades"],"picked":"All Out Attack","floor":8},{"not_picked":["Backflip+1","Dodge and Roll+1","Choke"],"picked":"Outmaneuver+1","floor":10},{"not_picked":["Quick Slash","Skewer","Venomology+1"],"picked":"Underhanded Strike","floor":12}],"player_experience":287608,"relics_obtained":[{"floor":7,"key":"Orichalcum"},{"floor":9,"key":"Toxic Egg 2"}],"event_choices":[{"damage_healed":0,"gold_gain":0,"player_choice":"Take Damage","damage_taken":17,"relics_obtained":["Golden Idol"],"max_hp_gain":0,"max_hp_loss":0,"event_name":"Golden Idol","floor":4,"gold_loss":0},{"damage_healed":0,"gold_gain":0,"player_choice":"Success","damage_taken":12,"relics_obtained":["Question Card"],"max_hp_gain":0,"max_hp_loss":0,"event_name":"Scrap Ooze","floor":5,"gold_loss":0},{"damage_healed":17,"gold_gain":0,"player_choice":"Healed","damage_taken":0,"max_hp_gain":0,"max_hp_loss":0,"event_name":"The Cleric","floor":13,"gold_loss":35}],"is_beta":false,"boss_relics":[],"items_purged_floors":[],"is_endless":false,"potions_floor_spawned":[2,10],"killed_by":"Hexaghost","ascension_level":0}