{"gold_per_floor":[118,131,147,147,164,164,198,181,205,54,54,79,79,96,96,191,191,204,223,25,55,65,100,100,116,139,139,139,139,168,168,168,272,272,283,296,2,20,32,32,47,47,72,121,121,121,46,61,61,61],"floor_reached":51,"playtime":2733,"items_purged":["Strike_G","Shame"],"score":832,"play_id":"fad8c65a-b4cc-4e80-bf14-5a3871f0ee66","local_time":"20190307173920","is_ascension_mode":true,"campfire_choices":[{"data":"Infinite Blades","floor":6,"key":"SMITH"},{"data":"Adrenaline","floor":13,"key":"SMITH"},{"data":"Infinite Blades","floor":15,"key":"SMITH"},{"data":"A Thousand Cuts","floor":24,"key":"SMITH"},{"floor":27,"key":"REST"},{"data":"Adrenaline","floor":29,"key":"SMITH"},{"floor":32,"key":"REST"},{"data":"Blade Dance","floor":40,"key":"SMITH"},{"data":"Blade Dance","floor":42,"key":"SMITH"},{"data":"Burst","floor":46,"key":"SMITH"},{"data":"Blade Dance","floor":49,"key":"SMITH"}],"neow_cost":"NONE","seed_source_timestamp":19040606169820,"circlet_count":0,"master_deck":["Survivor","Neutralize","Infinite Blades+1","Footwork","Deadly Poison","Infinite Blades+1","Deadly Poison","Adrenaline+1","Footwork","Adrenaline+1","Night Terror","Blur","Crippling Poison","A Thousand Cuts+1","Caltrops","Predator","Endless Agony","Acrobatics","Blade Dance+1","Blade Dance+1","Deadly Poison","Blade Dance+1","Burst+1","Deflect","Blade Dance+1","Endless Agony","Terror","Tools of the Trade","Shame","Parasite","Doubt","Noxious Fumes","Cloak And Dagger+1"],"relics":["Ring of the Snake","FaceOfCleric","Sundial","Bag of Marbles","Bag of Preparation","Pandora\u0027s Box","Vajra","Tiny Chest","Unceasing Top","Juzu Bracelet","Letter Opener","Thread and Needle","Darkstone Periapt","Cursed Key","Oddly Smooth Stone","Happy Flower","Mercury Hourglass"],"potions_floor_usage":[7,12,16,16,22,39,41,41,48],"damage_taken":[{"damage":1,"enemies":"Cultist","floor":1,"turns":4},{"damage":2,"enemies":"2 Louse","floor":2,"turns":4},{"damage":6,"enemies":"Jaw Worm","floor":3,"turns":8},{"damage":0,"enemies":"Blue Slaver","floor":5,"turns":5},{"damage":13,"enemies":"3 Sentries","floor":7,"turns":10},{"damage":4,"enemies":"Exordium Thugs","floor":8,"turns":5},{"damage":1,"enemies":"Lagavulin","floor":12,"turns":6},{"damage":1,"enemies":"Exordium Wildlife","floor":14,"turns":3},{"damage":44,"enemies":"Slime Boss","floor":16,"turns":15},{"damage":10,"enemies":"Shell Parasite","floor":18,"turns":5},{"damage":9,"enemies":"Spheric Guardian","floor":19,"turns":5},{"damage":22,"enemies":"Shelled Parasite and Fungi","floor":22,"turns":6},{"damage":0,"enemies":"Gremlin Leader","floor":23,"turns":6},{"damage":7,"enemies":"Chosen and Byrds","floor":25,"turns":5},{"damage":14,"enemies":"Slavers","floor":30,"turns":3},{"damage":53,"enemies":"Automaton","floor":33,"turns":9},{"damage":1,"enemies":"3 Darklings","floor":35,"turns":3},{"damage":0,"enemies":"Orb Walker","floor":36,"turns":2},{"damage":6,"enemies":"3 Darklings","floor":38,"turns":3},{"damage":11,"enemies":"Spire Growth","floor":39,"turns":3},{"damage":20,"enemies":"Jaw Worm Horde","floor":41,"turns":3},{"damage":0,"enemies":"Transient","floor":48,"turns":5},{"damage":59,"enemies":"Donu and Deca","floor":50,"turns":6}],"seed_played":"-3980917547121809906","potions_obtained":[{"floor":3,"key":"Block Potion"},{"floor":7,"key":"SteroidPotion"},{"floor":8,"key":"Dexterity Potion"},{"floor":12,"key":"EssenceOfSteel"},{"floor":18,"key":"EssenceOfSteel"},{"floor":30,"key":"Strength Potion"},{"floor":33,"key":"EssenceOfSteel"},{"floor":36,"key":"Regen Potion"},{"floor":41,"key":"Energy Potion"}],"is_trial":false,"path_per_floor":["M","M","M","?","M","R","E","M","T","$","?","E","R","M","R","B",null,"M","M","$","?","M","E","R","M","T","R","T","R","E","T","R","B",null,"M","M","$","M","M","R","M","R","T","T","T","R","$","M","R","B",null],"character_chosen":"THE_SILENT","items_purchased":["Footwork","Blade Dance","Vajra","Blade Dance","Endless Agony","Terror","Noxious Fumes"],"campfire_rested":2,"item_purchase_floors":[10,20,20,37,37,37,47],"current_hp_per_floor":[69,67,61,61,62,62,50,47,47,47,47,47,47,47,47,4,76,67,59,59,59,38,39,39,33,33,57,57,57,44,44,68,16,83,83,84,84,79,78,78,59,59,65,71,77,77,77,78,78,20],"gold":61,"neow_bonus":"THREE_CARDS","is_prod":false,"is_daily":false,"chose_seed":false,"campfire_upgraded":9,"win_rate":0,"timestamp":1551951560,"path_taken":["M","M","M","?","?","R","E","M","T","$","?","E","R","?","R","BOSS","M","M","$","?","M","E","R","M","T","R","?","R","E","?","R","BOSS","M","M","$","M","M","R","M","R","T","?","?","R","$","M","R","BOSS"],"build_version":"2019-01-23","purchased_purges":2,"victory":true,"max_hp_per_floor":[70,70,70,70,71,71,72,73,73,73,73,74,74,75,75,76,76,77,78,78,78,79,80,80,81,81,81,81,81,82,82,82,83,83,84,85,85,86,87,87,88,88,94,100,106,106,106,107,107,108],"card_choices":[{"not_picked":["Slice","Noxious Fumes"],"picked":"Infinite Blades","floor":0},{"not_picked":["Quick Slash","Concentrate"],"picked":"Footwork","floor":1},{"not_picked":["Backflip","Reflex","Eviscerate"],"picked":"SKIP","floor":2},{"not_picked":["Leg Sweep","PiercingWail"],"picked":"Deadly Poison","floor":3},{"not_picked":["Slice","Flying Knee"],"picked":"Infinite Blades","floor":5},{"not_picked":["Endless Agony","Dodge and Roll"],"picked":"Deadly Poison","floor":7},{"not_picked":["Flechettes","PiercingWail"],"picked":"Adrenaline","floor":8},{"not_picked":["Dash","Well Laid Plans","Tactician"],"picked":"SKIP","floor":12},{"not_picked":["Backflip","Prepared","Acrobatics"],"picked":"SKIP","floor":14},{"not_picked":["Bullet Time","Night Terror"],"picked":"Adrenaline","floor":16},{"not_picked":["Setup","Leg Sweep"],"picked":"Blade Dance+1","floor":18},{"not_picked":["Backstab","All Out Attack","PiercingWail"],"picked":"SKIP","floor":19},{"not_picked":["Predator","Acrobatics"],"picked":"Deadly Poison","floor":22},{"not_picked":["Poisoned Stab+1","Quick Slash","Predator"],"picked":"SKIP","floor":23},{"not_picked":["Bane","Outmaneuver+1","Grand Finale"],"picked":"SKIP","floor":25},{"not_picked":["Dodge and Roll","Acrobatics"],"picked":"Blade Dance","floor":30},{"not_picked":["Phantasmal Killer","Venomology"],"picked":"Burst","floor":33},{"not_picked":["Setup+1","Dagger Throw","Acrobatics+1"],"picked":"SKIP","floor":35},{"not_picked":["Sucker Punch","Dagger Spray+1","Deflect"],"picked":"SKIP","floor":36},{"not_picked":["Sucker Punch","Dagger Spray+1"],"picked":"Deflect","floor":36},{"not_picked":["Heel Hook+1","Dagger Spray+1"],"picked":"Tools of the Trade","floor":38},{"not_picked":["Underhanded Strike","Acrobatics","Setup"],"picked":"SKIP","floor":39},{"not_picked":["Deadly Poison","Dagger Throw+1","Prepared"],"picked":"SKIP","floor":41},{"not_picked":["Flying Knee","Distraction"],"picked":"Cloak And Dagger+1","floor":48}],"player_experience":250532,"relics_obtained":[{"floor":7,"key":"Sundial"},{"floor":9,"key":"Bag of Marbles"},{"floor":12,"key":"Bag of Preparation"},{"floor":23,"key":"Unceasing Top"},{"floor":26,"key":"Juzu Bracelet"},{"floor":28,"key":"Letter Opener"},{"floor":30,"key":"Thread and Needle"},{"floor":31,"key":"Darkstone Periapt"},{"floor":43,"key":"Oddly Smooth Stone"},{"floor":44,"key":"Happy Flower"},{"floor":45,"key":"Mercury Hourglass"}],"event_choices":[{"damage_healed":0,"gold_gain":0,"player_choice":"Trade","damage_taken":0,"relics_obtained":["FaceOfCleric"],"max_hp_gain":0,"max_hp_loss":0,"event_name":"FaceTrader","floor":4,"gold_loss":0},{"cards_removed":["Defend_G"],"damage_healed":0,"gold_gain":0,"player_choice":"Purged","damage_taken":0,"max_hp_gain":0,"max_hp_loss":0,"event_name":"Purifier","floor":11,"gold_loss":0},{"damage_healed":0,"gold_gain":0,"player_choice":"Stole Relic","damage_taken":0,"relics_obtained":["Tiny Chest"],"max_hp_gain":0,"max_hp_loss":0,"event_name":"Addict","floor":21,"gold_loss":0,"cards_obtained":["Shame"]}],"is_beta":false,"boss_relics":[{"not_picked":["Calling Bell","Snecko Eye"],"picked":"Pandora\u0027s Box"},{"not_picked":["Philosopher\u0027s Stone","Eternal Feather"],"picked":"Cursed Key"}],"items_purged_floors":[10,37],"is_endless":false,"potions_floor_spawned":[3,7,8,12,18,30,33,36,41],"ascension_level":1}