{"gold_per_floor":[115,37,47,58,70,70,70,70,93,59,75,93,106,117,117,219,219,234,245,265,14,14,14,39,39],"floor_reached":25,"playtime":1001,"items_purged":[],"score":217,"play_id":"15cdb740-a862-4608-a159-00a657e167f8","local_time":"20190308174724","is_ascension_mode":false,"campfire_choices":[{"data":"Perfected Strike","floor":6.0,"key":"SMITH"},{"data":"Metallicize","floor":8.0,"key":"SMITH"},{"data":"Armaments","floor":15.0,"key":"SMITH"},{"floor":23.0,"key":"REST"}],"neow_cost":"NONE","seed_source_timestamp":15649278079518,"circlet_count":0,"master_deck":["Strike_R","Strike_R","Strike_R","Strike_R","Strike_R","Defend_R","Defend_R","Defend_R","Defend_R","Bash+1","Iron Wave","Metallicize+1","Perfected Strike+1","Twin Strike","Battle Trance","Spot Weakness","Armaments+1","Iron Wave","Seeing Red","Fire Breathing","Demon Form","Clash","Fire Breathing+1","Limit Break","Enlightenment","Twin Strike+1"],"special_seed":0,"relics":["Burning Blood","Orichalcum"],"potions_floor_usage":[],"damage_taken":[{"damage":6.0,"enemies":"Small Slimes","floor":1.0,"turns":5.0},{"damage":1.0,"enemies":"Cultist","floor":3.0,"turns":3.0},{"damage":0.0,"enemies":"2 Louse","floor":4.0,"turns":3.0},{"damage":0.0,"enemies":"Large Slime","floor":5.0,"turns":4.0},{"damage":3.0,"enemies":"Blue Slaver","floor":11.0,"turns":3.0},{"damage":7.0,"enemies":"Lots of Slimes","floor":12.0,"turns":5.0},{"damage":0.0,"enemies":"Red Slaver","floor":13.0,"turns":3.0},{"damage":0.0,"enemies":"3 Louse","floor":14.0,"turns":4.0},{"damage":43.0,"enemies":"Hexaghost","floor":16.0,"turns":8.0},{"damage":28.0,"enemies":"Spheric Guardian","floor":18.0,"turns":6.0},{"damage":12.0,"enemies":"Chosen","floor":19.0,"turns":5.0},{"damage":14.0,"enemies":"Centurion and Healer","floor":20.0,"turns":6.0},{"damage":67.0,"enemies":"Book of Stabbing","floor":24.0,"turns":7.0},{"damage":30,"enemies":"Snake Plant","floor":25,"turns":3}],"seed_played":"-667145591086306422","potions_obtained":[{"floor":3.0,"key":"Weak Potion"},{"floor":4.0,"key":"Regen Potion"},{"floor":7.0,"key":"FairyPotion"},{"floor":12.0,"key":"Block Potion"},{"floor":18.0,"key":"Explosive Potion"},{"floor":20.0,"key":"Regen Potion"}],"is_trial":false,"path_per_floor":["M","$","M","M","M","R","?","R","T","$","M","M","M","M","R","B",null,"M","M","M","$","?","R","E","M"],"character_chosen":"IRONCLAD","items_purchased":["Metallicize","Spot Weakness","Limit Break","Enlightenment"],"campfire_rested":1,"item_purchase_floors":[2,10,21,21],"current_hp_per_floor":[80,80,80,80,80,80,80,80,80,80,80,79,80,80,80,43,80,58,52,44,44,35,59,13,0],"gold":39,"neow_bonus":"UPGRADE_CARD","is_prod":false,"is_daily":false,"chose_seed":false,"campfire_upgraded":3,"win_rate":0,"timestamp":1552038444,"path_taken":["M","$","M","M","M","R","?","R","T","$","M","M","M","M","R","BOSS","M","M","M","$","?","R","E","M"],"build_version":"2019-01-23","purchased_purges":0,"victory":false,"max_hp_per_floor":[80,80,80,80,80,80,80,80,80,80,80,80,80,80,80,80,80,80,80,80,80,80,80,80,80],"card_choices":[{"not_picked":["Intimidate","Dual Wield"],"picked":"Iron Wave","floor":1.0},{"not_picked":["Clothesline","Flex"],"picked":"Perfected Strike","floor":3.0},{"not_picked":["Second Wind","Cleave"],"picked":"Twin Strike","floor":4.0},{"not_picked":["Havoc","Shockwave"],"picked":"Battle Trance","floor":5.0},{"not_picked":["Headbutt","Carnage"],"picked":"Armaments","floor":11.0},{"not_picked":["Clothesline","Searing Blow"],"picked":"Iron Wave","floor":12.0},{"not_picked":["True Grit","Sever Soul"],"picked":"Seeing Red","floor":13.0},{"not_picked":["Flex","Power Through"],"picked":"Fire Breathing","floor":14.0},{"not_picked":["Reaper","Impervious"],"picked":"Demon Form","floor":16.0},{"not_picked":["Wild Strike","Headbutt"],"picked":"Clash","floor":18.0},{"not_picked":["Bloodletting","Entrench","Pummel"],"picked":"SKIP","floor":19.0},{"not_picked":["Twin Strike","Warcry"],"picked":"Fire Breathing+1","floor":20.0},{"not_picked":["Warcry+1","Body Slam"],"picked":"Twin Strike+1","floor":24.0}],"player_experience":261909,"relics_obtained":[{"floor":24.0,"key":"Orichalcum"}],"event_choices":[{"damage_healed":0.0,"max_hp_gain":0.0,"max_hp_loss":0.0,"gold_gain":0.0,"event_name":"Lab","player_choice":"Got Potions","floor":7.0,"gold_loss":0.0,"damage_taken":0.0},{"damage_healed":0.0,"max_hp_gain":0.0,"max_hp_loss":0.0,"gold_gain":0.0,"event_name":"Cursed Tome","player_choice":"Stopped","floor":22.0,"gold_loss":0.0,"damage_taken":9.0}],"is_beta":false,"boss_relics":[{"not_picked":["Sozu","Lizard Tail","Empty Cage"]}],"items_purged_floors":[],"is_endless":false,"potions_floor_spawned":[3,4,12,16,18,19,20],"killed_by":"Snake Plant","ascension_level":0}