{"gold_per_floor":[209,209,220,70,83,83,95,115,139,156,171,71,146,21,21,123,123,143,143,143,155,175,175,194,44,44,62,72,92,92,104,104,104],"floor_reached":33,"playtime":951,"items_purged":["Strike_R","Strike_R","Defend_R","Defend_R"],"score":245,"play_id":"4b42e397-fcea-4625-be0e-73bd985f042b","local_time":"20181002203606","is_ascension_mode":false,"campfire_choices":[{"data":"Bash","floor":6,"key":"SMITH"},{"floor":15,"key":"REST"},{"floor":23,"key":"REST"},{"floor":32,"key":"REST"}],"neow_cost":"NONE","seed_source_timestamp":13036871720332,"circlet_count":0,"master_deck":["Strike_R","Strike_R","Strike_R","Defend_R","Defend_R","Bash+1","Pommel Strike","Dropkick","Dropkick","Shrug It Off","Seeing Red"],"relics":["Burning Blood","Bronze Scales","Black Star","Toxic Egg 2"],"potions_floor_usage":[10,21,22,27,31,33],"damage_taken":[{"damage":8,"enemies":"2 Louse","floor":1,"turns":2},{"damage":2,"enemies":"Small Slimes","floor":3,"turns":4},{"damage":9,"enemies":"Jaw Worm","floor":5,"turns":4},{"damage":3,"enemies":"2 Fungi Beasts","floor":7,"turns":3},{"damage":15,"enemies":"Red Slaver","floor":8,"turns":4},{"damage":12,"enemies":"Exordium Wildlife","floor":10,"turns":3},{"damage":10,"enemies":"Looter","floor":11,"turns":2},{"damage":60,"enemies":"The Guardian","floor":16,"turns":8},{"damage":4,"enemies":"3 Byrds","floor":18,"turns":3},{"damage":19,"enemies":"Spheric Guardian","floor":21,"turns":4},{"damage":26,"enemies":"3 Cultists","floor":22,"turns":5},{"damage":17,"enemies":"Chosen and Byrds","floor":24,"turns":3},{"damage":8,"enemies":"Snecko","floor":27,"turns":4},{"damage":13,"enemies":"Centurion and Healer","floor":28,"turns":6},{"damage":7,"enemies":"Chosen and Byrds","floor":29,"turns":4},{"damage":21,"enemies":"Snecko","floor":31,"turns":5},{"damage":78,"enemies":"Collector","floor":33,"turns":5}],"seed_played":"-1159495999926761746","potions_obtained":[{"floor":3,"key":"PowerPotion"},{"floor":10,"key":"SpeedPotion"},{"floor":16,"key":"Fire Potion"},{"floor":18,"key":"SpeedPotion"},{"floor":21,"key":"Energy Potion"},{"floor":22,"key":"SkillPotion"}],"is_trial":false,"path_per_floor":["M","?","M","$","M","R","M","M","T","M","M","$","?","$","R","B",null,"M","?","$","M","M","R","M","$","T","M","M","M","$","M","R"],"character_chosen":"IRONCLAD","items_purchased":["Dropkick"],"campfire_rested":3,"item_purchase_floors":[4],"current_hp_per_floor":[78,78,80,80,77,77,80,71,71,65,61,61,50,50,74,20,80,80,80,80,67,47,71,60,60,60,58,51,50,50,35,59,0],"gold":104,"neow_bonus":"HUNDRED_GOLD","is_prod":false,"is_daily":false,"chose_seed":false,"campfire_upgraded":1,"win_rate":0,"timestamp":1538505366,"path_taken":["M","?","M","$","M","R","M","M","T","M","M","$","?","?","R","BOSS","M","?","?","M","M","R","M","$","T","M","M","M","$","?","R","BOSS"],"build_version":"2018-09-27","purchased_purges":4,"victory":false,"max_hp_per_floor":[80,80,80,80,80,80,80,80,80,80,80,80,80,80,80,80,80,80,80,80,80,80,80,80,80,80,80,80,80,80,80,80,80],"card_choices":[{"not_picked":["Iron Wave","Cleave"],"picked":"Pommel Strike","floor":1},{"not_picked":["Warcry","Heavy Blade"],"picked":"Dropkick","floor":3},{"not_picked":["Warcry","Dark Embrace","Havoc"],"picked":"SKIP","floor":5},{"not_picked":["Flex","Sword Boomerang","Cleave"],"picked":"SKIP","floor":7},{"not_picked":["Shockwave","Corruption"],"picked":"Shrug It Off","floor":8},{"not_picked":["Pommel Strike","Metallicize","Flame Barrier"],"picked":"SKIP","floor":10},{"not_picked":["Perfected Strike","Immolate","Headbutt"],"picked":"SKIP","floor":11},{"not_picked":["Heavy Blade","Pommel Strike","Sword Boomerang"],"picked":"SKIP","floor":18},{"not_picked":["Pommel Strike+1","Cleave","Heavy Blade"],"picked":"SKIP","floor":21},{"not_picked":["Infernal Blade","Intimidate","Headbutt"],"picked":"SKIP","floor":22},{"not_picked":["Shockwave","Heavy Blade","Pommel Strike"],"picked":"SKIP","floor":24},{"not_picked":["Flex+1","Sword Boomerang+1","Corruption+1"],"picked":"SKIP","floor":27},{"not_picked":["Metallicize","Twin Strike","Iron Wave"],"picked":"SKIP","floor":28},{"not_picked":["Hemokinesis","Headbutt+1","Bludgeon"],"picked":"SKIP","floor":29},{"not_picked":["Evolve+1","Clash","Hemokinesis"],"picked":"SKIP","floor":31}],"player_experience":210276,"relics_obtained":[{"floor":9,"key":"Bronze Scales"},{"floor":26,"key":"Toxic Egg 2"}],"event_choices":[{"event_name":"Golden Wing","player_choice":"Ignored","floor":2,"damage_taken":0},{"event_name":"World of Goop","player_choice":"Gather Gold","floor":13,"damage_taken":0},{"event_name":"The Library","player_choice":"Read","floor":19,"damage_taken":0}],"is_beta":false,"boss_relics":[{"not_picked":["Velvet Choker","Calling Bell"],"picked":"Black Star"}],"items_purged_floors":[4,12,14,25],"is_endless":false,"potions_floor_spawned":[3,10,16,18,21,22],"killed_by":"Collector","ascension_level":0}