{"gold_per_floor":[217,217,1,13,24,59,59,77,102,102,113,113,143,154,154,255,255,271,69,82,82,97,97,97,110,137,155,155,120,132,150,150,150],"floor_reached":33,"playtime":1300,"items_purged":["Pain"],"score":364,"play_id":"24b7125b-cb13-4ae5-a422-355070ebc902","local_time":"20190309152734","is_ascension_mode":true,"campfire_choices":[{"data":"Cleave","floor":7,"key":"SMITH"},{"data":"Thunderclap","floor":10,"key":"SMITH"},{"data":"Transmutation","floor":12,"key":"SMITH"},{"data":"Infernal Blade","floor":15,"key":"SMITH"},{"floor":23,"key":"REST"},{"floor":28,"key":"REST"},{"floor":32,"key":"REST"}],"neow_cost":"NONE","seed_source_timestamp":11612911867338,"circlet_count":0,"master_deck":["Strike_R","Strike_R","Strike_R","Strike_R","Defend_R","Defend_R","Defend_R","Defend_R","Bash","Iron Wave","Transmutation+1","Cleave+1","Flame Barrier","Flame Barrier","Thunderclap+1","Infernal Blade+1","Infernal Blade","Infernal Blade","Feed","Cleave","Cleave","Fire Breathing","Thunderclap+1","Seeing Red","Seeing Red"],"special_seed":0,"relics":["Burning Blood","Ancient Tea Set","Vajra","Omamori","Calling Bell","Happy Flower","Singing Bowl","Bird Faced Urn","Nilry\u0027s Codex","PreservedInsect"],"potions_floor_usage":[11,13,22,27,27,33,33,33],"damage_taken":[{"damage":1.0,"enemies":"Small Slimes","floor":1.0,"turns":4.0},{"damage":7.0,"enemies":"2 Louse","floor":4.0,"turns":2.0},{"damage":0.0,"enemies":"Cultist","floor":5.0,"turns":4.0},{"damage":50,"enemies":"3 Sentries","floor":6,"turns":10},{"damage":0,"enemies":"Lots of Slimes","floor":8,"turns":1},{"damage":1,"enemies":"3 Louse","floor":11,"turns":1},{"damage":8,"enemies":"Lagavulin","floor":13,"turns":4},{"damage":4,"enemies":"Blue Slaver","floor":14,"turns":5},{"damage":28,"enemies":"Slime Boss","floor":16,"turns":6},{"damage":25,"enemies":"Spheric Guardian","floor":18,"turns":4},{"damage":22,"enemies":"2 Thieves","floor":20,"turns":3},{"damage":3,"enemies":"3 Cultists","floor":22,"turns":2},{"damage":30,"enemies":"Centurion and Healer","floor":25,"turns":4},{"damage":6,"enemies":"Snecko","floor":27,"turns":6},{"damage":14,"enemies":"3 Cultists","floor":30,"turns":5},{"damage":37,"enemies":"Centurion and Healer","floor":31,"turns":6},{"damage":88,"enemies":"Automaton","floor":33,"turns":6}],"seed_played":"7152456470317616134","potions_obtained":[{"floor":6,"key":"Weak Potion"},{"floor":8,"key":"PowerPotion"},{"floor":13,"key":"SpeedPotion"},{"floor":14,"key":"SteroidPotion"},{"floor":16,"key":"Strength Potion"},{"floor":22,"key":"EssenceOfSteel"},{"floor":30,"key":"Poison Potion"},{"floor":31,"key":"Ancient Potion"}],"is_trial":false,"path_per_floor":["M","?","$","M","M","E","R","M","T","R","M","R","E","M","R","B",null,"M","$","M","?","M","R","?","M","T","M","R","$","M","M","R","B"],"character_chosen":"IRONCLAD","items_purchased":["Transmutation","Cleave","Cleave","Fire Breathing","Seeing Red"],"campfire_rested":3,"item_purchase_floors":[3,3,19,19,29],"current_hp_per_floor":[77,70,70,69,75,31,31,37,37,37,42,42,40,42,42,20,65,46,46,34,18,23,49,33,11,11,17,44,44,40,14,42,0],"gold":150,"neow_bonus":"HUNDRED_GOLD","is_prod":false,"is_daily":false,"chose_seed":false,"campfire_upgraded":4,"win_rate":0,"timestamp":1552116454,"path_taken":["M","?","$","M","M","E","R","M","T","R","M","R","E","M","R","BOSS","M","$","M","?","M","R","?","M","T","M","R","$","M","M","R","BOSS"],"build_version":"2019-01-23","purchased_purges":1,"victory":false,"max_hp_per_floor":[80,80,80,80,80,80,80,80,80,80,80,80,80,80,80,80,80,80,80,82,87,89,89,89,89,89,91,91,91,91,96,96,96],"card_choices":[{"not_picked":["Anger","Reckless Charge"],"picked":"Iron Wave","floor":1.0},{"not_picked":["Havoc","Hemokinesis"],"picked":"Flame Barrier","floor":4.0},{"not_picked":["Armaments","Hemokinesis","Headbutt"],"picked":"SKIP","floor":5.0},{"not_picked":["Exhume","Searing Blow"],"picked":"Flame Barrier","floor":6},{"not_picked":["Flex","Pommel Strike"],"picked":"Thunderclap","floor":8},{"not_picked":["Warcry","Dark Embrace"],"picked":"Infernal Blade","floor":11},{"not_picked":["Anger","Headbutt"],"picked":"Infernal Blade","floor":13},{"not_picked":["Sword Boomerang","Clash"],"picked":"Infernal Blade","floor":14},{"not_picked":["Juggernaut","Offering"],"picked":"Feed","floor":16},{"not_picked":["Havoc","Pummel"],"picked":"Cleave","floor":18},{"not_picked":["Sword Boomerang","Warcry+1","Blood for Blood"],"picked":"Singing Bowl","floor":20},{"not_picked":["Clash","Shrug It Off","Body Slam"],"picked":"Singing Bowl","floor":22},{"not_picked":["Cleave","Flex+1"],"picked":"Thunderclap+1","floor":25},{"not_picked":["Pommel Strike","Anger+1","Rupture"],"picked":"Singing Bowl","floor":27},{"not_picked":["Anger","Fiend Fire"],"picked":"Seeing Red","floor":30},{"not_picked":["Twin Strike","Armaments","Evolve+1"],"picked":"Singing Bowl","floor":31}],"player_experience":268848,"relics_obtained":[{"floor":6,"key":"Ancient Tea Set"},{"floor":9,"key":"Vajra"},{"floor":13,"key":"Omamori"},{"floor":17,"key":"Happy Flower"},{"floor":17,"key":"Singing Bowl"},{"floor":17,"key":"Bird Faced Urn"},{"floor":24,"key":"Nilry\u0027s Codex"},{"floor":26,"key":"PreservedInsect"}],"event_choices":[{"cards_removed":["Strike_R"],"damage_healed":0.0,"max_hp_gain":0.0,"max_hp_loss":0.0,"gold_gain":0.0,"event_name":"Golden Wing","player_choice":"Card Removal","floor":2.0,"gold_loss":0.0,"damage_taken":7.0},{"damage_healed":0,"gold_gain":0,"player_choice":"Shed Blood","damage_taken":21,"max_hp_gain":5,"max_hp_loss":0,"event_name":"Forgotten Altar","floor":21,"gold_loss":0},{"damage_healed":0,"gold_gain":0,"player_choice":"Obtained Book","damage_taken":16,"max_hp_gain":0,"max_hp_loss":0,"event_name":"Cursed Tome","floor":24,"gold_loss":0}],"is_beta":false,"boss_relics":[{"not_picked":["Runic Cube","Snecko Eye"],"picked":"Calling Bell"}],"items_purged_floors":[19],"is_endless":false,"potions_floor_spawned":[6,8,13,14,16,22,30,31],"killed_by":"Automaton","ascension_level":6}