{"gold_per_floor":[119,130,130,142,161,191,202,222,222,248,248,273,223,223,223,324,324,334,534,233,246,256,283,283,295,375,410,410,426,460,478,478,576,576,590,590,606,624,642,642,670,221,221,237,257,132,166,178,178,178,178,178,28,55,55],"floor_reached":56,"playtime":5441,"items_purged":["Strike_G","Strike_G","Strike_G","Defend_G"],"score":1425,"play_id":"4da8c11d-afd3-439c-a9ee-6d4b908182c7","local_time":"20181215023954","is_ascension_mode":true,"campfire_choices":[{"data":"Cloak And Dagger","floor":11.0,"key":"SMITH"},{"data":"Sucker Punch","floor":15.0,"key":"SMITH"},{"data":"Accuracy","floor":24.0,"key":"SMITH"},{"data":"Cloak And Dagger","floor":28.0,"key":"SMITH"},{"floor":32.0,"key":"RECALL"},{"data":"After Image","floor":40.0,"key":"SMITH"},{"data":"Cloak And Dagger","floor":49,"key":"SMITH"},{"data":"Neutralize","floor":52,"key":"SMITH"}],"neow_cost":"NONE","seed_source_timestamp":0,"circlet_count":0,"master_deck":["Defend_G+1","Defend_G","Defend_G","Defend_G","Survivor+1","Neutralize+1","Sucker Punch+1","Crippling Poison","Cloak And Dagger+1","Predator","Terror","Cloak And Dagger+1","Calculated Gamble","Bullet Time","Cloak And Dagger+1","Accuracy+1","Escape Plan","Well Laid Plans","Blade Dance+1","Flying Knee+1","After Image+1","Cloak And Dagger+1","Infinite Blades+1","Accuracy+1","Cloak And Dagger+1","Escape Plan+1"],"special_seed":0,"relics":["Ring of the Snake","Blood Vial","Ginger","Blue Candle","Incense Burner","Mercury Hourglass","Coffee Dripper","PreservedInsect","Oddly Smooth Stone","Singing Bowl","War Paint","Paper Crane","White Beast Statue","Ancient Tea Set","Lantern","Medical Kit","Du-Vu Doll","Boot"],"potions_floor_usage":[55,55],"damage_taken":[{"damage":2.0,"enemies":"Small Slimes","floor":1.0,"turns":3.0},{"damage":0.0,"enemies":"Cultist","floor":2.0,"turns":4.0},{"damage":0.0,"enemies":"2 Louse","floor":4.0,"turns":2.0},{"damage":0.0,"enemies":"2 Fungi Beasts","floor":5.0,"turns":6.0},{"damage":20.0,"enemies":"3 Sentries","floor":6.0,"turns":13.0},{"damage":1.0,"enemies":"3 Louse","floor":7.0,"turns":5.0},{"damage":0.0,"enemies":"Red Slaver","floor":8.0,"turns":5.0},{"damage":12.0,"enemies":"Lagavulin","floor":10.0,"turns":7.0},{"damage":18.0,"enemies":"Gremlin Nob","floor":12.0,"turns":4.0},{"damage":6.0,"enemies":"Hexaghost","floor":16.0,"turns":10.0},{"damage":0.0,"enemies":"Chosen","floor":18.0,"turns":5.0},{"damage":3.0,"enemies":"2 Thieves","floor":21.0,"turns":5.0},{"damage":9.0,"enemies":"Shelled Parasite and Fungi","floor":22.0,"turns":5.0},{"damage":1.0,"enemies":"Book of Stabbing","floor":23.0,"turns":4.0},{"damage":6.0,"enemies":"3 Cultists","floor":25.0,"turns":4.0},{"damage":23.0,"enemies":"Slavers","floor":27.0,"turns":4.0},{"damage":5.0,"enemies":"Snecko","floor":29.0,"turns":5.0},{"damage":8.0,"enemies":"Book of Stabbing","floor":30.0,"turns":4.0},{"damage":3.0,"enemies":"Snake Plant","floor":31.0,"turns":3.0},{"damage":9.0,"enemies":"Automaton","floor":33.0,"turns":9.0},{"damage":0.0,"enemies":"3 Shapes","floor":35.0,"turns":4.0},{"damage":0.0,"enemies":"Orb Walker","floor":37.0,"turns":3.0},{"damage":0.0,"enemies":"Maw","floor":38.0,"turns":7.0},{"damage":0.0,"enemies":"4 Shapes","floor":39.0,"turns":6.0},{"damage":0.0,"enemies":"Giant Head","floor":41.0,"turns":5.0},{"damage":0.0,"enemies":"Spire Growth","floor":44.0,"turns":4.0},{"damage":0.0,"enemies":"Transient","floor":45.0,"turns":5.0},{"damage":0.0,"enemies":"Nemesis","floor":47.0,"turns":5.0},{"damage":0.0,"enemies":"Writhing Mass","floor":48.0,"turns":5.0},{"damage":8,"enemies":"Donu and Deca","floor":50,"turns":9},{"damage":13,"enemies":"Shield and Spear","floor":54,"turns":6},{"damage":58,"enemies":"The Heart","floor":55,"turns":9}],"seed_played":"-7811036236467295449","potions_obtained":[{"floor":2.0,"key":"Block Potion"},{"floor":5.0,"key":"Explosive Potion"},{"floor":6.0,"key":"Poison Potion"},{"floor":7.0,"key":"Regen Potion"},{"floor":12.0,"key":"GhostInAJar"},{"floor":33.0,"key":"PowerPotion"},{"floor":39.0,"key":"Energy Potion"},{"floor":44.0,"key":"Dexterity Potion"},{"floor":45.0,"key":"GhostInAJar"},{"floor":54,"key":"SkillPotion"}],"is_trial":false,"path_per_floor":["M","M","?","M","M","E","M","M","T","E","R","E","?","?","R","B",null,"M","?","$","M","M","E","R","M","T","E","R","M","E","M","R","B",null,"M","?","M","M","M","R","E","$","T","M","M","$","E","M","R","B",null,"R","$","E","B",null],"character_chosen":"THE_SILENT","items_purchased":["PreservedInsect","Accuracy","Lantern","Medical Kit"],"campfire_rested":0,"item_purchase_floors":[20,20,42,42],"current_hp_per_floor":[75,75,75,75,75,55,56,58,58,48,48,32,32,20,20,16,77,77,77,77,74,67,68,68,64,64,43,43,42,50,51,51,44,83,83,83,83,85,85,85,87,87,87,89,89,89,89,91,91,83,91,91,91,80,24],"gold":55,"neow_bonus":"TEN_PERCENT_HP_BONUS","is_prod":false,"is_daily":false,"chose_seed":false,"campfire_upgraded":7,"win_rate":0,"timestamp":1544863194,"path_taken":["M","M","?","?","M","E","M","?","T","E","R","E","?","?","R","BOSS","M","?","$","?","M","E","R","M","T","E","R","M","E","M","R","BOSS","M","?","?","?","M","R","E","?","T","M","M","$","E","M","R","BOSS","R","$","E","BOSS"],"build_version":"2018-12-13","purchased_purges":4,"victory":true,"max_hp_per_floor":[77,77,77,77,77,77,77,77,77,77,77,77,77,77,77,77,77,77,77,77,77,77,77,77,77,77,77,77,79,81,83,83,83,83,83,83,83,85,85,85,87,87,87,89,89,89,89,91,91,91,91,91,91,93,93],"card_choices":[{"not_picked":["Slice","Underhanded Strike"],"picked":"Sucker Punch","floor":1.0},{"not_picked":["Sucker Punch","Prepared"],"picked":"Crippling Poison","floor":2.0},{"not_picked":["Sucker Punch","Burst"],"picked":"Cloak And Dagger","floor":4.0},{"not_picked":["Finisher","Deflect","Eviscerate"],"picked":"SKIP","floor":5.0},{"not_picked":["Quick Slash","Deadly Poison"],"picked":"Predator","floor":6.0},{"not_picked":["Riddle With Holes","Slice","Expertise"],"picked":"SKIP","floor":7.0},{"not_picked":["Distraction","Acrobatics"],"picked":"Terror","floor":8.0},{"not_picked":["Terror","Prepared"],"picked":"Cloak And Dagger","floor":10.0},{"not_picked":["Expertise","Deadly Poison"],"picked":"Calculated Gamble","floor":12.0},{"not_picked":["Burst","Grand Finale"],"picked":"Bullet Time","floor":16.0},{"not_picked":["Outmaneuver","Quick Slash+1"],"picked":"Cloak And Dagger+1","floor":18.0},{"not_picked":["Underhanded Strike+1","Quick Slash","Deflect"],"picked":"SKIP","floor":21.0},{"not_picked":["Poisoned Stab","Bane"],"picked":"Escape Plan","floor":22.0},{"not_picked":["Caltrops","Setup"],"picked":"Well Laid Plans","floor":23.0},{"not_picked":["Dodge and Roll","Underhanded Strike"],"picked":"Blade Dance","floor":25.0},{"not_picked":["Outmaneuver+1","Glass Knife"],"picked":"Flying Knee+1","floor":27.0},{"not_picked":["Backflip","Outmaneuver","Deadly Poison"],"picked":"Singing Bowl","floor":29.0},{"not_picked":["Acrobatics","Flying Knee","Deflect"],"picked":"Singing Bowl","floor":30.0},{"not_picked":["Quick Slash","Catalyst+1","Flying Knee"],"picked":"Singing Bowl","floor":31.0},{"not_picked":["Venomology","Adrenaline"],"picked":"After Image","floor":33.0},{"not_picked":["Blade Dance","Acrobatics"],"picked":"Cloak And Dagger","floor":35.0},{"not_picked":["Noxious Fumes+1","Bane+1"],"picked":"Infinite Blades+1","floor":37.0},{"not_picked":["Acrobatics+1","PiercingWail+1","Bane"],"picked":"Singing Bowl","floor":38.0},{"not_picked":["Cloak And Dagger+1","PiercingWail"],"picked":"Accuracy+1","floor":39.0},{"not_picked":["Doppelganger","Flechettes","Eviscerate+1"],"picked":"Singing Bowl","floor":41.0},{"not_picked":["Outmaneuver","Deflect+1","Poisoned Stab"],"picked":"Singing Bowl","floor":44.0},{"not_picked":["Infinite Blades","Dodge and Roll+1"],"picked":"Cloak And Dagger+1","floor":45.0},{"not_picked":["Backstab","Noxious Fumes+1"],"picked":"Escape Plan+1","floor":47.0},{"not_picked":["Predator","Tactician+1","Acrobatics+1"],"picked":"Singing Bowl","floor":48.0},{"not_picked":["Wraith Form v2","Calculated Gamble+1","Quick Slash+1"],"picked":"Singing Bowl","floor":54}],"player_experience":165864,"relics_obtained":[{"floor":6.0,"key":"Blood Vial"},{"floor":9.0,"key":"Ginger"},{"floor":10.0,"key":"Blue Candle"},{"floor":12.0,"key":"Incense Burner"},{"floor":23.0,"key":"Oddly Smooth Stone"},{"floor":26.0,"key":"Singing Bowl"},{"floor":27.0,"key":"War Paint"},{"floor":30.0,"key":"Paper Crane"},{"floor":41.0,"key":"Ancient Tea Set"},{"floor":47.0,"key":"Du-Vu Doll"},{"floor":54,"key":"Boot"}],"event_choices":[{"cards_removed":["Strike_G"],"damage_healed":0.0,"max_hp_gain":0.0,"max_hp_loss":0.0,"gold_gain":0.0,"event_name":"Purifier","player_choice":"Purged","floor":3.0,"gold_loss":0.0,"damage_taken":0.0},{"cards_removed":["Strike_G"],"damage_healed":0.0,"max_hp_gain":0.0,"max_hp_loss":0.0,"gold_gain":0.0,"event_name":"The Cleric","player_choice":"Card Removal","floor":13.0,"gold_loss":50.0,"damage_taken":0.0},{"damage_healed":0.0,"max_hp_gain":0.0,"max_hp_loss":0.0,"gold_gain":0.0,"event_name":"Scrap Ooze","player_choice":"Success","floor":14.0,"gold_loss":0.0,"damage_taken":12.0,"relics_obtained":["Mercury Hourglass"]},{"damage_healed":0.0,"max_hp_gain":0.0,"max_hp_loss":0.0,"gold_gain":200.0,"event_name":"Wheel of Change","player_choice":"Gold","floor":19.0,"gold_loss":0.0,"damage_taken":0.0},{"damage_healed":0.0,"max_hp_gain":0.0,"max_hp_loss":0.0,"gold_gain":0.0,"event_name":"Accursed Blacksmith","player_choice":"Forge","floor":36.0,"gold_loss":0.0,"damage_taken":0.0,"cards_upgraded":["Blade Dance"]}],"is_beta":false,"boss_relics":[{"not_picked":["Runic Dome","Astrolabe"],"picked":"Coffee Dripper"},{"not_picked":["Philosopher\u0027s Stone","Tiny House"],"picked":"White Beast Statue"}],"items_purged_floors":[20,42,46,53],"is_endless":false,"potions_floor_spawned":[2,5,6,7,8,12,23,27,29,33,35,37,38,39,41,44,45,47,48,54],"ascension_level":1}