{"gold_per_floor":[359,167,180,180,199,199,46,66,66,66,66,66,81,51,51,151,151,171,189,205,205,124,124,139,139,139,339,85,103,103,123,123,221,221,238,238,238,52,98,98,98,98],"floor_reached":43,"playtime":1726,"items_purged":["Normality","Strike_G","Strike_G","Strike_G"],"score":589,"play_id":"ac8179b5-7bfc-4631-989f-7634c29fb0b6","local_time":"20190322130651","is_ascension_mode":false,"campfire_choices":[{"data":"Footwork","floor":6,"key":"SMITH"},{"data":"Caltrops","floor":10,"key":"SMITH"},{"data":"Crippling Poison","floor":15,"key":"SMITH"},{"data":"Backflip","floor":23,"key":"SMITH"},{"data":"Footwork","floor":25,"key":"SMITH"},{"floor":30,"key":"REST"},{"data":"Footwork","floor":32,"key":"SMITH"},{"data":"Noxious Fumes","floor":40,"key":"SMITH"}],"neow_cost":"CURSE","seed_source_timestamp":11339342564339,"circlet_count":0,"master_deck":["Defend_G","Defend_G","Defend_G","Defend_G","Defend_G","Strike_G","Strike_G","Survivor","Neutralize","Footwork+1","Escape Plan","Caltrops+1","Backflip+1","Leg Sweep","Crippling Poison+1","After Image","Catalyst","Poisoned Stab","Noxious Fumes+1","Footwork+1","Footwork+1","Bouncing Flask","After Image","PiercingWail","Caltrops"],"relics":["Ring of the Snake"],"potions_floor_usage":[20,21,29,33,42,42,42,42,42,42],"damage_taken":[{"damage":0,"enemies":"Small Slimes","floor":1,"turns":3},{"damage":0,"enemies":"Jaw Worm","floor":3,"turns":4},{"damage":0,"enemies":"2 Louse","floor":5,"turns":4},{"damage":2,"enemies":"2 Fungi Beasts","floor":8,"turns":6},{"damage":2,"enemies":"Lots of Slimes","floor":13,"turns":4},{"damage":0,"enemies":"Looter","floor":14,"turns":4},{"damage":14,"enemies":"Hexaghost","floor":16,"turns":16},{"damage":9,"enemies":"Spheric Guardian","floor":18,"turns":16},{"damage":2,"enemies":"Shell Parasite","floor":19,"turns":6},{"damage":2,"enemies":"Cultist and Chosen","floor":20,"turns":10},{"damage":29,"enemies":"Colosseum Slavers","floor":21,"turns":6},{"damage":0,"enemies":"Centurion and Healer","floor":24,"turns":9},{"damage":5,"enemies":"Snake Plant","floor":29,"turns":6},{"damage":0,"enemies":"Snecko","floor":31,"turns":10},{"damage":10,"enemies":"Automaton","floor":33,"turns":12},{"damage":20,"enemies":"3 Shapes","floor":35,"turns":9},{"damage":29,"enemies":"Donu and Deca","floor":42,"turns":14}],"seed_played":"-5736246630633686139","potions_obtained":[{"floor":1,"key":"SteroidPotion"},{"floor":5,"key":"Weak Potion"},{"floor":8,"key":"Explosive Potion"},{"floor":20,"key":"EntropicBrew"},{"floor":24,"key":"Swift Potion"},{"floor":33,"key":"Ancient Potion"},{"floor":35,"key":"Weak Potion"}],"is_trial":false,"path_per_floor":["M","$","M","?","M","R","$","M","T","R","?","$","M","M","R","B",null,"M","M","M","?","$","R","M","R","T","?","$","M","R","M","R","B",null,"M","?","?","$","T","R","?","B",null],"character_chosen":"THE_SILENT","items_purchased":["Footwork","Escape Plan","Backflip","Noxious Fumes","Footwork","Block Potion","Caltrops"],"campfire_rested":1,"item_purchase_floors":[2,2,7,22,28,28,38],"current_hp_per_floor":[70,70,70,70,70,70,70,68,68,68,68,68,66,66,66,52,70,61,59,57,28,28,28,28,28,28,28,28,23,44,44,44,34,70,50,50,50,50,50,50,50,21],"gold":98,"neow_bonus":"TWO_FIFTY_GOLD","is_prod":false,"is_daily":false,"chose_seed":false,"campfire_upgraded":7,"win_rate":0,"timestamp":1553227611,"path_taken":["M","$","M","?","M","R","$","M","T","R","?","?","M","M","R","BOSS","M","M","M","?","$","R","M","R","T","?","$","M","R","?","R","BOSS","M","?","?","$","?","R","?","BOSS"],"build_version":"2019-01-23","purchased_purges":4,"victory":true,"max_hp_per_floor":[70,70,70,70,70,70,70,70,70,70,70,70,70,70,70,70,70,70,70,70,70,70,70,70,70,70,70,70,70,70,70,70,70,70,70,70,70,70,70,70,70,70],"card_choices":[{"not_picked":["Outmaneuver","Deflect","Dagger Spray"],"picked":"SKIP","floor":1},{"not_picked":["PiercingWail","Terror"],"picked":"Caltrops","floor":3},{"not_picked":["Heel Hook","Concentrate","Underhanded Strike"],"picked":"SKIP","floor":5},{"not_picked":["Blade Dance","Flying Knee","Backstab"],"picked":"SKIP","floor":8},{"not_picked":["Quick Slash","Blade Dance"],"picked":"Leg Sweep","floor":13},{"not_picked":["Dodge and Roll","Tactician"],"picked":"Crippling Poison","floor":14},{"not_picked":["Adrenaline","Doppelganger"],"picked":"After Image","floor":16},{"not_picked":["Underhanded Strike","Catalyst","Slice"],"picked":"SKIP","floor":18},{"not_picked":["Underhanded Strike","Slice"],"picked":"Catalyst","floor":18},{"not_picked":["Prepared","Tactician"],"picked":"Poisoned Stab","floor":19},{"not_picked":["Flying Knee","Masterful Stab","Dodge and Roll"],"picked":"SKIP","floor":20},{"not_picked":["Poisoned Stab+1","Crippling Poison"],"picked":"Footwork","floor":24},{"not_picked":["Cloak And Dagger","Tactician"],"picked":"Bouncing Flask","floor":29},{"not_picked":["Outmaneuver","Poisoned Stab","Cloak And Dagger+1"],"picked":"SKIP","floor":31},{"not_picked":["Venomology","Wraith Form v2"],"picked":"After Image","floor":33},{"not_picked":["Tactician","Cloak And Dagger+1"],"picked":"PiercingWail","floor":35}],"player_experience":376022,"relics_obtained":[],"event_choices":[{"damage_healed":0,"gold_gain":0,"player_choice":"Ignored","damage_taken":0,"max_hp_gain":0,"max_hp_loss":0,"event_name":"Golden Idol","floor":4,"gold_loss":0},{"damage_healed":0,"gold_gain":0,"player_choice":"Ignored","damage_taken":0,"max_hp_gain":0,"max_hp_loss":0,"event_name":"Liars Game","floor":11,"gold_loss":0},{"damage_healed":0,"gold_gain":0,"player_choice":"Fight","damage_taken":0,"max_hp_gain":0,"max_hp_loss":0,"event_name":"Colosseum","floor":21,"gold_loss":0},{"damage_healed":0,"gold_gain":0,"player_choice":"Fled From Nobs","damage_taken":0,"max_hp_gain":0,"max_hp_loss":0,"event_name":"Colosseum","floor":21,"gold_loss":0},{"damage_healed":0,"gold_gain":200,"player_choice":"Gold","damage_taken":0,"max_hp_gain":0,"max_hp_loss":0,"event_name":"Wheel of Change","floor":27,"gold_loss":0},{"damage_healed":0,"gold_gain":0,"player_choice":"Ignored","damage_taken":0,"max_hp_gain":0,"max_hp_loss":0,"event_name":"Tomb of Lord Red Mask","floor":36,"gold_loss":0},{"damage_healed":0,"gold_gain":0,"player_choice":"Ignored","damage_taken":0,"max_hp_gain":0,"max_hp_loss":0,"event_name":"Mysterious Sphere","floor":37,"gold_loss":0},{"damage_healed":0,"gold_gain":0,"player_choice":"Took Portal","damage_taken":0,"max_hp_gain":0,"max_hp_loss":0,"event_name":"SecretPortal","floor":41,"gold_loss":0}],"is_beta":false,"boss_relics":[{"not_picked":["Eternal Feather","Runic Dome","Empty Cage"]},{"not_picked":["Fusion Hammer","Busted Crown","Black Star"]}],"items_purged_floors":[2,7,28,38],"is_endless":false,"potions_floor_spawned":[1,5,8,20,21,24,33,35],"ascension_level":0}