{"gold_per_floor":[114,114,130,143,98,98,108,36,60,74,149,184,198,213,213,311,311,292,392,405,153,153,153,170,170,170,185,132,132],"floor_reached":29,"playtime":690,"items_purged":[],"score":227,"play_id":"8f566e45-dd51-4ff8-bbc9-88c406e5dc06","local_time":"20190318234804","is_ascension_mode":false,"campfire_choices":[{"data":"Heavy Blade","floor":6,"key":"SMITH"},{"floor":15,"key":"REST"},{"floor":23,"key":"REST"},{"floor":25,"key":"REST"}],"neow_cost":"NONE","seed_source_timestamp":297414298835901,"circlet_count":0,"master_deck":["Strike_R","Strike_R","Strike_R","Strike_R","Strike_R","Defend_R","Defend_R","Defend_R","Defend_R","Bash","Heavy Blade+1","Shrug It Off","Heavy Blade","Sword Boomerang","Flex","Inflame","Perfected Strike","Feed","Flex","Wild Strike+1","Flame Barrier","Flex"],"relics":["Burning Blood","Lantern","Omamori","White Beast Statue","Sundial","Oddly Smooth Stone","Letter Opener"],"potions_floor_usage":[13,16,16,18,24],"damage_taken":[{"damage":8,"enemies":"Jaw Worm","floor":1,"turns":3},{"damage":5,"enemies":"Cultist","floor":3,"turns":4},{"damage":2,"enemies":"Small Slimes","floor":4,"turns":4},{"damage":16,"enemies":"Red Slaver","floor":7,"turns":4},{"damage":0,"enemies":"2 Fungi Beasts","floor":10,"turns":4},{"damage":14,"enemies":"Gremlin Nob","floor":12,"turns":3},{"damage":11,"enemies":"Lots of Slimes","floor":13,"turns":4},{"damage":7,"enemies":"Large Slime","floor":14,"turns":4},{"damage":67,"enemies":"The Guardian","floor":16,"turns":8},{"damage":27,"enemies":"2 Thieves","floor":18,"turns":4},{"damage":10,"enemies":"Spheric Guardian","floor":20,"turns":3},{"damage":37,"enemies":"Shelled Parasite and Fungi","floor":24,"turns":5},{"damage":31,"enemies":"Sentry and Sphere","floor":27,"turns":6},{"damage":37,"enemies":"Cultist and Chosen","floor":29,"turns":6}],"seed_played":"-2713657049409073519","potions_obtained":[{"floor":1,"key":"Regen Potion"},{"floor":3,"key":"Weak Potion"},{"floor":12,"key":"Poison Potion"},{"floor":14,"key":"PowerPotion"},{"floor":18,"key":"SkillPotion"},{"floor":20,"key":"SpeedPotion"},{"floor":24,"key":"Weak Potion"},{"floor":27,"key":"Swift Potion"}],"is_trial":false,"path_per_floor":["M","?","M","M","$","R","M","$","T","M","?","E","M","M","R","B",null,"M","?","M","$","T","R","M","R","T","M","$","M"],"character_chosen":"IRONCLAD","items_purchased":["Sword Boomerang","Inflame","Sundial","Flex"],"campfire_rested":3,"item_purchase_floors":[5,8,21,28],"current_hp_per_floor":[78,78,79,80,80,80,70,70,70,76,65,57,61,60,80,19,80,62,62,58,58,58,82,54,79,79,54,54,20],"gold":132,"neow_bonus":"ONE_RANDOM_RARE_CARD","is_prod":false,"is_daily":false,"chose_seed":false,"campfire_upgraded":1,"win_rate":0,"timestamp":1552949284,"path_taken":["M","?","?","M","$","R","M","?","T","?","?","E","M","M","R","BOSS","M","?","M","$","?","R","M","R","T","?","$","M"],"build_version":"2019-01-23","purchased_purges":0,"victory":false,"max_hp_per_floor":[80,80,80,80,80,80,80,80,80,80,80,80,80,80,80,80,80,83,83,83,83,83,83,86,86,86,86,86,89],"card_choices":[{"not_picked":["Disarm","Metallicize"],"picked":"Heavy Blade","floor":1},{"not_picked":["Clash","Battle Trance"],"picked":"Shrug It Off","floor":3},{"not_picked":["Uppercut","Headbutt"],"picked":"Heavy Blade","floor":4},{"not_picked":["Thunderclap","Headbutt"],"picked":"Flex","floor":7},{"not_picked":["Iron Wave","Armaments","Clash"],"picked":"SKIP","floor":10},{"not_picked":["Second Wind","Seeing Red"],"picked":"Perfected Strike","floor":12},{"not_picked":["Warcry","Clothesline","Seeing Red"],"picked":"SKIP","floor":13},{"not_picked":["Havoc","Warcry","True Grit"],"picked":"SKIP","floor":14},{"not_picked":["Reaper","Fiend Fire"],"picked":"Feed","floor":16},{"not_picked":["Thunderclap","Sword Boomerang"],"picked":"Flex","floor":18},{"not_picked":["Heavy Blade","True Grit"],"picked":"Wild Strike+1","floor":20},{"not_picked":["Sword Boomerang","Sentinel"],"picked":"Flame Barrier","floor":24},{"not_picked":["Hemokinesis+1","True Grit","Havoc+1"],"picked":"SKIP","floor":27}],"player_experience":309919,"relics_obtained":[{"floor":9,"key":"Lantern"},{"floor":12,"key":"Omamori"},{"floor":22,"key":"Oddly Smooth Stone"},{"floor":26,"key":"Letter Opener"}],"event_choices":[{"cards_removed":["Brutality"],"damage_healed":0,"gold_gain":0,"player_choice":"Purged","damage_taken":0,"max_hp_gain":0,"max_hp_loss":0,"event_name":"Purifier","floor":2,"gold_loss":0},{"damage_healed":0,"gold_gain":75,"player_choice":"Gather Gold","damage_taken":11,"max_hp_gain":0,"max_hp_loss":0,"event_name":"World of Goop","floor":11,"gold_loss":0},{"damage_healed":0,"gold_gain":100,"player_choice":"Pray","damage_taken":0,"max_hp_gain":0,"max_hp_loss":0,"event_name":"Golden Shrine","floor":19,"gold_loss":0}],"is_beta":false,"boss_relics":[{"not_picked":["Calling Bell","Lizard Tail"],"picked":"White Beast Statue"}],"items_purged_floors":[],"is_endless":false,"potions_floor_spawned":[1,3,12,14,18,20,24,27],"killed_by":"Cultist and Chosen","ascension_level":0}