{"gold_per_floor":[110,126,76,76,8,43,43,61,61,92,112,146,164,175,175,270,270,243,36,36,46,58,83,83,8,8,8,333,344,344,356,356,452,452,471,95,95,95,95,95,114,114,138,138,158,58,58,72,72,72,72,72,23,53,53],"floor_reached":56,"playtime":4044,"items_purged":["Defend_G","Strike_G+1"],"score":1308,"play_id":"f26b5d52-a758-42ac-a8d7-d625e6b758c9","local_time":"20181127204052","is_ascension_mode":true,"campfire_choices":[{"data":"Footwork","floor":7,"key":"SMITH"},{"floor":15,"key":"REST"},{"data":"Sadistic Nature","floor":24,"key":"SMITH"},{"data":"Caltrops","floor":27,"key":"SMITH"},{"data":"Footwork","floor":30,"key":"SMITH"},{"data":"Caltrops","floor":32,"key":"SMITH"},{"floor":40,"key":"RECALL"},{"data":"Acrobatics","floor":42,"key":"SMITH"},{"data":"Enlightenment","floor":44,"key":"SMITH"},{"floor":47,"key":"REST"},{"floor":49,"key":"REST"},{"floor":52,"key":"REST"}],"neow_cost":"NONE","seed_source_timestamp":31309012349644,"circlet_count":0,"master_deck":["Defend_G+1","Defend_G+1","Defend_G+1","Defend_G+1","Strike_G+1","Strike_G+1","Survivor+1","Neutralize+1","Caltrops+1","PiercingWail+1","Escape Plan+1","Footwork+1","PiercingWail+1","PiercingWail+1","Backflip+1","Infinite Blades+1","Adrenaline+1","Footwork+1","Sadistic Nature+1","Bouncing Flask+1","PiercingWail+1","PiercingWail+1","After Image+1","Caltrops+1","Crippling Poison+1","Blur+1","Caltrops+1","Enlightenment+1","Acrobatics+1","Catalyst+1","Distraction+1"],"relics":["Ring of the Snake","NeowsBlessing","Mercury Hourglass","Ancient Tea Set","Lantern","Boot","Runic Pyramid","Ornamental Fan","Pantograph","Old Coin","HoveringKite","FossilizedHelix","Mark of the Bloom","Blood Vial","Bottled Lightning"],"potions_floor_usage":[10,16,16,50,54,55,55],"damage_taken":[{"damage":0,"enemies":"Small Slimes","floor":1,"turns":1},{"damage":0,"enemies":"2 Louse","floor":2,"turns":1},{"damage":0,"enemies":"Gremlin Nob","floor":6,"turns":1},{"damage":0,"enemies":"Jaw Worm","floor":8,"turns":5},{"damage":7,"enemies":"Lagavulin","floor":10,"turns":10},{"damage":0,"enemies":"Lots of Slimes","floor":11,"turns":3},{"damage":21,"enemies":"Gremlin Nob","floor":12,"turns":6},{"damage":1,"enemies":"Exordium Thugs","floor":13,"turns":6},{"damage":1,"enemies":"Blue Slaver","floor":14,"turns":4},{"damage":2,"enemies":"Hexaghost","floor":16,"turns":10},{"damage":2,"enemies":"2 Thieves","floor":18,"turns":5},{"damage":0,"enemies":"Spheric Guardian","floor":21,"turns":6},{"damage":1,"enemies":"Centurion and Healer","floor":22,"turns":9},{"damage":4,"enemies":"Gremlin Leader","floor":23,"turns":8},{"damage":0,"enemies":"Book of Stabbing","floor":28,"turns":5},{"damage":0,"enemies":"Snake Plant","floor":29,"turns":3},{"damage":0,"enemies":"Shelled Parasite and Fungi","floor":31,"turns":6},{"damage":15,"enemies":"Automaton","floor":33,"turns":12},{"damage":0,"enemies":"3 Shapes","floor":35,"turns":5},{"damage":0,"enemies":"3 Darklings","floor":41,"turns":6},{"damage":0,"enemies":"Maw","floor":45,"turns":8},{"damage":15,"enemies":"Transient","floor":48,"turns":5},{"damage":6,"enemies":"Donu and Deca","floor":50,"turns":12},{"damage":22,"enemies":"Shield and Spear","floor":54,"turns":10},{"damage":20,"enemies":"The Heart","floor":55,"turns":11}],"seed_played":"-4124149279007929393","potions_obtained":[{"floor":2,"key":"FearPotion"},{"floor":8,"key":"Poison Potion"},{"floor":14,"key":"LiquidBronze"},{"floor":16,"key":"Dexterity Potion"},{"floor":21,"key":"Dexterity Potion"},{"floor":23,"key":"EssenceOfSteel"}],"is_trial":false,"path_per_floor":["M","M","?","?","$","E","R","M","T","E","M","E","M","M","R","B",null,"M","$","?","M","M","E","R","$","T","R","E","M","R","M","R","B",null,"M","$","?","?","?","R","M","R","T","R","M","$","R","M","R","B",null,"R","$","E","B",null],"character_chosen":"THE_SILENT","items_purchased":["Escape Plan","Sadistic Nature","Bouncing Flask","FossilizedHelix","Caltrops","PowerPotion"],"campfire_rested":4,"item_purchase_floors":[5,19,19,36,36,53],"current_hp_per_floor":[70,70,70,58,58,58,58,58,58,51,51,30,29,28,49,47,70,68,68,68,68,67,63,63,63,63,63,63,63,63,63,63,55,70,70,70,70,66,66,66,66,66,66,66,66,66,66,51,51,45,45,45,45,23,3],"gold":53,"neow_bonus":"THREE_ENEMY_KILL","is_prod":false,"is_daily":false,"chose_seed":false,"campfire_upgraded":7,"win_rate":0,"timestamp":1543318852,"path_taken":["M","M","?","?","$","E","R","M","T","E","M","E","M","M","R","BOSS","M","$","?","M","?","E","R","?","T","R","E","M","R","M","R","BOSS","M","$","?","?","?","R","M","R","T","R","M","?","R","?","R","BOSS","R","$","E","BOSS"],"build_version":"2018-11-15","purchased_purges":2,"victory":true,"max_hp_per_floor":[70,70,70,70,70,70,70,70,70,70,70,70,70,70,70,70,70,70,70,70,70,70,70,70,70,70,70,70,70,70,70,70,70,70,70,70,70,66,66,66,66,66,66,66,66,66,66,66,66,66,66,66,66,66,66],"card_choices":[{"not_picked":["Cloak And Dagger","Backstab"],"picked":"Caltrops","floor":1},{"not_picked":["Outmaneuver","All Out Attack"],"picked":"PiercingWail","floor":2},{"not_picked":["Flying Knee","Well Laid Plans"],"picked":"Footwork","floor":6},{"not_picked":["Sucker Punch","Dagger Spray"],"picked":"PiercingWail","floor":8},{"not_picked":["Underhanded Strike","Dagger Spray","Masterful Stab"],"picked":"SKIP","floor":10},{"not_picked":["Heel Hook","Flying Knee"],"picked":"PiercingWail","floor":11},{"not_picked":["Terror","Crippling Poison"],"picked":"Backflip","floor":12},{"not_picked":["Reflex","Bane","Catalyst"],"picked":"SKIP","floor":13},{"not_picked":["Quick Slash","Predator"],"picked":"Infinite Blades","floor":14},{"not_picked":["Wraith Form v2","Corpse Explosion"],"picked":"Adrenaline","floor":16},{"not_picked":["Quick Slash","Dagger Throw"],"picked":"Footwork","floor":18},{"not_picked":["Cloak And Dagger","Underhanded Strike+1"],"picked":"PiercingWail+1","floor":21},{"not_picked":["Infinite Blades","Blade Dance"],"picked":"PiercingWail+1","floor":22},{"not_picked":["Flechettes+1","Choke"],"picked":"After Image","floor":23},{"not_picked":["Prepared","Underhanded Strike"],"picked":"Caltrops","floor":28},{"not_picked":["Dash","All Out Attack"],"picked":"Crippling Poison","floor":29},{"not_picked":["Flying Knee","Backstab"],"picked":"Blur","floor":31},{"not_picked":["Dagger Spray+1","Slice+1","Endless Agony"],"picked":"SKIP","floor":35},{"not_picked":["Deep Breath","Finesse"],"picked":"Enlightenment","floor":39},{"not_picked":["Reflex+1","Blade Dance"],"picked":"Acrobatics","floor":41},{"not_picked":["Deflect","Skewer+1"],"picked":"Catalyst+1","floor":45},{"not_picked":["Finisher","Deflect"],"picked":"Distraction+1","floor":48},{"not_picked":["Dagger Throw+1","Reflex","Prepared"],"picked":"SKIP","floor":54}],"player_experience":103874,"relics_obtained":[{"floor":6,"key":"Ancient Tea Set"},{"floor":10,"key":"Lantern"},{"floor":12,"key":"Boot"},{"floor":23,"key":"Ornamental Fan"},{"floor":26,"key":"Pantograph"},{"floor":28,"key":"Old Coin"},{"floor":43,"key":"Blood Vial"},{"floor":54,"key":"Bottled Lightning"}],"event_choices":[{"cards_removed":["Strike_G"],"damage_healed":0,"gold_gain":0,"player_choice":"Card Removal","damage_taken":0,"max_hp_gain":0,"max_hp_loss":0,"event_name":"The Cleric","floor":3,"gold_loss":50},{"damage_healed":0,"gold_gain":0,"player_choice":"Success","damage_taken":12,"relics_obtained":["Mercury Hourglass"],"max_hp_gain":0,"max_hp_loss":0,"event_name":"Scrap Ooze","floor":4,"gold_loss":0},{"cards_removed":["Strike_G"],"damage_healed":0,"gold_gain":0,"player_choice":"Offered Basic","damage_taken":0,"max_hp_gain":0,"max_hp_loss":0,"event_name":"Bonfire Elementals","floor":20,"gold_loss":0},{"damage_healed":0,"gold_gain":0,"player_choice":"Upgrade","damage_taken":0,"relics_obtained":["Mark of the Bloom"],"max_hp_gain":0,"max_hp_loss":0,"event_name":"MindBloom","floor":37,"gold_loss":0,"cards_upgraded":["Defend_G","Defend_G","Defend_G","Defend_G","Strike_G","Strike_G","Strike_G","Survivor","Neutralize","PiercingWail","Escape Plan","PiercingWail","PiercingWail","Backflip","Infinite Blades","Adrenaline","Bouncing Flask","After Image","Crippling Poison","Blur","Caltrops"]},{"damage_healed":0,"gold_gain":0,"player_choice":"Max HP","damage_taken":0,"max_hp_gain":0,"max_hp_loss":4,"event_name":"Winding Halls","floor":38,"gold_loss":0},{"damage_healed":0,"gold_gain":0,"player_choice":"Memory 1","damage_taken":0,"max_hp_gain":0,"max_hp_loss":0,"event_name":"SensoryStone","floor":39,"gold_loss":0}],"is_beta":false,"boss_relics":[{"not_picked":["Coffee Dripper","Ring of the Serpent"],"picked":"Runic Pyramid"},{"not_picked":["Snecko Eye","Tiny House"],"picked":"HoveringKite"}],"items_purged_floors":[25,46],"is_endless":false,"potions_floor_spawned":[2,8,14,16,21,23,31,33,35,45,48],"ascension_level":1}