{"gold_per_floor":[114,39,59,76,76,76,92,92,92,92,107,122,142,171,171,276,276,296,306,135,10,27,27,27,27,27,40,14,14,14,26,26,121,121,131,131,131,151,162,162,162,12,35,62,62,62,74,0,0,0],"floor_reached":51,"playtime":2498,"items_purged":["Strike_R","Defend_R","Strike_R","Defend_R"],"score":777,"play_id":"db530d2d-6989-4b9d-8dd1-aeba79461b06","local_time":"20181002174014","is_ascension_mode":false,"campfire_choices":[{"data":"Dropkick","floor":6,"key":"SMITH"},{"data":"Bash","floor":15,"key":"SMITH"},{"data":"Anger","floor":23,"key":"SMITH"},{"data":"Shrug It Off","floor":29,"key":"SMITH"},{"floor":32,"key":"REST"},{"data":"Dropkick","floor":40,"key":"SMITH"},{"floor":45,"key":"REST"},{"floor":49,"key":"REST"}],"neow_cost":"NONE","seed_source_timestamp":921705947971,"circlet_count":0,"master_deck":["Bash+1","Dropkick+1","Dropkick+1","Shrug It Off+1","Headbutt+1"],"relics":["Burning Blood","Mummified Hand","Self Forming Clay","Empty Cage","Ornamental Fan","Lizard Tail","Whetstone","Centennial Puzzle","Red Mask"],"potions_floor_usage":[16,19,33,33,50],"damage_taken":[{"damage":7,"enemies":"2 Louse","floor":1,"turns":3},{"damage":8,"enemies":"Jaw Worm","floor":3,"turns":3},{"damage":1,"enemies":"Cultist","floor":4,"turns":3},{"damage":3,"enemies":"3 Louse","floor":7,"turns":4},{"damage":3,"enemies":"2 Fungi Beasts","floor":11,"turns":3},{"damage":4,"enemies":"Blue Slaver","floor":12,"turns":3},{"damage":6,"enemies":"3 Louse","floor":13,"turns":3},{"damage":14,"enemies":"Gremlin Nob","floor":14,"turns":3},{"damage":48,"enemies":"Slime Boss","floor":16,"turns":8},{"damage":10,"enemies":"3 Byrds","floor":18,"turns":5},{"damage":15,"enemies":"Spheric Guardian","floor":19,"turns":5},{"damage":12,"enemies":"Centurion and Healer","floor":22,"turns":4},{"damage":19,"enemies":"Sentry and Sphere","floor":27,"turns":5},{"damage":0,"enemies":"3 Cultists","floor":31,"turns":3},{"damage":56,"enemies":"Champ","floor":33,"turns":8},{"damage":13,"enemies":"3 Shapes","floor":35,"turns":4},{"damage":5,"enemies":"3 Darklings","floor":38,"turns":4},{"damage":5,"enemies":"Spire Growth","floor":39,"turns":2},{"damage":0,"enemies":"Giant Head","floor":44,"turns":1},{"damage":0,"enemies":"Reptomancer","floor":47,"turns":1},{"damage":58,"enemies":"Time Eater","floor":50,"turns":6}],"seed_played":"-6611964355214825913","potions_obtained":[{"floor":1,"key":"BloodPotion"},{"floor":4,"key":"Ancient Potion"},{"floor":7,"key":"Strength Potion"},{"floor":19,"key":"FearPotion"},{"floor":22,"key":"Ancient Potion"},{"floor":33,"key":"Swift Potion"},{"floor":35,"key":"PowerPotion"}],"is_trial":false,"path_per_floor":["M","$","M","M","$","R","M","?","T","$","M","M","M","E","R","B",null,"M","M","$","$","M","R","?","?","T","M","$","R","$","M","R","B",null,"M","?","?","M","M","R","?","$","T","E","R","$","M","?","R","B"],"character_chosen":"IRONCLAD","items_purchased":["Dropkick","Shrug It Off"],"campfire_rested":3,"item_purchase_floors":[20,28],"current_hp_per_floor":[79,79,77,80,80,80,80,80,80,80,80,80,80,72,72,38,80,76,67,67,67,61,61,61,61,61,48,48,48,48,54,78,28,80,73,73,73,74,75,75,75,75,75,76,76,76,76,76,76,24],"gold":0,"neow_bonus":"REMOVE_CARD","is_prod":false,"is_daily":false,"chose_seed":false,"campfire_upgraded":5,"win_rate":0,"timestamp":1538494814,"path_taken":["M","$","M","M","$","R","M","?","T","?","M","M","M","E","R","BOSS","M","M","?","$","M","R","?","?","T","?","$","R","?","M","R","BOSS","M","?","?","M","M","R","?","$","T","E","R","$","?","?","R","BOSS"],"build_version":"2018-09-27","purchased_purges":4,"victory":true,"max_hp_per_floor":[80,80,80,80,80,80,80,80,80,80,80,80,80,80,80,80,80,80,80,80,80,80,80,80,80,80,80,80,80,80,80,80,80,80,80,76,76,76,76,76,76,76,76,76,76,76,76,76,76,76],"card_choices":[{"not_picked":["Infernal Blade","Iron Wave"],"picked":"Anger","floor":1},{"not_picked":["Power Through","Thunderclap"],"picked":"Dropkick","floor":3},{"not_picked":["Hemokinesis","Combust","Cleave"],"picked":"SKIP","floor":4},{"not_picked":["Headbutt","Warcry","Armaments"],"picked":"SKIP","floor":7},{"not_picked":["Clash","Perfected Strike","Flame Barrier"],"picked":"SKIP","floor":11},{"not_picked":["Headbutt","Sword Boomerang","Berserk"],"picked":"SKIP","floor":12},{"not_picked":["Flex","Cleave","Armaments"],"picked":"SKIP","floor":13},{"not_picked":["Wild Strike","Havoc","Offering"],"picked":"SKIP","floor":14},{"not_picked":["Cleave","Uppercut","Combust"],"picked":"SKIP","floor":18},{"not_picked":["Twin Strike","Sword Boomerang","Warcry"],"picked":"SKIP","floor":19},{"not_picked":["Clash+1","Anger+1","Havoc+1"],"picked":"SKIP","floor":22},{"not_picked":["Pommel Strike+1","Iron Wave","Bloodletting+1"],"picked":"SKIP","floor":27},{"not_picked":["Rage+1","Rampage","Second Wind"],"picked":"SKIP","floor":31},{"not_picked":["Headbutt","Pommel Strike","True Grit+1"],"picked":"SKIP","floor":35},{"not_picked":["Intimidate+1","Flex","Clash"],"picked":"SKIP","floor":38},{"not_picked":["Cleave","Headbutt+1","Pommel Strike+1"],"picked":"SKIP","floor":39},{"not_picked":["Wild Strike","Clash","Hemokinesis+1"],"picked":"SKIP","floor":44},{"not_picked":["Clothesline","Infernal Blade","Flame Barrier"],"picked":"SKIP","floor":47}],"player_experience":200256,"relics_obtained":[{"floor":9,"key":"Mummified Hand"},{"floor":14,"key":"Self Forming Clay"},{"floor":26,"key":"Ornamental Fan"},{"floor":43,"key":"Whetstone"},{"floor":44,"key":"Centennial Puzzle"}],"event_choices":[{"event_name":"Living Wall","player_choice":"Forget","floor":8,"damage_taken":0},{"event_name":"Back to Basics","player_choice":"Elegance","floor":24,"damage_taken":0},{"event_name":"Ghosts","player_choice":"Ignored","floor":25,"damage_taken":0},{"event_name":"Winding Halls","player_choice":"Max HP","floor":36,"damage_taken":0},{"event_name":"Transmorgrifier","player_choice":"Transform","floor":37,"damage_taken":0},{"event_name":"Accursed Blacksmith","player_choice":"Forge","floor":41,"damage_taken":0},{"event_name":"Tomb of Lord Red Mask","player_choice":"Paid","floor":48,"damage_taken":0}],"is_beta":false,"boss_relics":[{"not_picked":["Tiny House","White Beast Statue"],"picked":"Empty Cage"},{"not_picked":["Cursed Key","Velvet Choker"],"picked":"Lizard Tail"}],"items_purged_floors":[2,20,21,42],"is_endless":false,"potions_floor_spawned":[1,4,7,11,19,22,33,35,39,47],"ascension_level":0}