{"gold_per_floor":[409,24,34,49,61,86,86,59,59,91,110,124,124,142,142,240,240,252,252,18,38,38,38,70,70,70,81,81,116,5,205,205,301,301,316,332,342,25,39,39,67,79,105,0,17,17,17,27,27,27],"floor_reached":51,"playtime":4859,"items_purged":["Strike_G"],"score":781,"play_id":"79b1b68a-4a61-4c33-91b5-d3910b2e34fb","local_time":"20181126142145","is_ascension_mode":false,"campfire_choices":[{"data":"Footwork","floor":7,"key":"SMITH"},{"floor":13,"key":"REST"},{"data":"Bullet Time","floor":15,"key":"SMITH"},{"data":"Corpse Explosion","floor":23,"key":"SMITH"},{"data":"Bouncing Flask","floor":25,"key":"SMITH"},{"data":"Footwork","floor":28,"key":"SMITH"},{"floor":32,"key":"REST"},{"data":"Footwork","floor":40,"key":"SMITH"},{"data":"Noxious Fumes","floor":47,"key":"SMITH"},{"floor":49,"key":"REST"}],"neow_cost":"PERCENT_DAMAGE","seed_source_timestamp":9313200478495,"circlet_count":0,"master_deck":["Defend_G","Defend_G","Defend_G","Defend_G","Defend_G","Strike_G","Survivor","Neutralize","PiercingWail","Deflect","Footwork+1","Prepared","Backstab","Dodge and Roll","Bullet Time+1","Deflect","All Out Attack","Outmaneuver","Finisher","Flechettes","Corpse Explosion+1","Bouncing Flask+1","Footwork+1","Poisoned Stab+1","Leg Sweep+1","PiercingWail+1","Cloak And Dagger","Noxious Fumes+1","Burst","Expertise+1","Reflex+1","Quick Slash+1","Catalyst+1","Footwork+1","Prepared+1","Noxious Fumes","Bane+1","Sucker Punch+1","Leg Sweep","Night Terror","Blur+1"],"relics":["Ring of the Serpent","Old Coin","Gremlin Horn","Thread and Needle","Ninja Scroll","Letter Opener","TwistedFunnel","PreservedInsect","Molten Egg 2","Paper Crane","Astrolabe","Mummified Hand","Mercury Hourglass","Juzu Bracelet","Red Mask"],"potions_floor_usage":[5,6,10,33,41,46,50,50],"damage_taken":[{"damage":0,"enemies":"Small Slimes","floor":1,"turns":4},{"damage":0,"enemies":"2 Louse","floor":3,"turns":3},{"damage":6,"enemies":"Cultist","floor":4,"turns":5},{"damage":0,"enemies":"Exordium Thugs","floor":5,"turns":8},{"damage":14,"enemies":"3 Sentries","floor":6,"turns":18},{"damage":7,"enemies":"Gremlin Nob","floor":10,"turns":5},{"damage":0,"enemies":"Exordium Wildlife","floor":11,"turns":1},{"damage":0,"enemies":"3 Louse","floor":12,"turns":2},{"damage":0,"enemies":"Lots of Slimes","floor":14,"turns":1},{"damage":37,"enemies":"The Guardian","floor":16,"turns":21},{"damage":0,"enemies":"Shell Parasite","floor":18,"turns":7},{"damage":0,"enemies":"Chosen","floor":21,"turns":4},{"damage":0,"enemies":"Slavers","floor":24,"turns":5},{"damage":24,"enemies":"Snake Plant","floor":27,"turns":3},{"damage":0,"enemies":"Gremlin Leader","floor":29,"turns":5},{"damage":50,"enemies":"Champ","floor":33,"turns":17},{"damage":3,"enemies":"3 Shapes","floor":35,"turns":5},{"damage":2,"enemies":"Orb Walker","floor":36,"turns":4},{"damage":6,"enemies":"Writhing Mass","floor":37,"turns":9},{"damage":0,"enemies":"Sphere and 2 Shapes","floor":39,"turns":5},{"damage":3,"enemies":"Reptomancer","floor":41,"turns":6},{"damage":5,"enemies":"4 Shapes","floor":42,"turns":6},{"damage":0,"enemies":"Spire Growth","floor":45,"turns":5},{"damage":0,"enemies":"Jaw Worm Horde","floor":46,"turns":1},{"damage":0,"enemies":"Writhing Mass","floor":48,"turns":4},{"damage":35,"enemies":"Time Eater","floor":50,"turns":15}],"seed_played":"-4290735799918356432","potions_obtained":[{"floor":1,"key":"GhostInAJar"},{"floor":3,"key":"GamblersBrew"},{"floor":6,"key":"Fire Potion"},{"floor":11,"key":"Explosive Potion"},{"floor":21,"key":"SpeedPotion"},{"floor":24,"key":"SteroidPotion"},{"floor":27,"key":"LiquidBronze"},{"floor":35,"key":"Ancient Potion"},{"floor":41,"key":"Swift Potion"},{"floor":45,"key":"SmokeBomb"}],"is_trial":false,"path_per_floor":["M","$","M","M","M","E","R","?","T","E","M","M","R","M","R","B",null,"M","?","$","M","?","R","E","R","T","M","R","E","$","?","R","B",null,"M","M","M","$","M","R","E","M","T","?","M","M","R","M","R","B",null],"character_chosen":"THE_SILENT","items_purchased":["Gremlin Horn","Deflect","Footwork","Prepared","TwistedFunnel","Footwork","Noxious Fumes","Noxious Fumes","Mummified Hand"],"campfire_rested":3,"item_purchase_floors":[2,2,2,2,20,20,30,38,38],"current_hp_per_floor":[49,49,49,43,43,29,29,29,29,22,22,22,43,43,43,6,70,70,70,70,70,57,57,57,57,57,33,33,33,33,33,55,5,75,72,70,64,64,64,64,61,56,56,56,56,56,56,56,75,40],"gold":27,"neow_bonus":"ONE_RARE_RELIC","is_prod":false,"is_daily":false,"chose_seed":false,"campfire_upgraded":7,"win_rate":0.0,"timestamp":1543209705,"path_taken":["M","$","M","M","M","E","R","?","T","E","M","M","R","M","R","BOSS","M","?","$","M","?","R","E","R","T","M","R","E","$","?","R","BOSS","M","M","M","$","?","R","E","M","T","?","M","M","R","M","R","BOSS"],"build_version":"2018-11-15","purchased_purges":1,"victory":true,"max_hp_per_floor":[70,70,70,70,70,70,70,70,70,70,70,70,70,70,70,70,70,70,70,70,70,75,75,75,75,75,75,75,75,75,75,75,75,75,75,75,75,75,75,75,75,75,75,75,75,75,75,75,75,75],"card_choices":[{"not_picked":["Escape Plan","Distraction"],"picked":"PiercingWail","floor":1},{"not_picked":["Riddle With Holes","Quick Slash"],"picked":"Backstab","floor":3},{"not_picked":["Dagger Spray","All Out Attack"],"picked":"Dodge and Roll","floor":4},{"not_picked":["Eviscerate","Leg Sweep"],"picked":"Bullet Time","floor":5},{"not_picked":["Endless Agony","Acrobatics"],"picked":"Deflect","floor":6},{"not_picked":["Acrobatics","Flechettes"],"picked":"All Out Attack","floor":10},{"not_picked":["Slice","Dodge and Roll"],"picked":"Outmaneuver","floor":11},{"not_picked":["Blade Dance","Flying Knee"],"picked":"Finisher","floor":12},{"not_picked":["Malaise","Backflip"],"picked":"Flechettes","floor":14},{"not_picked":["Glass Knife","Venomology"],"picked":"Corpse Explosion","floor":16},{"not_picked":["Endless Agony","Backflip"],"picked":"Bouncing Flask","floor":18},{"not_picked":["Dodge and Roll+1","Dagger Spray"],"picked":"Poisoned Stab+1","floor":21},{"not_picked":["Cloak And Dagger","Deadly Poison"],"picked":"Leg Sweep+1","floor":24},{"not_picked":["Leg Sweep","Accuracy"],"picked":"PiercingWail+1","floor":27},{"not_picked":["Outmaneuver","Deadly Poison"],"picked":"Cloak And Dagger","floor":29},{"not_picked":["After Image","Unload+1"],"picked":"Burst","floor":33},{"not_picked":["Dodge and Roll","Underhanded Strike+1"],"picked":"Catalyst+1","floor":35},{"not_picked":["Blade Dance","Caltrops"],"picked":"Footwork","floor":36},{"not_picked":["Acrobatics","Infinite Blades+1"],"picked":"Prepared+1","floor":37},{"not_picked":["Deflect","Dagger Spray+1"],"picked":"Bane+1","floor":39},{"not_picked":["Blade Dance+1","Dodge and Roll"],"picked":"Sucker Punch+1","floor":41},{"not_picked":["Bane+1","Dagger Throw+1"],"picked":"Leg Sweep","floor":42},{"not_picked":["PiercingWail","Quick Slash+1"],"picked":"Night Terror","floor":45},{"not_picked":["Deflect","Deadly Poison"],"picked":"Blur+1","floor":48}],"player_experience":73008,"relics_obtained":[{"floor":6,"key":"Thread and Needle"},{"floor":9,"key":"Ninja Scroll"},{"floor":10,"key":"Letter Opener"},{"floor":24,"key":"PreservedInsect"},{"floor":26,"key":"Molten Egg 2"},{"floor":29,"key":"Paper Crane"},{"floor":41,"key":"Mercury Hourglass"},{"floor":43,"key":"Juzu Bracelet"}],"event_choices":[{"damage_healed":0,"gold_gain":0,"player_choice":"Left Gold","damage_taken":0,"max_hp_gain":0,"max_hp_loss":0,"event_name":"World of Goop","floor":8,"gold_loss":27},{"damage_healed":0,"gold_gain":0,"player_choice":"Ignored","damage_taken":0,"max_hp_gain":0,"max_hp_loss":0,"event_name":"Ghosts","floor":19,"gold_loss":0},{"damage_healed":0,"gold_gain":0,"player_choice":"Shed Blood","damage_taken":18,"max_hp_gain":5,"max_hp_loss":0,"event_name":"Forgotten Altar","floor":22,"gold_loss":0},{"damage_healed":0,"gold_gain":200,"player_choice":"Gold","damage_taken":0,"max_hp_gain":0,"max_hp_loss":0,"event_name":"Wheel of Change","floor":31,"gold_loss":0},{"damage_healed":0,"gold_gain":0,"player_choice":"Paid","damage_taken":0,"relics_obtained":["Red Mask"],"max_hp_gain":0,"max_hp_loss":0,"event_name":"Tomb of Lord Red Mask","floor":44,"gold_loss":105}],"is_beta":false,"boss_relics":[{"not_picked":["Empty Cage","Cursed Key"],"picked":"Ring of the Serpent"},{"not_picked":["WristBlade","Runic Dome"],"picked":"Astrolabe"}],"items_purged_floors":[30],"is_endless":false,"potions_floor_spawned":[1,3,6,11,21,24,27,35,36,39,41,45],"ascension_level":0}