{"gold_per_floor":[110,124,25,45,56,91,91,108,177,204,221,239,270,235,235,332,332,342,441,381,397,415,415,428,443,443,443,443,443,459,478,478,579,579,593,593,606,108,108,108,108,124,169,12,29,49,49,76,76,76],"floor_reached":51,"playtime":5274,"items_purged":[],"score":698,"play_id":"8745189f-eaac-401a-bdbd-f74cfa63fcd5","local_time":"20181222165102","is_ascension_mode":false,"campfire_choices":[{"data":"Hello World","floor":7,"key":"SMITH"},{"data":"Capacitor","floor":15,"key":"SMITH"},{"data":"Seek","floor":23,"key":"SMITH"},{"data":"Fusion","floor":27,"key":"SMITH"},{"data":"White Noise","floor":29,"key":"SMITH"},{"data":"Barrage","floor":32,"key":"SMITH"},{"data":"Capacitor","floor":40,"key":"SMITH"},{"data":"Blizzard","floor":47,"key":"SMITH"},{"data":"Skim","floor":49,"key":"SMITH"}],"neow_cost":"NONE","seed_source_timestamp":83554534947624,"circlet_count":0,"master_deck":["Strike_B","Strike_B","Defend_B","Defend_B","Defend_B","Defend_B","Dualcast","Fusion+1","Reboot+1","Hello World+1","White Noise+1","Hello World+1","Rebound","Streamline","Conserve Battery","Glacier","Beam Cell","Go for the Eyes","Barrage+1","Capacitor+1","BootSequence","Beam Cell","Seek+1","Coolheaded+1","Force Field","Glacier","Streamline","Fusion+1","Ball Lightning","Force Field","Gash+1","Echo Form+1","Redo+1","Capacitor+1","Skim+1","Cold Snap","Blizzard+1","Lockon","Blizzard+1","Capacitor+1"],"relics":["Astrolabe","FossilizedHelix","Ornamental Fan","Peace Pipe","Juzu Bracelet","Eternal Feather","Nunchaku","Kunai","Coffee Dripper","Membership Card","Gremlin Horn","Centennial Puzzle","Bronze Scales","Frozen Egg 2","Strawberry"],"potions_floor_usage":[50],"damage_taken":[{"damage":0,"enemies":"Cultist","floor":1,"turns":5},{"damage":0,"enemies":"Small Slimes","floor":2,"turns":4},{"damage":4,"enemies":"2 Louse","floor":4,"turns":3},{"damage":8,"enemies":"Looter","floor":5,"turns":4},{"damage":18,"enemies":"Gremlin Nob","floor":6,"turns":5},{"damage":0,"enemies":"2 Fungi Beasts","floor":8,"turns":4},{"damage":2,"enemies":"Lagavulin","floor":10,"turns":5},{"damage":2,"enemies":"Exordium Thugs","floor":11,"turns":5},{"damage":0,"enemies":"Large Slime","floor":12,"turns":7},{"damage":14,"enemies":"Gremlin Nob","floor":13,"turns":5},{"damage":18,"enemies":"Hexaghost","floor":16,"turns":9},{"damage":0,"enemies":"Shell Parasite","floor":18,"turns":5},{"damage":4,"enemies":"2 Thieves","floor":20,"turns":4},{"damage":11,"enemies":"Snecko","floor":21,"turns":8},{"damage":17,"enemies":"Snake Plant","floor":22,"turns":7},{"damage":23,"enemies":"Centurion and Healer","floor":24,"turns":7},{"damage":22,"enemies":"Cultist and Chosen","floor":25,"turns":8},{"damage":0,"enemies":"Snake Plant","floor":30,"turns":5},{"damage":0,"enemies":"Shelled Parasite and Fungi","floor":31,"turns":7},{"damage":0,"enemies":"Automaton","floor":33,"turns":10},{"damage":13,"enemies":"3 Darklings","floor":35,"turns":7},{"damage":0,"enemies":"Orb Walker","floor":37,"turns":5},{"damage":0,"enemies":"Jaw Worm Horde","floor":42,"turns":6},{"damage":24,"enemies":"4 Shapes","floor":45,"turns":5},{"damage":9,"enemies":"Transient","floor":46,"turns":5},{"damage":66,"enemies":"Time Eater","floor":50,"turns":15}],"seed_played":"-5823081326849796381","potions_obtained":[{"floor":2,"key":"FearPotion"},{"floor":4,"key":"GamblersBrew"},{"floor":10,"key":"Block Potion"},{"floor":25,"key":"Energy Potion"}],"is_trial":false,"path_per_floor":["M","M","$","M","M","E","R","M","T","E","M","M","E","?","R","B",null,"M","?","M","M","M","R","M","M","T","R","?","R","M","M","R","B",null,"M","?","M","$","?","R","$","M","T","$","M","M","R","T","R","B",null],"character_chosen":"DEFECT","items_purchased":["Rebound","Streamline","Membership Card","Capacitor","Gremlin Horn","Skim","Cold Snap","Centennial Puzzle","Frozen Egg 2","Lockon"],"campfire_rested":0,"item_purchase_floors":[3,3,38,38,38,38,38,38,44,44],"current_hp_per_floor":[75,75,75,71,63,45,45,45,45,43,41,41,27,45,45,27,75,75,75,71,60,43,58,35,13,13,28,28,43,43,43,61,61,75,62,62,62,62,62,71,71,71,71,71,47,38,62,69,78,12],"gold":76,"neow_bonus":"BOSS_RELIC","is_prod":false,"is_daily":false,"chose_seed":false,"campfire_upgraded":9,"win_rate":0,"timestamp":1545493862,"path_taken":["M","M","$","M","M","E","R","?","T","E","M","M","E","?","R","BOSS","M","?","M","M","M","R","M","M","T","R","?","R","M","M","R","BOSS","M","?","M","?","?","R","$","M","T","$","M","M","R","?","R","BOSS"],"build_version":"2018-12-20","purchased_purges":0,"victory":true,"max_hp_per_floor":[75,75,75,75,75,75,75,75,75,75,75,75,75,75,75,75,75,75,75,75,75,75,75,75,75,75,75,75,75,75,75,75,75,75,75,75,75,75,71,71,71,71,71,71,71,71,71,78,78,78],"card_choices":[{"not_picked":["Conserve Battery","Streamline"],"picked":"White Noise","floor":1},{"not_picked":["Go for the Eyes","Rip and Tear"],"picked":"Hello World","floor":2},{"not_picked":["Skim","Beam Cell"],"picked":"Conserve Battery","floor":4},{"not_picked":["Compile Driver","Storm"],"picked":"Glacier","floor":5},{"not_picked":["Steam Power","Sweeping Beam"],"picked":"Beam Cell","floor":6},{"not_picked":["Hello World","Coolheaded"],"picked":"Go for the Eyes","floor":8},{"not_picked":["Consume","Steam Power"],"picked":"Barrage","floor":10},{"not_picked":["Compile Driver","Consume"],"picked":"Capacitor","floor":11},{"not_picked":["Sweeping Beam","Leap"],"picked":"BootSequence","floor":12},{"not_picked":["Machine Learning","Conserve Battery"],"picked":"Beam Cell","floor":13},{"not_picked":["Machine Learning","Creative AI"],"picked":"Seek","floor":16},{"not_picked":["Compile Driver","Stack"],"picked":"Coolheaded+1","floor":18},{"not_picked":["Rebound","Steam"],"picked":"Force Field","floor":20},{"not_picked":["Coolheaded+1","Scrape+1"],"picked":"Glacier","floor":21},{"not_picked":["Steam+1","Compile Driver"],"picked":"Streamline","floor":22},{"not_picked":["Streamline","Leap"],"picked":"Fusion","floor":24},{"not_picked":["Cold Snap","Scrape"],"picked":"Ball Lightning","floor":25},{"not_picked":["Thunder Strike","BootSequence"],"picked":"Force Field","floor":30},{"not_picked":["Steam","Storm"],"picked":"Gash+1","floor":31},{"not_picked":["Machine Learning","Thunder Strike"],"picked":"Echo Form","floor":33},{"not_picked":["Rebound+1","Conserve Battery"],"picked":"Redo+1","floor":35},{"not_picked":["Gash","Genetic Algorithm+1","Cold Snap"],"picked":"SKIP","floor":37},{"not_picked":["Leap+1","Double Energy+1"],"picked":"Blizzard","floor":42},{"not_picked":["Force Field+1","Conserve Battery"],"picked":"Blizzard+1","floor":45},{"not_picked":["Steam Power+1","Chaos+1"],"picked":"Capacitor+1","floor":46}],"player_experience":37529,"relics_obtained":[{"floor":6,"key":"FossilizedHelix"},{"floor":9,"key":"Ornamental Fan"},{"floor":10,"key":"Peace Pipe"},{"floor":13,"key":"Juzu Bracelet"},{"floor":26,"key":"Nunchaku"},{"floor":43,"key":"Bronze Scales"},{"floor":48,"key":"Strawberry"}],"event_choices":[{"damage_healed":18,"gold_gain":0,"player_choice":"Healed","damage_taken":0,"max_hp_gain":0,"max_hp_loss":0,"event_name":"The Cleric","floor":14,"gold_loss":35},{"damage_healed":0,"gold_gain":99,"player_choice":"Stole From Cult","damage_taken":0,"max_hp_gain":0,"max_hp_loss":0,"event_name":"Nest","floor":19,"gold_loss":0},{"damage_healed":0,"gold_gain":0,"player_choice":"Opened","damage_taken":0,"relics_obtained":["Kunai"],"max_hp_gain":0,"max_hp_loss":0,"event_name":"The Mausoleum","floor":28,"gold_loss":0},{"damage_healed":0,"gold_gain":0,"player_choice":"Forge","damage_taken":0,"max_hp_gain":0,"max_hp_loss":0,"event_name":"Accursed Blacksmith","floor":36,"gold_loss":0,"cards_upgraded":["Echo Form"]},{"damage_healed":0,"gold_gain":0,"player_choice":"Max HP","damage_taken":0,"max_hp_gain":0,"max_hp_loss":4,"event_name":"Winding Halls","floor":39,"gold_loss":0}],"is_beta":false,"boss_relics":[{"not_picked":["Philosopher\u0027s Stone","Black Star"],"picked":"Eternal Feather"},{"not_picked":["Nuclear Battery","Lizard Tail"],"picked":"Coffee Dripper"}],"items_purged_floors":[],"is_endless":false,"potions_floor_spawned":[2,4,10,12,18,21,25,31,37],"ascension_level":0}