{"gold_per_floor":[112,123,123,138,153,153,183,25,25,25,51,66,66,86,86,185,185,197,213,22,35,47,47,82,82],"floor_reached":25,"playtime":1798,"items_purged":["Strike_R"],"score":273,"play_id":"3fa18da3-7f1a-497d-a273-843c038fd85a","local_time":"20181201225622","is_ascension_mode":true,"campfire_choices":[{"data":"Limit Break","floor":6,"key":"SMITH"},{"data":"Flex","floor":10,"key":"SMITH"},{"data":"Flex","floor":13,"key":"SMITH"},{"data":"Shrug It Off","floor":15,"key":"SMITH"},{"floor":23,"key":"REST"}],"neow_cost":"NONE","seed_source_timestamp":46285484327909,"circlet_count":0,"master_deck":["Strike_R","Strike_R","Strike_R","Defend_R","Defend_R","Defend_R","Bash","Limit Break+1","Flex+1","Flex+1","Heavy Blade","Shrug It Off+1","Sword Boomerang","Limit Break+1","Inflame","Pommel Strike","Limit Break","Heavy Blade","Flex","Secret Weapon","Battle Trance+1"],"relics":["Burning Blood","The Courier","DollysMirror","Sundial","PreservedInsect","Lizard Tail","Boot"],"potions_floor_usage":[4,7,18,19,24],"damage_taken":[{"damage":7,"enemies":"2 Louse","floor":1,"turns":3},{"damage":4,"enemies":"Cultist","floor":2,"turns":4},{"damage":6,"enemies":"Jaw Worm","floor":4,"turns":3},{"damage":10,"enemies":"Looter","floor":5,"turns":3},{"damage":13,"enemies":"Lagavulin","floor":7,"turns":8},{"damage":18,"enemies":"Gremlin Nob","floor":11,"turns":4},{"damage":18,"enemies":"Large Slime","floor":12,"turns":4},{"damage":10,"enemies":"Lots of Slimes","floor":14,"turns":4},{"damage":15,"enemies":"The Guardian","floor":16,"turns":4},{"damage":22,"enemies":"Shell Parasite","floor":18,"turns":5},{"damage":15,"enemies":"3 Byrds","floor":19,"turns":3},{"damage":21,"enemies":"Cultist and Chosen","floor":21,"turns":5},{"damage":18,"enemies":"Shelled Parasite and Fungi","floor":22,"turns":4},{"damage":42,"enemies":"Gremlin Leader","floor":24,"turns":5},{"damage":0,"enemies":"Snecko","floor":25,"turns":3}],"seed_played":"-5523249799245563663","potions_obtained":[{"floor":2,"key":"LiquidBronze"},{"floor":4,"key":"Fruit Juice"},{"floor":5,"key":"Weak Potion"},{"floor":12,"key":"Block Potion"},{"floor":21,"key":"Strength Potion"},{"floor":22,"key":"Weak Potion"}],"is_trial":false,"path_per_floor":["M","M","?","M","M","R","E","$","T","R","E","M","R","M","R","B",null,"M","M","$","M","M","R","E","M"],"character_chosen":"IRONCLAD","items_purchased":["DollysMirror","Secret Weapon"],"campfire_rested":1,"item_purchase_floors":[8,20],"current_hp_per_floor":[79,80,80,85,81,81,74,74,74,74,62,50,50,46,46,37,85,69,60,60,45,33,58,22,22],"gold":82,"neow_bonus":"TRANSFORM_CARD","is_prod":false,"is_daily":false,"chose_seed":false,"campfire_upgraded":4,"win_rate":0,"timestamp":1543672582,"path_taken":["M","M","?","M","M","R","E","$","T","R","E","?","R","M","R","BOSS","M","M","$","M","M","R","E","M"],"build_version":"2018-11-15","purchased_purges":1,"victory":false,"max_hp_per_floor":[80,80,80,85,85,85,85,85,85,85,85,85,85,85,85,85,85,85,85,85,85,85,85,85,85],"card_choices":[{"not_picked":["Twin Strike","Wild Strike"],"picked":"Flex","floor":1},{"not_picked":["Wild Strike","Iron Wave","Corruption"],"picked":"SKIP","floor":2},{"not_picked":["Burning Pact","Wild Strike"],"picked":"Heavy Blade","floor":4},{"not_picked":["Entrench","True Grit"],"picked":"Shrug It Off","floor":5},{"not_picked":["Dark Embrace","Intimidate"],"picked":"Sword Boomerang","floor":7},{"not_picked":["Shrug It Off","Wild Strike"],"picked":"Inflame","floor":11},{"not_picked":["Spot Weakness","Searing Blow","Pummel"],"picked":"SKIP","floor":12},{"not_picked":["Warcry","Dropkick"],"picked":"Pommel Strike","floor":14},{"not_picked":["Bludgeon","Dark Embrace"],"picked":"Limit Break","floor":16},{"not_picked":["Sword Boomerang","Pummel+1"],"picked":"Heavy Blade","floor":18},{"not_picked":["Inflame","Intimidate"],"picked":"Flex","floor":19},{"not_picked":["Body Slam","Fiend Fire","Twin Strike"],"picked":"SKIP","floor":21},{"not_picked":["Corruption+1","True Grit+1"],"picked":"Battle Trance+1","floor":22},{"not_picked":["Twin Strike","Sentinel","Shockwave+1"],"picked":"SKIP","floor":24}],"player_experience":129255,"relics_obtained":[{"floor":7,"key":"The Courier"},{"floor":9,"key":"Sundial"},{"floor":11,"key":"PreservedInsect"},{"floor":24,"key":"Boot"}],"event_choices":[{"damage_healed":0,"gold_gain":0,"cards_transformed":["Defend_R"],"player_choice":"Transformed","damage_taken":0,"max_hp_gain":0,"max_hp_loss":0,"event_name":"Transmorgrifier","floor":3,"gold_loss":0,"cards_obtained":["Flex"]}],"is_beta":false,"boss_relics":[{"not_picked":["Snecko Eye","Mark of Pain"],"picked":"Lizard Tail"}],"items_purged_floors":[20],"is_endless":false,"potions_floor_spawned":[2,4,5,12,21,22],"killed_by":"Snecko","ascension_level":1}