{"gold_per_floor":[119,119,143,163,186,186,197,197,197,266,266,278,292,367,367,367],"floor_reached":16,"playtime":490,"items_purged":[],"score":90,"play_id":"6523ed7f-5a81-4277-a3b6-6783ed1327ad","local_time":"20181002213956","is_ascension_mode":false,"campfire_choices":[{"data":"Cleave","floor":6,"key":"SMITH"},{"data":"Bash","floor":11,"key":"SMITH"},{"floor":15,"key":"REST"}],"neow_cost":"NONE","seed_source_timestamp":17329041864758,"circlet_count":0,"master_deck":["Strike_R","Strike_R","Strike_R","Strike_R","Strike_R","Defend_R","Defend_R","Defend_R","Defend_R","Bash+1","Cleave+1","Headbutt","Shockwave","Cleave"],"relics":["Eternal Feather","Blood Vial"],"potions_floor_usage":[12,16],"damage_taken":[{"damage":8,"enemies":"Jaw Worm","floor":1,"turns":4},{"damage":2,"enemies":"Small Slimes","floor":4,"turns":3},{"damage":6,"enemies":"Cultist","floor":7,"turns":3},{"damage":17,"enemies":"Exordium Thugs","floor":12,"turns":3},{"damage":4,"enemies":"Blue Slaver","floor":13,"turns":4},{"damage":89,"enemies":"The Guardian","floor":16,"turns":10}],"seed_played":"5221213295327766213","potions_obtained":[{"floor":1,"key":"AttackPotion"},{"floor":12,"key":"Ancient Potion"},{"floor":13,"key":"LiquidBronze"}],"is_trial":false,"path_per_floor":["M","?","T","M","T","R","M","?","T","?","R","M","M","?","R"],"character_chosen":"IRONCLAD","items_purchased":[],"campfire_rested":1,"item_purchase_floors":[],"current_hp_per_floor":[72,72,72,72,72,78,74,79,79,79,85,68,66,55,85,0],"gold":367,"neow_bonus":"BOSS_RELIC","is_prod":false,"is_daily":false,"chose_seed":false,"campfire_upgraded":2,"win_rate":0,"timestamp":1538509196,"path_taken":["M","?","?","M","?","R","M","?","T","?","R","M","M","?","R","BOSS"],"build_version":"2018-09-27","purchased_purges":0,"victory":false,"max_hp_per_floor":[80,80,80,80,80,80,80,85,85,85,85,85,85,85,85,85],"card_choices":[{"not_picked":["Seeing Red","Rupture"],"picked":"Cleave","floor":1},{"not_picked":["Corruption","Thunderclap"],"picked":"Headbutt","floor":4},{"not_picked":["Warcry","Ghostly Armor","Body Slam"],"picked":"SKIP","floor":7},{"not_picked":["True Grit","Havoc"],"picked":"Shockwave","floor":12},{"not_picked":["Sentinel","Reckless Charge"],"picked":"Cleave","floor":13}],"player_experience":213116,"relics_obtained":[{"floor":3,"key":"Blood Vial"}],"event_choices":[{"event_name":"Liars Game","player_choice":"disagreed","floor":2,"damage_taken":0},{"event_name":"Big Fish","player_choice":"Donut","floor":8,"damage_taken":0},{"event_name":"Golden Wing","player_choice":"Gained Gold","floor":10,"damage_taken":0},{"event_name":"World of Goop","player_choice":"Gather Gold","floor":14,"damage_taken":0}],"is_beta":false,"boss_relics":[],"items_purged_floors":[],"is_endless":false,"potions_floor_spawned":[1,12,13],"killed_by":"The Guardian","ascension_level":0}