{"gold_per_floor":[112,124,139,151,171,171,182,216,216,231,231,248,299,309,309,309],"floor_reached":16,"playtime":597,"items_purged":[],"score":108,"play_id":"dd695794-fa70-4269-bb71-c5814b6e8a28","local_time":"20190321165807","is_ascension_mode":false,"campfire_choices":[{"data":"Poisoned Stab","floor":6,"key":"SMITH"},{"floor":15,"key":"REST"}],"neow_cost":"NONE","seed_source_timestamp":145228846501294,"circlet_count":0,"master_deck":["Defend_G","Defend_G","Defend_G","Defend_G","Defend_G","Strike_G","Strike_G","Strike_G","Strike_G+1","Strike_G+1","Survivor","Neutralize","Poisoned Stab+1","Flying Knee","Prepared","Bane","Sucker Punch","Flying Knee","Poisoned Stab","Deadly Poison","Crippling Poison"],"relics":["Ring of the Snake","Calipers","Singing Bowl","Bag of Marbles"],"potions_floor_usage":[2,7,12,16],"damage_taken":[{"damage":1,"enemies":"Cultist","floor":1,"turns":4},{"damage":0,"enemies":"2 Louse","floor":2,"turns":2},{"damage":5,"enemies":"Jaw Worm","floor":3,"turns":4},{"damage":2,"enemies":"Looter","floor":4,"turns":4},{"damage":0,"enemies":"Blue Slaver","floor":5,"turns":4},{"damage":6,"enemies":"3 Louse","floor":7,"turns":6},{"damage":24,"enemies":"Gremlin Nob","floor":8,"turns":4},{"damage":8,"enemies":"Large Slime","floor":10,"turns":4},{"damage":1,"enemies":"2 Fungi Beasts","floor":12,"turns":3},{"damage":0,"enemies":"3 Louse","floor":14,"turns":3},{"damage":46,"enemies":"Slime Boss","floor":16,"turns":10}],"seed_played":"-2908717121181289962","potions_obtained":[{"floor":0,"key":"Regen Potion"},{"floor":0,"key":"AttackPotion"},{"floor":0,"key":"SmokeBomb"},{"floor":2,"key":"LiquidBronze"},{"floor":10,"key":"Weak Potion"},{"floor":12,"key":"SpeedPotion"}],"is_trial":false,"path_per_floor":["M","M","M","M","M","R","M","E","T","M","?","M","T","M","R","B"],"character_chosen":"THE_SILENT","items_purchased":[],"campfire_rested":1,"item_purchase_floors":[],"current_hp_per_floor":[69,69,64,62,62,62,70,46,46,38,24,23,23,25,46,0],"gold":309,"neow_bonus":"THREE_SMALL_POTIONS","is_prod":false,"is_daily":false,"chose_seed":false,"campfire_upgraded":1,"win_rate":0.0,"timestamp":1553183887,"path_taken":["M","?","?","M","M","R","M","E","T","M","?","M","?","M","R","BOSS"],"build_version":"2019-01-23","purchased_purges":0,"victory":false,"max_hp_per_floor":[70,70,70,70,70,70,70,70,70,70,70,70,70,72,72,72],"card_choices":[{"not_picked":["Slice","Crippling Poison"],"picked":"Poisoned Stab","floor":1},{"not_picked":["Slice","Reflex"],"picked":"Flying Knee","floor":2},{"not_picked":["Underhanded Strike","Endless Agony"],"picked":"Prepared","floor":3},{"not_picked":["Skewer","Infinite Blades"],"picked":"Bane","floor":4},{"not_picked":["Doppelganger","Blade Dance"],"picked":"Sucker Punch","floor":5},{"not_picked":["Blade Dance","Tools of the Trade"],"picked":"Flying Knee","floor":7},{"not_picked":["Calculated Gamble","Blade Dance"],"picked":"Poisoned Stab","floor":8},{"not_picked":["Reflex","Deflect"],"picked":"Deadly Poison","floor":10},{"not_picked":["Bouncing Flask","Riddle With Holes"],"picked":"Crippling Poison","floor":12},{"not_picked":["Dagger Throw","Eviscerate","Dodge and Roll"],"picked":"Singing Bowl","floor":14}],"player_experience":341240,"relics_obtained":[{"floor":8,"key":"Calipers"},{"floor":9,"key":"Singing Bowl"},{"floor":13,"key":"Bag of Marbles"}],"event_choices":[{"damage_healed":0,"gold_gain":0,"player_choice":"Entered Light","damage_taken":14,"max_hp_gain":0,"max_hp_loss":0,"event_name":"Shining Light","floor":11,"gold_loss":0,"cards_upgraded":["Strike_G","Strike_G"]}],"is_beta":false,"boss_relics":[],"items_purged_floors":[],"is_endless":false,"potions_floor_spawned":[1,2,10,12],"killed_by":"Slime Boss","ascension_level":0}