{"gold_per_floor":[212,223,223,223,233,233,249,249,273,289,300,312,312,345,345,445,445,459,459,474,474,474,50,63,63,63,79,113,0,20,20,20,20],"floor_reached":33,"playtime":993,"items_purged":[],"score":319,"play_id":"0600e2a8-2ba3-44c8-8eda-c90eb34aa413","local_time":"20190323191732","is_ascension_mode":false,"campfire_choices":[{"data":"Skewer","floor":6.0,"key":"SMITH"},{"data":"Tactician","floor":8.0,"key":"SMITH"},{"data":"Terror","floor":13.0,"key":"SMITH"},{"data":"Dash","floor":15.0,"key":"SMITH"},{"floor":25.0,"key":"REST"},{"floor":32,"key":"REST"}],"neow_cost":"NONE","seed_source_timestamp":325431583880801,"circlet_count":0,"master_deck":["Defend_G","Defend_G","Defend_G","Defend_G","Defend_G","Strike_G","Strike_G","Strike_G+1","Strike_G","Strike_G","Survivor","Neutralize","Skewer+1","Dagger Throw+1","Tactician+1","Terror+1","Quick Slash","Dash+1","Tools of the Trade+1","Dagger Throw","Backstab","Underhanded Strike+1","Leg Sweep","Dagger Throw+1"],"special_seed":0,"relics":["Ring of the Snake","Smiling Mask","Juzu Bracelet","Black Star","HandDrill","Lantern","Mango","Whetstone","Singing Bowl"],"potions_floor_usage":[33],"damage_taken":[{"damage":1.0,"enemies":"2 Louse","floor":1.0,"turns":3.0},{"damage":0.0,"enemies":"Small Slimes","floor":2.0,"turns":3.0},{"damage":0.0,"enemies":"Jaw Worm","floor":5.0,"turns":3.0},{"damage":0.0,"enemies":"3 Louse","floor":7.0,"turns":5.0},{"damage":0.0,"enemies":"Red Slaver","floor":10.0,"turns":4.0},{"damage":0.0,"enemies":"Blue Slaver","floor":11.0,"turns":3.0},{"damage":0.0,"enemies":"2 Fungi Beasts","floor":12.0,"turns":2.0},{"damage":0.0,"enemies":"Gremlin Nob","floor":14.0,"turns":2.0},{"damage":23.0,"enemies":"Slime Boss","floor":16.0,"turns":7.0},{"damage":0.0,"enemies":"Chosen","floor":18.0,"turns":4.0},{"damage":11.0,"enemies":"2 Thieves","floor":20.0,"turns":4.0},{"damage":0.0,"enemies":"Snake Plant","floor":24.0,"turns":2.0},{"damage":9.0,"enemies":"Shelled Parasite and Fungi","floor":27.0,"turns":4.0},{"damage":44,"enemies":"Book of Stabbing","floor":28,"turns":6},{"damage":7,"enemies":"Centurion and Healer","floor":30,"turns":5},{"damage":0,"enemies":"Automaton","floor":33,"turns":2}],"seed_played":"4071258066491665763","potions_obtained":[{"floor":1.0,"key":"Swift Potion"},{"floor":2.0,"key":"Fire Potion"},{"floor":5.0,"key":"Dexterity Potion"},{"floor":14.0,"key":"Swift Potion"},{"floor":20.0,"key":"Ancient Potion"},{"floor":24.0,"key":"SkillPotion"}],"is_trial":false,"path_per_floor":["M","M","?","?","M","R","M","R","T","M","M","M","R","E","R","B",null,"M","?","M","?","?","$","M","R","T","M","E","?","M","?","R","B"],"character_chosen":"THE_SILENT","items_purchased":["HandDrill","Backstab","Lantern"],"campfire_rested":2,"item_purchase_floors":[23,23,23],"current_hp_per_floor":[69,69,74,74,74,74,74,74,74,74,74,74,74,74,74,51,75,75,75,64,64,64,64,64,75,89,80,36,36,29,29,55,55],"gold":20,"neow_bonus":"HUNDRED_GOLD","is_prod":false,"is_daily":false,"chose_seed":false,"campfire_upgraded":4,"win_rate":0.0,"timestamp":1553365052,"path_taken":["M","M","?","?","M","R","M","R","T","M","M","M","R","E","R","BOSS","M","?","M","?","?","?","M","R","T","M","E","?","M","?","R","BOSS"],"build_version":"2019-01-23","purchased_purges":0,"victory":false,"max_hp_per_floor":[70,70,75,75,75,75,75,75,75,75,75,75,75,75,75,75,75,75,75,75,75,75,75,75,75,89,89,89,89,89,89,89,89],"card_choices":[{"not_picked":["Backflip","Dagger Spray"],"picked":"Skewer","floor":1.0},{"not_picked":["Distraction","Prepared"],"picked":"Dagger Throw","floor":2.0},{"not_picked":["Flechettes","Dagger Spray","Sucker Punch"],"picked":"SKIP","floor":5.0},{"not_picked":["Doppelganger","Blur"],"picked":"Tactician","floor":7.0},{"not_picked":["PiercingWail","Backflip"],"picked":"Terror","floor":10.0},{"not_picked":["Infinite Blades","Flechettes"],"picked":"Quick Slash","floor":11.0},{"not_picked":["Crippling Poison","Deadly Poison","Blade Dance"],"picked":"SKIP","floor":12.0},{"not_picked":["Poisoned Stab","Crippling Poison"],"picked":"Dash","floor":14.0},{"not_picked":["Night Terror","Corpse Explosion"],"picked":"Tools of the Trade","floor":16.0},{"not_picked":["PiercingWail+1","Deadly Poison"],"picked":"Dagger Throw","floor":18.0},{"not_picked":["Bouncing Flask","Masterful Stab","Accuracy"],"picked":"SKIP","floor":20.0},{"not_picked":["Noxious Fumes+1","Poisoned Stab+1","Blade Dance"],"picked":"SKIP","floor":24.0},{"not_picked":["Dash+1","Blade Dance"],"picked":"Underhanded Strike+1","floor":27.0},{"not_picked":["Setup","Predator"],"picked":"Leg Sweep","floor":28},{"not_picked":["Flying Knee","Dash"],"picked":"Dagger Throw+1","floor":30}],"player_experience":375210,"relics_obtained":[{"floor":9.0,"key":"Smiling Mask"},{"floor":14.0,"key":"Juzu Bracelet"},{"floor":26.0,"key":"Mango"},{"floor":28,"key":"Whetstone"},{"floor":28,"key":"Singing Bowl"}],"event_choices":[{"damage_healed":0.0,"max_hp_gain":5.0,"max_hp_loss":0.0,"gold_gain":0.0,"event_name":"Big Fish","player_choice":"Donut","floor":3.0,"gold_loss":0.0,"damage_taken":0.0},{"damage_healed":0.0,"max_hp_gain":0.0,"max_hp_loss":0.0,"gold_gain":0.0,"event_name":"The Cleric","player_choice":"Leave","floor":4.0,"gold_loss":0.0,"damage_taken":0.0},{"damage_healed":0.0,"max_hp_gain":0.0,"max_hp_loss":0.0,"gold_gain":0.0,"event_name":"Cursed Tome","player_choice":"Ignored","floor":19.0,"gold_loss":0.0,"damage_taken":0.0},{"damage_healed":0.0,"max_hp_gain":0.0,"max_hp_loss":0.0,"gold_gain":0.0,"event_name":"Upgrade Shrine","player_choice":"Upgraded","floor":21.0,"gold_loss":0.0,"damage_taken":0.0,"cards_upgraded":["Tools of the Trade"]},{"damage_healed":0.0,"max_hp_gain":0.0,"max_hp_loss":0.0,"gold_gain":0.0,"event_name":"Purifier","player_choice":"Ignored","floor":22.0,"gold_loss":0.0,"damage_taken":0.0},{"damage_healed":0,"gold_gain":0,"player_choice":"Paid Fearfully","damage_taken":0,"max_hp_gain":0,"max_hp_loss":0,"event_name":"Masked Bandits","floor":29,"gold_loss":113},{"damage_healed":0,"gold_gain":0,"player_choice":"Ignored","damage_taken":0,"max_hp_gain":0,"max_hp_loss":0,"event_name":"Beggar","floor":31,"gold_loss":0}],"is_beta":false,"boss_relics":[{"not_picked":["Orrery","Calling Bell"],"picked":"Black Star"}],"items_purged_floors":[],"is_endless":false,"potions_floor_spawned":[1,2,5,14,20,24],"killed_by":"Automaton","ascension_level":0}