{"gold_per_floor":[111,186,39,39,59,85,99,110,191,207,162,162,177,195,195,292,292,306,325,79,79,79,79,79,94,167,186,186],"floor_reached":28,"playtime":764,"items_purged":[],"score":222,"play_id":"a41e50a9-17eb-4ccf-84d8-579728344298","local_time":"20181002193424","is_ascension_mode":false,"campfire_choices":[{"floor":12,"key":"REST"},{"floor":15,"key":"REST"},{"floor":24,"key":"REST"}],"neow_cost":"","seed_source_timestamp":9523240483964,"circlet_count":0,"master_deck":["Strike_R","Strike_R","Strike_R","Strike_R","Strike_R","Defend_R","Defend_R","Defend_R","Defend_R","Bash","Pommel Strike","Heavy Blade","Pommel Strike","Wild Strike","Wild Strike","Clothesline","Twin Strike","Thunderclap","Feed","Cleave+1","Perfected Strike","Feed","Pommel Strike+1","Perfected Strike"],"relics":["Burning Blood","Bag of Preparation","Torii","Boot","Letter Opener","Black Star","DollysMirror","MutagenicStrength","Bottled Lightning"],"potions_floor_usage":[6,6,10,14,25,28],"damage_taken":[{"damage":6,"enemies":"Jaw Worm","floor":1,"turns":3},{"damage":1,"enemies":"Small Slimes","floor":5,"turns":3},{"damage":46,"enemies":"Lagavulin","floor":6,"turns":7},{"damage":1,"enemies":"2 Louse","floor":7,"turns":2},{"damage":14,"enemies":"2 Fungi Beasts","floor":8,"turns":3},{"damage":9,"enemies":"Exordium Wildlife","floor":10,"turns":3},{"damage":2,"enemies":"Looter","floor":13,"turns":4},{"damage":1,"enemies":"Large Slime","floor":14,"turns":3},{"damage":35,"enemies":"Hexaghost","floor":16,"turns":11},{"damage":16,"enemies":"3 Byrds","floor":18,"turns":5},{"damage":45,"enemies":"2 Thieves","floor":19,"turns":5},{"damage":36,"enemies":"Sentry and Sphere","floor":25,"turns":4},{"damage":18,"enemies":"Snecko","floor":27,"turns":4},{"damage":21,"enemies":"3 Cultists","floor":28,"turns":3}],"seed_played":"-5981250482602334617","potions_obtained":[{"floor":1,"key":"Block Potion"},{"floor":5,"key":"Poison Potion"},{"floor":7,"key":"Weak Potion"},{"floor":10,"key":"SkillPotion"},{"floor":13,"key":"SneckoOil"},{"floor":19,"key":"BloodPotion"},{"floor":25,"key":"LiquidBronze"}],"is_trial":false,"path_per_floor":["M","?","$","?","M","E","M","M","T","M","$","R","M","M","R","B",null,"M","M","$","?","?","$","R","M","T","M"],"character_chosen":"IRONCLAD","items_purchased":["Bag of Preparation","Twin Strike","Perfected Strike","DollysMirror"],"campfire_rested":3,"item_purchase_floors":[3,11,20,20],"current_hp_per_floor":[80,69,69,66,71,31,36,28,28,25,25,49,53,58,80,51,80,73,37,37,20,20,20,47,29,29,17,0],"gold":186,"neow_bonus":"","is_prod":false,"is_daily":false,"chose_seed":false,"campfire_upgraded":0,"win_rate":0,"timestamp":1538501664,"path_taken":["M","?","?","?","M","E","M","M","T","M","$","R","M","M","R","BOSS","M","M","$","?","?","$","R","M","T","M","M"],"build_version":"2018-09-27","purchased_purges":0,"victory":false,"max_hp_per_floor":[80,80,80,80,80,80,80,80,80,80,80,80,80,80,80,80,80,83,86,86,91,91,91,91,94,94,94,94],"card_choices":[{"not_picked":["Metallicize","Entrench"],"picked":"Pommel Strike","floor":1},{"not_picked":["Body Slam","Power Through"],"picked":"Heavy Blade","floor":5},{"not_picked":["Anger","Feed"],"picked":"Pommel Strike","floor":6},{"not_picked":["Burning Pact","True Grit"],"picked":"Wild Strike","floor":7},{"not_picked":["Second Wind","Uppercut"],"picked":"Wild Strike","floor":8},{"not_picked":["Burning Pact","Havoc"],"picked":"Clothesline","floor":10},{"not_picked":["Warcry","Iron Wave"],"picked":"Thunderclap","floor":13},{"not_picked":["Thunderclap","Disarm","Burning Pact"],"picked":"SKIP","floor":14},{"not_picked":["Immolate","Fiend Fire"],"picked":"Feed","floor":16},{"not_picked":["Sword Boomerang","Wild Strike","Corruption"],"picked":"SKIP","floor":18},{"not_picked":["Corruption+1","Sword Boomerang+1"],"picked":"Cleave+1","floor":19},{"not_picked":["Clash+1","Perfected Strike"],"picked":"Pommel Strike+1","floor":25},{"not_picked":["Hemokinesis","Sever Soul"],"picked":"Perfected Strike","floor":27}],"player_experience":207711,"relics_obtained":[{"floor":6,"key":"Boot"},{"floor":9,"key":"Letter Opener"},{"floor":26,"key":"Bottled Lightning"}],"event_choices":[{"event_name":"World of Goop","player_choice":"Gather Gold","floor":2,"damage_taken":0},{"event_name":"Scrap Ooze","player_choice":"success","floor":4,"damage_taken":3},{"event_name":"Forgotten Altar","player_choice":"Shed Blood","floor":21,"damage_taken":0},{"event_name":"Drug Dealer","player_choice":"Inject Mutagens","floor":22,"damage_taken":0}],"is_beta":false,"boss_relics":[{"not_picked":["Runic Pyramid","Sozu"],"picked":"Black Star"}],"items_purged_floors":[],"is_endless":false,"potions_floor_spawned":[1,5,7,10,13,19,25],"killed_by":"3 Cultists","ascension_level":0}