{"gold_per_floor":[113,46,56,70,145,145,159,5,5,5,5,5,40,40,40,145,145,161,181,75,94,42,42,42,61,61,96,116,116,128,139,139,241,241,257,257,270,270],"floor_reached":38,"playtime":944,"items_purged":[],"score":396,"play_id":"e0d43d7d-9dbb-4bdb-b2fd-a3a59e076963","local_time":"20190319022628","is_ascension_mode":false,"campfire_choices":[{"data":"Demon Form","floor":6.0,"key":"SMITH"},{"floor":10.0,"key":"REST"},{"data":"Pommel Strike","floor":15.0,"key":"SMITH"},{"floor":23.0,"key":"REST"},{"floor":29.0,"key":"REST"},{"floor":32.0,"key":"REST"}],"neow_cost":"NONE","seed_source_timestamp":0,"circlet_count":0,"master_deck":["Strike_R","Strike_R","Strike_R","Strike_R","Strike_R","Defend_R","Defend_R","Defend_R","Defend_R","Bash","Demon Form+1","Pommel Strike","Thunderclap","Pommel Strike+1","Perfected Strike+1","Infernal Blade+1","Offering+1","Twin Strike","Sword Boomerang","Inflame","Flex+1","Twin Strike+1","Wild Strike","Wild Strike","Inflame","Pummel+1","Shrug It Off+1","Wild Strike+1"],"special_seed":0,"relics":["Burning Blood","Regal Pillow","Toxic Egg 2","Dodecahedron","Runic Cube","Darkstone Periapt","Molten Egg 2","Mark of Pain","Happy Flower"],"potions_floor_usage":[],"damage_taken":[{"damage":6.0,"enemies":"Cultist","floor":1.0,"turns":3.0},{"damage":7.0,"enemies":"2 Louse","floor":3.0,"turns":2.0},{"damage":0.0,"enemies":"Small Slimes","floor":4.0,"turns":3.0},{"damage":18.0,"enemies":"Exordium Thugs","floor":7.0,"turns":5.0},{"damage":31.0,"enemies":"3 Sentries","floor":13.0,"turns":5.0},{"damage":47.0,"enemies":"Hexaghost","floor":16.0,"turns":6.0},{"damage":10.0,"enemies":"Spheric Guardian","floor":18.0,"turns":3.0},{"damage":10.0,"enemies":"Chosen","floor":19.0,"turns":4.0},{"damage":37.0,"enemies":"Snake Plant","floor":21.0,"turns":4.0},{"damage":10.0,"enemies":"Centurion and Healer","floor":25.0,"turns":4.0},{"damage":30.0,"enemies":"Book of Stabbing","floor":27.0,"turns":4.0},{"damage":8.0,"enemies":"Snecko","floor":28.0,"turns":3.0},{"damage":11.0,"enemies":"Cultist and Chosen","floor":30.0,"turns":2.0},{"damage":21.0,"enemies":"Centurion and Healer","floor":31.0,"turns":2.0},{"damage":66,"enemies":"Champ","floor":33,"turns":7},{"damage":41,"enemies":"3 Darklings","floor":35,"turns":4},{"damage":13,"enemies":"3 Shapes","floor":37,"turns":4},{"damage":40,"enemies":"Writhing Mass","floor":38,"turns":3}],"seed_played":"7721697156416968920","potions_obtained":[{"floor":3.0,"key":"Regen Potion"},{"floor":7.0,"key":"Block Potion"},{"floor":25.0,"key":"Block Potion"},{"floor":27.0,"key":"PowerPotion"},{"floor":30.0,"key":"PowerPotion"},{"floor":33,"key":"SpeedPotion"},{"floor":37,"key":"SpeedPotion"}],"is_trial":false,"path_per_floor":["M","$","M","M","?","R","M","$","T","R","?","$","E","?","R","B",null,"M","M","$","M","$","R","?","M","T","E","M","R","M","M","R","B",null,"M","?","M","M"],"character_chosen":"IRONCLAD","items_purchased":["Dropkick","Regal Pillow","Inflame","Flex+1","Wild Strike"],"campfire_rested":4,"item_purchase_floors":[2,8,20,20,22],"current_hp_per_floor":[80,80,79,80,69,69,57,57,57,80,80,80,60,80,80,39,80,76,72,72,41,41,80,80,76,76,52,50,80,75,60,80,20,80,45,45,38,0],"gold":270,"neow_bonus":"ONE_RANDOM_RARE_CARD","is_prod":false,"is_daily":false,"chose_seed":false,"campfire_upgraded":2,"win_rate":0,"timestamp":1552958788,"path_taken":["M","?","M","?","?","R","M","$","T","R","?","$","E","?","R","BOSS","M","M","$","M","$","R","?","M","T","E","M","R","M","M","R","BOSS","M","?","M","M"],"build_version":"2019-01-23","purchased_purges":0,"victory":false,"max_hp_per_floor":[80,80,80,80,80,80,80,80,80,80,80,80,80,80,80,80,80,80,80,80,80,80,80,80,80,80,80,80,80,80,80,80,80,80,80,80,80,80],"card_choices":[{"not_picked":["Warcry","True Grit"],"picked":"Pommel Strike","floor":1.0},{"not_picked":["Carnage","Armaments"],"picked":"Thunderclap","floor":3.0},{"not_picked":["Spot Weakness","True Grit"],"picked":"Pommel Strike","floor":4.0},{"not_picked":["Clash","Blood for Blood"],"picked":"Perfected Strike","floor":7.0},{"not_picked":["Havoc+1","Anger"],"picked":"Infernal Blade+1","floor":13.0},{"not_picked":["Berserk","Demon Form"],"picked":"Offering+1","floor":16.0},{"not_picked":["Flex+1","Headbutt"],"picked":"Twin Strike","floor":18.0},{"not_picked":["Burning Pact+1","True Grit+1"],"picked":"Sword Boomerang","floor":19.0},{"not_picked":["Flex+1","Ghostly Armor+1"],"picked":"Twin Strike+1","floor":21.0},{"not_picked":["Armaments+1","Combust+1"],"picked":"Wild Strike","floor":25.0},{"not_picked":["Fiend Fire","True Grit+1"],"picked":"Inflame","floor":27.0},{"not_picked":["Fire Breathing+1","Feel No Pain+1"],"picked":"Pummel+1","floor":28.0},{"not_picked":["Sword Boomerang+1","Combust","Blood for Blood+1"],"picked":"SKIP","floor":30.0},{"not_picked":["Bloodletting+1","Combust","True Grit+1"],"picked":"SKIP","floor":31.0},{"not_picked":["Uppercut+1","Iron Wave+1"],"picked":"Shrug It Off+1","floor":35},{"not_picked":["Headbutt+1","Battle Trance+1"],"picked":"Wild Strike+1","floor":37}],"player_experience":318797,"relics_obtained":[{"floor":9.0,"key":"Toxic Egg 2"},{"floor":13.0,"key":"Dodecahedron"},{"floor":26.0,"key":"Darkstone Periapt"},{"floor":27.0,"key":"Molten Egg 2"}],"event_choices":[{"damage_healed":0.0,"max_hp_gain":0.0,"max_hp_loss":0.0,"gold_gain":75.0,"event_name":"World of Goop","player_choice":"Gather Gold","floor":5.0,"gold_loss":0.0,"damage_taken":11.0},{"damage_healed":0.0,"max_hp_gain":0.0,"max_hp_loss":0.0,"gold_gain":0.0,"event_name":"Living Wall","player_choice":"Grow","floor":11.0,"gold_loss":0.0,"damage_taken":0.0,"cards_upgraded":["Perfected Strike"]},{"cards_removed":["Dropkick"],"damage_healed":20.0,"max_hp_gain":0.0,"max_hp_loss":0.0,"gold_gain":0.0,"event_name":"Bonfire Elementals","player_choice":"Offered Uncommon","floor":14.0,"gold_loss":0.0,"damage_taken":0.0},{"damage_healed":0.0,"max_hp_gain":0.0,"max_hp_loss":0.0,"gold_gain":0.0,"event_name":"Beggar","player_choice":"Ignored","floor":24.0,"gold_loss":0.0,"damage_taken":0.0},{"damage_healed":0,"gold_gain":0,"player_choice":"Gave Potion","damage_taken":0,"relics_obtained":["Happy Flower"],"max_hp_gain":0,"max_hp_loss":0,"event_name":"WeMeetAgain","floor":36,"gold_loss":0}],"is_beta":false,"boss_relics":[{"not_picked":["Astrolabe","Empty Cage"],"picked":"Runic Cube"},{"not_picked":["Coffee Dripper","Cursed Key"],"picked":"Mark of Pain"}],"items_purged_floors":[],"is_endless":false,"potions_floor_spawned":[3,7,25,27,30,33,37],"killed_by":"Writhing Mass","ascension_level":0}