{"gold_per_floor":[363,55,55,69,86,86,97,108,108,108,121,86,114,93,93,93],"floor_reached":16,"playtime":507,"items_purged":["Strike_R"],"score":153,"play_id":"ba3a562a-fb7e-465a-bca3-beeb881eb48b","local_time":"20190320180852","is_ascension_mode":true,"campfire_choices":[{"data":"Cleave","floor":6,"key":"SMITH"},{"data":"Shockwave","floor":10,"key":"SMITH"},{"data":"Spot Weakness","floor":15,"key":"SMITH"}],"neow_cost":"TEN_PERCENT_HP_LOSS","seed_source_timestamp":12011158624659,"circlet_count":0,"master_deck":["AscendersBane","Strike_R","Strike_R","Strike_R","Strike_R","Defend_R","Defend_R","Defend_R","Defend_R","Bash","Spot Weakness+1","Cleave+1","Cleave","Shockwave+1","Disarm"],"relics":["Burning Blood","Regal Pillow","Potion Belt","Bronze Scales"],"potions_floor_usage":[7],"damage_taken":[{"damage":17,"enemies":"Jaw Worm","floor":1,"turns":5},{"damage":0,"enemies":"Cultist","floor":4,"turns":4},{"damage":9,"enemies":"2 Louse","floor":5,"turns":3},{"damage":3,"enemies":"Large Slime","floor":7,"turns":4},{"damage":11,"enemies":"Blue Slaver","floor":8,"turns":4},{"damage":21,"enemies":"Exordium Wildlife","floor":11,"turns":5},{"damage":15,"enemies":"3 Sentries","floor":13,"turns":4},{"damage":57,"enemies":"Slime Boss","floor":16,"turns":9}],"seed_played":"4633660691981787342","potions_obtained":[{"floor":4,"key":"Poison Potion"},{"floor":5,"key":"Block Potion"},{"floor":8,"key":"LiquidBronze"},{"floor":13,"key":"Ancient Potion"}],"is_trial":false,"path_per_floor":["M","$","?","M","M","R","M","M","T","R","M","?","E","?","R","B"],"character_chosen":"IRONCLAD","items_purchased":["Regal Pillow","Spot Weakness"],"campfire_rested":0,"item_purchase_floors":[2,2],"current_hp_per_floor":[61,61,61,67,64,64,67,62,62,62,47,65,56,56,56,0],"gold":93,"neow_bonus":"TWO_FIFTY_GOLD","is_prod":false,"is_daily":false,"chose_seed":false,"campfire_upgraded":3,"win_rate":0,"timestamp":1553072932,"path_taken":["M","$","?","M","M","R","M","M","T","R","?","?","E","?","R","BOSS"],"build_version":"2019-01-23","purchased_purges":1,"victory":false,"max_hp_per_floor":[72,72,72,72,72,72,72,72,72,72,72,72,72,72,72,72],"card_choices":[{"not_picked":["Warcry","Iron Wave","Sentinel"],"picked":"SKIP","floor":1},{"not_picked":["Headbutt","Pummel","Armaments"],"picked":"SKIP","floor":4},{"not_picked":["Perfected Strike","Sentinel"],"picked":"Cleave","floor":5},{"not_picked":["Dual Wield","Clash"],"picked":"Cleave","floor":7},{"not_picked":["Shrug It Off","Body Slam"],"picked":"Shockwave","floor":8},{"not_picked":["Iron Wave","Rupture"],"picked":"Disarm","floor":11},{"not_picked":["Havoc","Carnage","Clash"],"picked":"SKIP","floor":13}],"player_experience":360956,"relics_obtained":[{"floor":9,"key":"Potion Belt"},{"floor":13,"key":"Bronze Scales"}],"event_choices":[{"damage_healed":0,"gold_gain":0,"player_choice":"0 cards matched","damage_taken":0,"max_hp_gain":0,"max_hp_loss":0,"event_name":"Match and Keep!","floor":3,"gold_loss":0,"cards_obtained":[]},{"damage_healed":18,"gold_gain":0,"player_choice":"Healed","damage_taken":0,"max_hp_gain":0,"max_hp_loss":0,"event_name":"The Cleric","floor":12,"gold_loss":35},{"damage_healed":0,"gold_gain":0,"player_choice":"Left Gold","damage_taken":0,"max_hp_gain":0,"max_hp_loss":0,"event_name":"World of Goop","floor":14,"gold_loss":21}],"is_beta":false,"boss_relics":[],"items_purged_floors":[2],"is_endless":false,"potions_floor_spawned":[4,5,8,13],"killed_by":"Slime Boss","ascension_level":10}