{"gold_per_floor":[109,121,140,152,162,162,180,180,180,180,192,203,213,230,230,329,379,391,391,391,391],"floor_reached":21,"playtime":661,"items_purged":[],"score":177,"play_id":"3dfa40d7-72bf-4cf7-bb17-3f9aa89311d2","local_time":"20180930233340","is_ascension_mode":false,"campfire_choices":[{"data":"Perfected Strike","floor":6,"key":"SMITH"},{"data":"Searing Blow","floor":8,"key":"SMITH"},{"data":"Searing Blow+1","floor":10,"key":"SMITH"},{"floor":15,"key":"REST"}],"neow_cost":"NONE","seed_source_timestamp":175118794027408,"circlet_count":0,"master_deck":["Strike_R+1","Strike_R+1","Strike_R+1","Strike_R+1","Strike_R+1","Defend_R+1","Defend_R+1","Defend_R+1","Defend_R+1","Bash","Perfected Strike","Wild Strike","Shockwave","Thunderclap","Perfected Strike+1","Cleave","Searing Blow+2","Perfected Strike","Iron Wave","Shockwave","Thunderclap","Reaper","Pommel Strike"],"relics":["Burning Blood","Calipers","Tiny House"],"potions_floor_usage":[16],"damage_taken":[{"damage":6,"enemies":"Small Slimes","floor":1,"turns":3},{"damage":1,"enemies":"2 Louse","floor":2,"turns":2},{"damage":6,"enemies":"Jaw Worm","floor":3,"turns":2},{"damage":10,"enemies":"Looter","floor":4,"turns":2},{"damage":7,"enemies":"Large Slime","floor":5,"turns":5},{"damage":3,"enemies":"2 Fungi Beasts","floor":7,"turns":3},{"damage":0,"enemies":"Looter","floor":11,"turns":2},{"damage":7,"enemies":"3 Louse","floor":12,"turns":2},{"damage":13,"enemies":"Red Slaver","floor":13,"turns":2},{"damage":10,"enemies":"Looter","floor":14,"turns":2},{"damage":41,"enemies":"Hexaghost","floor":16,"turns":8},{"damage":10,"enemies":"Chosen","floor":18,"turns":3},{"damage":0,"enemies":"Colosseum Slavers","floor":21,"turns":1}],"seed_played":"-4088031830348061255","potions_obtained":[{"floor":2,"key":"GamblersBrew"},{"floor":12,"key":"Energy Potion"},{"floor":14,"key":"SpeedPotion"},{"floor":16,"key":"Swift Potion"},{"floor":17,"key":"SkillPotion"}],"is_trial":false,"path_per_floor":["M","M","M","M","M","R","M","R","T","R","M","M","M","M","R","B",null,"M","?","?"],"character_chosen":"IRONCLAD","items_purchased":[],"campfire_rested":1,"item_purchase_floors":[],"current_hp_per_floor":[80,80,80,76,75,75,78,78,78,78,80,79,72,68,80,45,85,81,65,65,65],"gold":391,"neow_bonus":"THREE_CARDS","is_prod":false,"is_daily":false,"chose_seed":false,"campfire_upgraded":3,"win_rate":0,"timestamp":1538343220,"path_taken":["M","M","M","M","M","R","M","R","T","R","M","M","M","M","R","BOSS","M","?","?","?"],"build_version":"2018-09-27","purchased_purges":0,"victory":false,"max_hp_per_floor":[80,80,80,80,80,80,80,80,80,80,80,80,80,80,80,80,85,85,90,90,90],"card_choices":[{"not_picked":["Sword Boomerang","Heavy Blade"],"picked":"Perfected Strike","floor":0},{"not_picked":["True Grit","Inflame"],"picked":"Wild Strike","floor":1},{"not_picked":["Heavy Blade","Iron Wave"],"picked":"Shockwave","floor":2},{"not_picked":["Seeing Red","Spot Weakness"],"picked":"Thunderclap","floor":3},{"not_picked":["Sentinel","Spot Weakness"],"picked":"Perfected Strike","floor":4},{"not_picked":["True Grit","Dropkick"],"picked":"Cleave","floor":5},{"not_picked":["Warcry","Armaments"],"picked":"Searing Blow","floor":7},{"not_picked":["Fiend Fire","Shockwave"],"picked":"Perfected Strike","floor":11},{"not_picked":["Sword Boomerang","Reckless Charge"],"picked":"Iron Wave","floor":12},{"not_picked":["Body Slam","Warcry"],"picked":"Shockwave","floor":13},{"not_picked":["Inflame","Body Slam"],"picked":"Thunderclap","floor":14},{"not_picked":["Dark Embrace","Exhume"],"picked":"Reaper","floor":16},{"not_picked":["Havoc","Ghostly Armor"],"picked":"Pommel Strike","floor":17},{"not_picked":["Warcry","Havoc","Sentinel+1"],"picked":"SKIP","floor":18}],"player_experience":192573,"relics_obtained":[{"floor":9,"key":"Calipers"}],"event_choices":[{"event_name":"Forgotten Altar","player_choice":"Shed Blood","floor":19,"damage_taken":0},{"event_name":"Back to Basics","player_choice":"Simplicity","floor":20,"damage_taken":0},{"event_name":"Colosseum","player_choice":"Fight","floor":21,"damage_taken":0}],"is_beta":false,"boss_relics":[{"not_picked":["Philosopher\u0027s Stone","Lizard Tail"],"picked":"Tiny House"}],"items_purged_floors":[],"is_endless":false,"potions_floor_spawned":[2,12,14,16,18],"killed_by":"Colosseum Slavers","ascension_level":0}