{"gold_per_floor":[19,30,205,223,223,223,252,252,275,242,258,258,258,282,282,282],"floor_reached":16,"playtime":677,"items_purged":[],"score":125,"play_id":"76d812e8-008f-4f0e-a88d-b8e9c5a4e516","local_time":"20190228174934","is_ascension_mode":true,"campfire_choices":[{"data":"Consume","floor":6,"key":"SMITH"},{"data":"Zap","floor":8,"key":"SMITH"},{"data":"Defend_B","floor":13,"key":"SMITH"},{"data":"Hologram","floor":15,"key":"SMITH"}],"neow_cost":"NO_GOLD","seed_source_timestamp":28193767802220,"circlet_count":0,"master_deck":["Strike_B","Strike_B","Strike_B","Defend_B","Defend_B","Defend_B+1","Zap+1","Dualcast","Hologram+1","Consume+1","Chill","Doubt","Coolheaded","Stack","Injury","Hologram"],"relics":["Cracked Core","Juzu Bracelet","DataDisk","Golden Idol"],"potions_floor_usage":[7,7,16],"damage_taken":[{"damage":0,"enemies":"Jaw Worm","floor":1,"turns":4},{"damage":5,"enemies":"2 Louse","floor":2,"turns":3},{"damage":1,"enemies":"Small Slimes","floor":4,"turns":5},{"damage":23,"enemies":"Lagavulin","floor":7,"turns":8},{"damage":4,"enemies":"Red Slaver","floor":11,"turns":4},{"damage":5,"enemies":"Blue Slaver","floor":14,"turns":4},{"damage":50,"enemies":"Slime Boss","floor":16,"turns":11}],"seed_played":"-1059842679549638038","potions_obtained":[{"floor":1,"key":"Poison Potion"},{"floor":2,"key":"AttackPotion"},{"floor":14,"key":"SpeedPotion"}],"is_trial":false,"path_per_floor":["M","M","?","M","?","R","E","R","T","?","M","?","R","M","R","B"],"character_chosen":"DEFECT","items_purchased":[],"campfire_rested":0,"item_purchase_floors":[],"current_hp_per_floor":[75,70,70,69,74,74,51,51,51,51,47,47,47,42,42,0],"gold":282,"neow_bonus":"TRANSFORM_TWO_CARDS","is_prod":false,"is_daily":false,"chose_seed":false,"campfire_upgraded":4,"win_rate":0,"timestamp":1551347374,"path_taken":["M","M","?","M","?","R","E","R","T","?","M","?","R","M","R","BOSS"],"build_version":"2019-01-23","purchased_purges":0,"victory":false,"max_hp_per_floor":[75,75,75,75,80,80,80,80,80,80,80,80,80,80,80,80],"card_choices":[{"not_picked":["BootSequence","Turbo"],"picked":"Chill","floor":1},{"not_picked":["Rebound","Go for the Eyes","Darkness"],"picked":"SKIP","floor":2},{"not_picked":["Biased Cognition","Auto Shields"],"picked":"Coolheaded","floor":4},{"not_picked":["Ball Lightning","Fission"],"picked":"Stack","floor":7},{"not_picked":["Streamline","Heatsinks","Storm"],"picked":"SKIP","floor":11},{"not_picked":["Blizzard","Cold Snap"],"picked":"Hologram","floor":14}],"player_experience":224645,"relics_obtained":[{"floor":7,"key":"Juzu Bracelet"},{"floor":9,"key":"DataDisk"}],"event_choices":[{"damage_healed":0,"gold_gain":175,"player_choice":"AGREE","damage_taken":0,"max_hp_gain":0,"max_hp_loss":0,"event_name":"Liars Game","floor":3,"gold_loss":0,"cards_obtained":["Doubt"]},{"damage_healed":0,"gold_gain":0,"player_choice":"Donut","damage_taken":0,"max_hp_gain":5,"max_hp_loss":0,"event_name":"Big Fish","floor":5,"gold_loss":0},{"damage_healed":0,"gold_gain":0,"player_choice":"Left Gold","damage_taken":0,"max_hp_gain":0,"max_hp_loss":0,"event_name":"World of Goop","floor":10,"gold_loss":33},{"damage_healed":0,"gold_gain":0,"player_choice":"Take Wound","damage_taken":0,"relics_obtained":["Golden Idol"],"max_hp_gain":0,"max_hp_loss":0,"event_name":"Golden Idol","floor":12,"gold_loss":0,"cards_obtained":["Injury"]}],"is_beta":false,"boss_relics":[],"items_purged_floors":[],"is_endless":false,"potions_floor_spawned":[1,2,14],"killed_by":"Slime Boss","ascension_level":5}