{"gold_per_floor":[116,116,141,33,47,47,111,111,159,203,203,203,218,12,12,140,203,227,243,8,22,22,61,61,82,82,82,123,146,180,204,204,330,330,354,369,369,389,55,55,69,108,108,131,150,150,150,150,150,150],"floor_reached":50,"playtime":3411,"items_purged":["Defend_R","Injury"],"score":674,"play_id":"87ec4de0-1525-4d23-a428-89221dab13da","local_time":"20181130220558","is_ascension_mode":true,"campfire_choices":[{"data":"Bash","floor":6,"key":"SMITH"},{"data":"Flex","floor":8,"key":"SMITH"},{"data":"Whirlwind","floor":11,"key":"SMITH"},{"data":"Demon Form","floor":15,"key":"SMITH"},{"data":"Limit Break","floor":24,"key":"SMITH"},{"data":"Cleave","floor":27,"key":"SMITH"},{"floor":32,"key":"REST"},{"data":"Rage","floor":40,"key":"SMITH"},{"floor":47,"key":"REST"},{"floor":49,"key":"REST"}],"neow_cost":"PERCENT_DAMAGE","seed_source_timestamp":43004847491058,"circlet_count":0,"master_deck":["Strike_R","Strike_R","Strike_R","Strike_R","Defend_R","Defend_R","Bash+1","Pommel Strike+1","Clash","Cleave+1","Flash of Steel","Flex+1","Whirlwind+1","Demon Form+1","Pommel Strike","Pommel Strike+1","Limit Break+1","Rage+1","Anger+1","True Grit+1","Madness+1","Battle Trance+1"],"relics":["Burning Blood","Golden Idol","Tiny Chest","PreservedInsect","Blood Vial","Brimstone","Tiny House","Paper Frog","Dodecahedron","Pen Nib","Runic Dome","Red Skull","Incense Burner","Question Card","Bottled Lightning"],"potions_floor_usage":[25,28,28,30,33,50],"damage_taken":[{"damage":0,"enemies":"Small Slimes","floor":1,"turns":3},{"damage":7,"enemies":"2 Louse","floor":3,"turns":3},{"damage":0,"enemies":"Cultist","floor":5,"turns":2},{"damage":18,"enemies":"3 Sentries","floor":7,"turns":4},{"damage":0,"enemies":"Gremlin Nob","floor":10,"turns":2},{"damage":6,"enemies":"Red Slaver","floor":13,"turns":3},{"damage":0,"enemies":"Slime Boss","floor":16,"turns":4},{"damage":12,"enemies":"Chosen","floor":18,"turns":3},{"damage":5,"enemies":"3 Byrds","floor":19,"turns":3},{"damage":20,"enemies":"Cultist and Chosen","floor":21,"turns":4},{"damage":31,"enemies":"Gremlin Leader","floor":23,"turns":3},{"damage":22,"enemies":"Centurion and Healer","floor":25,"turns":3},{"damage":25,"enemies":"Slavers","floor":28,"turns":3},{"damage":0,"enemies":"3 Cultists","floor":29,"turns":2},{"damage":14,"enemies":"Book of Stabbing","floor":30,"turns":2},{"damage":24,"enemies":"Snake Plant","floor":31,"turns":2},{"damage":31,"enemies":"Champ","floor":33,"turns":4},{"damage":0,"enemies":"Orb Walker","floor":35,"turns":2},{"damage":24,"enemies":"3 Shapes","floor":36,"turns":2},{"damage":0,"enemies":"Transient","floor":38,"turns":5},{"damage":9,"enemies":"3 Darklings","floor":41,"turns":2},{"damage":21,"enemies":"Nemesis","floor":42,"turns":3},{"damage":17,"enemies":"Jaw Worm Horde","floor":44,"turns":3},{"damage":26,"enemies":"4 Shapes","floor":45,"turns":2},{"damage":95,"enemies":"Awakened One","floor":50,"turns":5}],"seed_played":"-5447529736505244028","potions_obtained":[{"floor":5,"key":"Ancient Potion"},{"floor":7,"key":"Regen Potion"},{"floor":10,"key":"Poison Potion"},{"floor":13,"key":"Regen Potion"},{"floor":25,"key":"BloodPotion"},{"floor":29,"key":"Explosive Potion"},{"floor":30,"key":"SpeedPotion"},{"floor":31,"key":"FearPotion"},{"floor":33,"key":"Regen Potion"},{"floor":35,"key":"Explosive Potion"},{"floor":41,"key":"Strength Potion"},{"floor":42,"key":"PowerPotion"}],"is_trial":false,"path_per_floor":["M","?","M","$","M","R","E","R","T","E","R","?","M","$","R","B",null,"M","M","$","M","$","E","R","M","T","R","E","M","E","M","R","B",null,"M","M","?","M","$","R","M","E","T","M","M","T","R","?","R","B"],"character_chosen":"IRONCLAD","items_purchased":["Cleave","Flash of Steel","Brimstone","Limit Break","Madness","Red Skull"],"campfire_rested":3,"item_purchase_floors":[4,4,14,20,39,39],"current_hp_per_floor":[62,62,61,61,67,67,55,55,55,61,61,61,63,63,63,71,79,73,76,76,64,64,41,41,36,36,36,35,43,37,21,44,21,79,79,61,61,69,69,69,68,55,55,46,28,28,51,51,74,0],"gold":150,"neow_bonus":"REMOVE_TWO","is_prod":false,"is_daily":false,"chose_seed":false,"campfire_upgraded":7,"win_rate":0,"timestamp":1543583158,"path_taken":["M","?","M","$","M","R","E","R","T","E","R","?","M","$","R","BOSS","M","?","$","M","?","E","R","M","T","R","E","M","E","M","R","BOSS","M","M","?","?","$","R","M","E","T","M","M","?","R","?","R","BOSS"],"build_version":"2018-11-15","purchased_purges":2,"victory":false,"max_hp_per_floor":[80,74,74,74,74,74,74,74,74,74,74,74,74,74,74,74,79,79,79,79,79,79,79,79,79,79,79,79,79,79,79,79,79,79,79,79,79,79,79,79,79,79,79,79,79,79,79,79,79,79],"card_choices":[{"not_picked":["Wild Strike","Anger"],"picked":"Pommel Strike","floor":1},{"not_picked":["Ghostly Armor","Twin Strike"],"picked":"Clash","floor":3},{"not_picked":["Heavy Blade","Thunderclap"],"picked":"Flex","floor":5},{"not_picked":["Clothesline","Juggernaut","Twin Strike"],"picked":"SKIP","floor":7},{"not_picked":["Thunderclap","Perfected Strike"],"picked":"Whirlwind","floor":10},{"not_picked":["Heavy Blade","Inflame"],"picked":"Pommel Strike","floor":13},{"not_picked":["Shrug It Off","Wild Strike","Inflame"],"picked":"SKIP","floor":18},{"not_picked":["Body Slam","Armaments"],"picked":"Pommel Strike+1","floor":19},{"not_picked":["Sever Soul+1","Evolve","Blood for Blood"],"picked":"SKIP","floor":21},{"not_picked":["Entrench","Immolate","Armaments+1"],"picked":"SKIP","floor":23},{"not_picked":["Iron Wave+1","Sentinel+1","Seeing Red"],"picked":"SKIP","floor":25},{"not_picked":["Inflame","Thunderclap","Combust"],"picked":"SKIP","floor":28},{"not_picked":["Second Wind+1","Cleave"],"picked":"Rage","floor":29},{"not_picked":["Iron Wave","Clothesline","Second Wind"],"picked":"SKIP","floor":30},{"not_picked":["Armaments","Second Wind"],"picked":"Anger+1","floor":31},{"not_picked":["Clash+1","Blood for Blood","Pommel Strike"],"picked":"SKIP","floor":35},{"not_picked":["Havoc+1","Body Slam+1","Clothesline+1"],"picked":"SKIP","floor":36},{"not_picked":["Sword Boomerang","Clothesline+1"],"picked":"True Grit+1","floor":38},{"not_picked":["Spot Weakness+1","Wild Strike","Warcry"],"picked":"SKIP","floor":41},{"not_picked":["Brutality","Hemokinesis","Bloodletting"],"picked":"SKIP","floor":42},{"not_picked":["Shrug It Off+1","Second Wind+1","Warcry+1","Wild Strike"],"picked":"SKIP","floor":44},{"not_picked":["Searing Blow+1","Clothesline","Clash+1"],"picked":"Battle Trance+1","floor":45}],"player_experience":122650,"relics_obtained":[{"floor":7,"key":"Tiny Chest"},{"floor":9,"key":"PreservedInsect"},{"floor":10,"key":"Blood Vial"},{"floor":23,"key":"Paper Frog"},{"floor":28,"key":"Dodecahedron"},{"floor":30,"key":"Pen Nib"},{"floor":42,"key":"Incense Burner"},{"floor":43,"key":"Question Card"},{"floor":46,"key":"Bottled Lightning"}],"event_choices":[{"damage_healed":0,"gold_gain":0,"player_choice":"Lose Max HP","damage_taken":0,"relics_obtained":["Golden Idol"],"max_hp_gain":0,"max_hp_loss":6,"event_name":"Golden Idol","floor":2,"gold_loss":0},{"damage_healed":0,"gold_gain":0,"player_choice":"1 cards matched","damage_taken":0,"max_hp_gain":0,"max_hp_loss":0,"event_name":"Match and Keep!","floor":12,"gold_loss":0,"cards_obtained":["Demon Form"]},{"damage_healed":0,"gold_gain":0,"player_choice":"1 cards matched","damage_taken":0,"max_hp_gain":0,"max_hp_loss":0,"event_name":"Match and Keep!","floor":12,"gold_loss":0,"cards_obtained":["Demon Form"]},{"damage_healed":0,"gold_gain":0,"player_choice":"1 cards matched","damage_taken":0,"max_hp_gain":0,"max_hp_loss":0,"event_name":"Match and Keep!","floor":37,"gold_loss":0,"cards_obtained":["Injury"]},{"damage_healed":0,"gold_gain":0,"player_choice":"Upgraded","damage_taken":0,"max_hp_gain":0,"max_hp_loss":0,"event_name":"Upgrade Shrine","floor":48,"gold_loss":0,"cards_upgraded":["Madness"]}],"is_beta":false,"boss_relics":[{"not_picked":["Orrery","White Beast Statue"],"picked":"Tiny House"},{"not_picked":["Mark of Pain","Pandora\u0027s Box"],"picked":"Runic Dome"}],"items_purged_floors":[20,39],"is_endless":false,"potions_floor_spawned":[5,7,10,13,19,25,29,30,31,33,35,41,42],"killed_by":"Awakened One","ascension_level":1}