{"gold_per_floor":[118,25,36,50,70,70,86,97,97,109,109,109],"floor_reached":12,"playtime":428,"items_purged":[],"score":74,"play_id":"c015c12d-4e36-4615-880b-3d4a1ca3211c","local_time":"20190316163520","is_ascension_mode":false,"campfire_choices":[{"data":"Backflip","floor":6,"key":"SMITH"},{"data":"Storm of Steel","floor":11,"key":"SMITH"}],"neow_cost":"NONE","seed_source_timestamp":25669265933545,"circlet_count":0,"master_deck":["Defend_G","Defend_G","Defend_G","Defend_G","Defend_G","Strike_G","Strike_G","Strike_G","Strike_G","Strike_G","Survivor","Neutralize","Infinite Blades","Backflip+1","Blade Dance","Cloak And Dagger","Cloak And Dagger","Storm of Steel+1","Choke"],"relics":["Busted Crown","Bottled Flame"],"potions_floor_usage":[],"damage_taken":[{"damage":0,"enemies":"Small Slimes","floor":1,"turns":4},{"damage":0,"enemies":"2 Louse","floor":3,"turns":2},{"damage":0,"enemies":"Cultist","floor":4,"turns":4},{"damage":0,"enemies":"Large Slime","floor":5,"turns":7},{"damage":1,"enemies":"Exordium Wildlife","floor":7,"turns":6},{"damage":0,"enemies":"Looter","floor":8,"turns":4},{"damage":0,"enemies":"Blue Slaver","floor":10,"turns":3},{"damage":0,"enemies":"Lots of Slimes","floor":12,"turns":2}],"seed_played":"4183264880099251346","potions_obtained":[{"floor":4,"key":"PowerPotion"},{"floor":7,"key":"Strength Potion"},{"floor":8,"key":"PowerPotion"}],"is_trial":false,"path_per_floor":["M","$","M","M","M","R","M","M","T","M","R","M"],"character_chosen":"THE_SILENT","items_purchased":["Infinite Blades","Backflip"],"campfire_rested":0,"item_purchase_floors":[2,2],"current_hp_per_floor":[70,70,70,70,70,70,69,69,69,69,69,69],"gold":109,"neow_bonus":"BOSS_RELIC","is_prod":false,"is_daily":false,"chose_seed":false,"campfire_upgraded":2,"win_rate":0,"timestamp":1552725320,"path_taken":["M","$","M","M","M","R","M","M","T","M","R","M"],"build_version":"2019-01-23","purchased_purges":0,"victory":false,"max_hp_per_floor":[70,70,70,70,70,70,70,70,70,70,70,70],"card_choices":[{"not_picked":["Underhanded Strike"],"picked":"SKIP","floor":1},{"not_picked":[],"picked":"Blade Dance","floor":3},{"not_picked":[],"picked":"Cloak And Dagger","floor":4},{"not_picked":[],"picked":"Cloak And Dagger","floor":5},{"not_picked":[],"picked":"Storm of Steel","floor":7},{"not_picked":[],"picked":"Choke","floor":8},{"not_picked":["Deadly Poison"],"picked":"SKIP","floor":10}],"player_experience":333028,"relics_obtained":[{"floor":9,"key":"Bottled Flame"}],"event_choices":[],"is_beta":false,"boss_relics":[],"items_purged_floors":[],"is_endless":false,"potions_floor_spawned":[4,7,8],"killed_by":"Lots of Slimes","ascension_level":0}