{"gold_per_floor":[111,131,146,3,29,29,29,29,52,66,80,80,11,11,11,111,111],"floor_reached":17,"playtime":690,"items_purged":["Strike_B"],"score":145,"play_id":"83342bf5-bbae-474f-83a8-da6d9b5a825d","local_time":"20190316100036","is_ascension_mode":false,"campfire_choices":[{"data":"Zap","floor":6,"key":"SMITH"},{"data":"Skim","floor":8,"key":"SMITH"},{"data":"Hyperbeam","floor":12,"key":"SMITH"},{"data":"Beam Cell","floor":15,"key":"SMITH"}],"neow_cost":"NONE","seed_source_timestamp":1721812074449,"circlet_count":0,"master_deck":["Strike_B","Strike_B+1","Defend_B","Defend_B","Defend_B","Defend_B","Zap+1","Dualcast","Hyperbeam+1","Gash","Steam","Fission","Double Energy","Skim+1","Leap+1","Beam Cell+1","BootSequence","Hyperbeam"],"relics":["Cracked Core","Nuclear Battery"],"potions_floor_usage":[10,16],"damage_taken":[{"damage":1,"enemies":"Cultist","floor":1,"turns":4},{"damage":6,"enemies":"Jaw Worm","floor":2,"turns":3},{"damage":0,"enemies":"2 Louse","floor":3,"turns":2},{"damage":0,"enemies":"Gremlin Gang","floor":10,"turns":1},{"damage":0,"enemies":"Blue Slaver","floor":11,"turns":2},{"damage":26,"enemies":"Slime Boss","floor":16,"turns":8}],"seed_played":"8021074652067019728","potions_obtained":[{"floor":2,"key":"Swift Potion"},{"floor":3,"key":"Swift Potion"},{"floor":11,"key":"Regen Potion"}],"is_trial":false,"path_per_floor":["M","M","M","$","T","R","?","R","T","M","M","R","$","?","R","B",null],"character_chosen":"DEFECT","items_purchased":["Double Energy","BootSequence"],"campfire_rested":0,"item_purchase_floors":[4,13],"current_hp_per_floor":[74,68,68,68,68,68,68,68,68,68,68,68,68,53,53,27,75],"gold":111,"neow_bonus":"ONE_RANDOM_RARE_CARD","is_prod":false,"is_daily":false,"chose_seed":false,"campfire_upgraded":4,"win_rate":0,"timestamp":1552701636,"path_taken":["M","M","M","$","?","R","?","R","T","M","?","R","?","?","R","BOSS"],"build_version":"2019-01-23","purchased_purges":1,"victory":false,"max_hp_per_floor":[75,75,75,75,75,75,75,75,75,75,75,75,75,75,75,75,75],"card_choices":[{"not_picked":["Hologram","Stack"],"picked":"Gash","floor":1},{"not_picked":["Compile Driver","Sweeping Beam"],"picked":"Steam","floor":2},{"not_picked":["Stack","Turbo"],"picked":"Fission","floor":3},{"not_picked":["Redo","Go for the Eyes"],"picked":"Leap","floor":10},{"not_picked":["Force Field","Redo"],"picked":"Beam Cell","floor":11},{"not_picked":["Thunder Strike","All For One"],"picked":"Hyperbeam","floor":16}],"player_experience":321276,"relics_obtained":[],"event_choices":[{"damage_healed":0,"gold_gain":0,"cards_transformed":["Strike_B"],"player_choice":"Transformed","damage_taken":0,"max_hp_gain":0,"max_hp_loss":0,"event_name":"Transmorgrifier","floor":7,"gold_loss":0,"cards_obtained":["Skim"]},{"damage_healed":0,"gold_gain":0,"player_choice":"Entered Light","damage_taken":15,"max_hp_gain":0,"max_hp_loss":0,"event_name":"Shining Light","floor":14,"gold_loss":0,"cards_upgraded":["Strike_B","Leap"]}],"is_beta":false,"boss_relics":[{"not_picked":["Inserter","Coffee Dripper"],"picked":"Nuclear Battery"}],"items_purged_floors":[4],"is_endless":false,"potions_floor_spawned":[2,3,11],"ascension_level":0}