{"gold_per_floor":[109,127,147,97,111,111,122,122,122,148,148,148,148,167,167,167],"floor_reached":16,"playtime":448,"items_purged":[],"score":153,"play_id":"fa4755e9-d68b-4a45-b229-f68ed1c6c230","local_time":"20190320182800","is_ascension_mode":true,"campfire_choices":[{"data":"Whirlwind","floor":6,"key":"SMITH"},{"data":"Whirlwind","floor":8,"key":"SMITH"},{"data":"Whirlwind","floor":12,"key":"SMITH"},{"data":"Pommel Strike","floor":15,"key":"SMITH"}],"neow_cost":"TEN_PERCENT_HP_LOSS","seed_source_timestamp":13217671635163,"circlet_count":0,"master_deck":["AscendersBane","Strike_R","Strike_R","Strike_R","Strike_R","Defend_R","Defend_R","Defend_R","Defend_R","Bash+1","Impervious","Pommel Strike+1","Whirlwind+1","Impervious","Whirlwind+1","Whirlwind+1","Seeing Red","Battle Trance"],"relics":["Burning Blood","Bag of Preparation","Strawberry"],"potions_floor_usage":[2,16],"damage_taken":[{"damage":6,"enemies":"Jaw Worm","floor":1,"turns":5},{"damage":0,"enemies":"2 Louse","floor":2,"turns":3},{"damage":5,"enemies":"Cultist","floor":3,"turns":5},{"damage":10,"enemies":"2 Fungi Beasts","floor":5,"turns":4},{"damage":1,"enemies":"Exordium Wildlife","floor":7,"turns":2},{"damage":40,"enemies":"Lagavulin","floor":10,"turns":7},{"damage":0,"enemies":"Gremlin Gang","floor":14,"turns":2},{"damage":64,"enemies":"The Guardian","floor":16,"turns":11}],"seed_played":"-4966672939724324526","potions_obtained":[{"floor":2,"key":"Fruit Juice"},{"floor":3,"key":"Explosive Potion"},{"floor":14,"key":"Block Potion"}],"is_trial":false,"path_per_floor":["M","M","M","?","M","R","M","R","T","E","?","R","?","M","R","B"],"character_chosen":"IRONCLAD","items_purchased":[],"campfire_rested":0,"item_purchase_floors":[],"current_hp_per_floor":[72,77,77,77,73,73,77,77,77,50,55,55,55,61,61,0],"gold":167,"neow_bonus":"THREE_RARE_CARDS","is_prod":false,"is_daily":false,"chose_seed":false,"campfire_upgraded":4,"win_rate":0,"timestamp":1553074080,"path_taken":["M","M","M","?","M","R","M","R","T","E","?","R","?","M","R","BOSS"],"build_version":"2019-01-23","purchased_purges":0,"victory":false,"max_hp_per_floor":[72,77,77,77,77,77,77,77,77,84,89,89,89,89,89,89],"card_choices":[{"not_picked":["Dark Embrace","Feed"],"picked":"Impervious","floor":0},{"not_picked":["Heavy Blade","Entrench"],"picked":"Pommel Strike","floor":1},{"not_picked":["Clothesline","Shrug It Off"],"picked":"Whirlwind","floor":2},{"not_picked":["Seeing Red","Infernal Blade"],"picked":"Impervious","floor":3},{"not_picked":["Thunderclap","Wild Strike"],"picked":"Whirlwind","floor":5},{"not_picked":["Anger","Clothesline"],"picked":"Whirlwind","floor":7},{"not_picked":["Warcry","Sword Boomerang"],"picked":"Seeing Red","floor":10},{"not_picked":["Fiend Fire","Havoc"],"picked":"Battle Trance","floor":14}],"player_experience":362135,"relics_obtained":[{"floor":9,"key":"Bag of Preparation"},{"floor":10,"key":"Strawberry"}],"event_choices":[{"cards_removed":["Strike_R"],"damage_healed":0,"gold_gain":0,"player_choice":"Card Removal","damage_taken":0,"max_hp_gain":0,"max_hp_loss":0,"event_name":"The Cleric","floor":4,"gold_loss":50},{"damage_healed":0,"gold_gain":0,"player_choice":"Donut","damage_taken":0,"max_hp_gain":5,"max_hp_loss":0,"event_name":"Big Fish","floor":11,"gold_loss":0},{"damage_healed":0,"gold_gain":0,"player_choice":"Grow","damage_taken":0,"max_hp_gain":0,"max_hp_loss":0,"event_name":"Living Wall","floor":13,"gold_loss":0,"cards_upgraded":["Bash"]}],"is_beta":false,"boss_relics":[],"items_purged_floors":[],"is_endless":false,"potions_floor_spawned":[2,3,14],"killed_by":"The Guardian","ascension_level":10}