{"gold_per_floor":[117,292,367,367,31,31,42,67,67,102,113,130,77,27,27,27],"floor_reached":16,"playtime":435,"items_purged":["Doubt"],"score":186,"play_id":"eef0ca84-bc48-4f53-9bf6-9c08a45292a4","local_time":"20190315145503","is_ascension_mode":true,"campfire_choices":[{"data":"Sadistic Nature","floor":6,"key":"SMITH"},{"data":"Whirlwind","floor":15,"key":"SMITH"}],"neow_cost":"NONE","seed_source_timestamp":1916572906700,"circlet_count":0,"master_deck":["Strike_R","Strike_R","Strike_R","Strike_R","Defend_R","Defend_R","Defend_R","Defend_R","Bash","Metallicize+1","Sadistic Nature+1","Whirlwind+1","Reaper","Cleave","Clash","Thunderclap"],"relics":["Burning Blood","NeowsBlessing","Peace Pipe","Mummified Hand","Bag of Marbles"],"potions_floor_usage":[10],"damage_taken":[{"damage":0,"enemies":"Jaw Worm","floor":1,"turns":1},{"damage":0,"enemies":"2 Louse","floor":7,"turns":1},{"damage":0,"enemies":"3 Sentries","floor":8,"turns":2},{"damage":62,"enemies":"Lagavulin","floor":10,"turns":11},{"damage":0,"enemies":"Small Slimes","floor":11,"turns":1},{"damage":9,"enemies":"Blue Slaver","floor":12,"turns":4},{"damage":22,"enemies":"Hexaghost","floor":16,"turns":9}],"seed_played":"-6096079975544097293","potions_obtained":[{"floor":1,"key":"Weak Potion"},{"floor":11,"key":"BloodPotion"}],"is_trial":false,"path_per_floor":["M","?","?","?","$","R","M","E","T","E","M","M","$","?","R","B"],"character_chosen":"IRONCLAD","items_purchased":["Sadistic Nature","Whirlwind","Thunderclap"],"campfire_rested":0,"item_purchase_floors":[5,5,13],"current_hp_per_floor":[78,78,67,67,67,67,73,79,79,23,29,26,26,26,26,10],"gold":27,"neow_bonus":"THREE_ENEMY_KILL","is_prod":false,"is_daily":false,"chose_seed":false,"campfire_upgraded":2,"win_rate":0,"timestamp":1552632903,"path_taken":["M","?","?","?","?","R","M","E","T","E","?","M","$","?","R","BOSS"],"build_version":"2019-01-23","purchased_purges":1,"victory":false,"max_hp_per_floor":[80,80,80,80,80,80,80,80,80,80,80,80,80,80,80,80],"card_choices":[{"not_picked":["Intimidate","Wild Strike"],"picked":"Metallicize","floor":1},{"not_picked":["Evolve","True Grit","Dual Wield"],"picked":"SKIP","floor":7},{"not_picked":["Sever Soul","Wild Strike"],"picked":"Reaper","floor":8},{"not_picked":["Reckless Charge","Second Wind"],"picked":"Cleave","floor":10},{"not_picked":["Body Slam","Infernal Blade","Clash"],"picked":"SKIP","floor":11},{"not_picked":["Body Slam","Infernal Blade"],"picked":"Clash","floor":11},{"not_picked":["Body Slam","Shrug It Off","Anger"],"picked":"SKIP","floor":12}],"player_experience":303182,"relics_obtained":[{"floor":8,"key":"Peace Pipe"},{"floor":9,"key":"Mummified Hand"},{"floor":10,"key":"Bag of Marbles"}],"event_choices":[{"damage_healed":0,"gold_gain":175,"player_choice":"AGREE","damage_taken":0,"max_hp_gain":0,"max_hp_loss":0,"event_name":"Liars Game","floor":2,"gold_loss":0,"cards_obtained":["Doubt"]},{"damage_healed":0,"gold_gain":75,"player_choice":"Gather Gold","damage_taken":11,"max_hp_gain":0,"max_hp_loss":0,"event_name":"World of Goop","floor":3,"gold_loss":0},{"damage_healed":0,"gold_gain":0,"player_choice":"Grow","damage_taken":0,"max_hp_gain":0,"max_hp_loss":0,"event_name":"Living Wall","floor":4,"gold_loss":0,"cards_upgraded":["Metallicize"]},{"cards_removed":["Strike_R"],"damage_healed":0,"gold_gain":0,"player_choice":"Card Removal","damage_taken":0,"max_hp_gain":0,"max_hp_loss":0,"event_name":"The Cleric","floor":14,"gold_loss":50}],"is_beta":false,"boss_relics":[],"items_purged_floors":[5],"is_endless":false,"potions_floor_spawned":[1,11],"killed_by":"Hexaghost","ascension_level":8}