{"gold_per_floor":[113,113,113,131,145,176,191,224,224,243,257,17,17,17,17,17],"floor_reached":16,"playtime":682,"items_purged":[],"score":129,"play_id":"78f2f6f1-388a-45d4-b4f0-c474756b15fc","local_time":"20190227154807","is_ascension_mode":true,"campfire_choices":[{"floor":13,"key":"REST"},{"data":"Survivor","floor":15,"key":"SMITH"}],"neow_cost":"NONE","seed_source_timestamp":11917221390209,"circlet_count":0,"master_deck":["Defend_G","Defend_G","Defend_G","Defend_G","Defend_G","Strike_G","Strike_G","Strike_G","Survivor+1","Neutralize+1","Cloak And Dagger","Crippling Poison","PiercingWail","Adrenaline","Calculated Gamble","Caltrops","Blur"],"special_seed":0,"relics":["Ring of the Snake","NeowsBlessing","Letter Opener","Tingsha","Shuriken","Ornamental Fan"],"potions_floor_usage":[8,8,16],"damage_taken":[{"damage":0.0,"enemies":"Small Slimes","floor":1.0,"turns":1.0},{"damage":0.0,"enemies":"Cultist","floor":4.0,"turns":1.0},{"damage":0.0,"enemies":"2 Louse","floor":5.0,"turns":1.0},{"damage":45.0,"enemies":"Gremlin Nob","floor":6.0,"turns":7.0},{"damage":0.0,"enemies":"Blue Slaver","floor":7.0,"turns":4.0},{"damage":11,"enemies":"Lagavulin","floor":8,"turns":10},{"damage":4,"enemies":"Gremlin Gang","floor":10,"turns":3},{"damage":0,"enemies":"Red Slaver","floor":11,"turns":3},{"damage":27,"enemies":"Slime Boss","floor":16,"turns":12}],"seed_played":"6166432981764061066","potions_obtained":[{"floor":1.0,"key":"Explosive Potion"},{"floor":5.0,"key":"LiquidBronze"},{"floor":11,"key":"Poison Potion"}],"is_trial":false,"path_per_floor":["M","?","?","M","M","E","M","E","T","M","M","$","R","?","R","B"],"character_chosen":"THE_SILENT","items_purchased":["Ornamental Fan"],"campfire_rested":1,"item_purchase_floors":[12],"current_hp_per_floor":[70,70,70,70,70,25,25,14,14,10,10,10,31,24,24,0],"gold":17,"neow_bonus":"THREE_ENEMY_KILL","is_prod":false,"is_daily":false,"chose_seed":false,"campfire_upgraded":1,"win_rate":0,"timestamp":1551253687,"path_taken":["M","?","?","?","M","E","M","E","T","M","?","$","R","?","R","BOSS"],"build_version":"2019-01-23","purchased_purges":0,"victory":false,"max_hp_per_floor":[70,70,70,70,70,70,70,70,70,70,70,70,70,70,70,70],"card_choices":[{"not_picked":["Distraction","Infinite Blades"],"picked":"Cloak And Dagger","floor":1.0},{"not_picked":["Deflect","Sucker Punch"],"picked":"Crippling Poison","floor":4.0},{"not_picked":["Blade Dance","Dagger Spray"],"picked":"PiercingWail","floor":5.0},{"not_picked":["Prepared","Underhanded Strike"],"picked":"Adrenaline","floor":6.0},{"not_picked":["Masterful Stab","Dodge and Roll"],"picked":"Calculated Gamble","floor":7.0},{"not_picked":["Acrobatics","Poisoned Stab"],"picked":"Caltrops","floor":8},{"not_picked":["Poisoned Stab","Slice","Infinite Blades"],"picked":"SKIP","floor":10},{"not_picked":["Sucker Punch","Slice"],"picked":"Blur","floor":11}],"player_experience":203094,"relics_obtained":[{"floor":6.0,"key":"Letter Opener"},{"floor":8,"key":"Tingsha"},{"floor":9,"key":"Shuriken"}],"event_choices":[{"damage_healed":0.0,"max_hp_gain":0.0,"max_hp_loss":0.0,"gold_gain":0.0,"event_name":"Living Wall","player_choice":"Grow","floor":2.0,"gold_loss":0.0,"damage_taken":0.0,"cards_upgraded":["Neutralize"]},{"cards_removed":["Strike_G"],"damage_healed":0.0,"max_hp_gain":0.0,"max_hp_loss":0.0,"gold_gain":0.0,"event_name":"Purifier","player_choice":"Purged","floor":3.0,"gold_loss":0.0,"damage_taken":0.0},{"cards_removed":["Strike_G"],"damage_healed":0,"gold_gain":0,"player_choice":"Card Removal","damage_taken":7,"max_hp_gain":0,"max_hp_loss":0,"event_name":"Golden Wing","floor":14,"gold_loss":0}],"is_beta":false,"boss_relics":[],"items_purged_floors":[],"is_endless":false,"potions_floor_spawned":[1,5,11],"killed_by":"Slime Boss","ascension_level":3}