{"gold_per_floor":[115,132,11,11,11,11,46,67,114,132,132,153,153,178,178,302,302,323,342,342,361,74,74,89,89,89,89,21,45,45,55,55,157,157,167,178,178,178,188,188,202,214,296,296,196,1,1,0,0,0],"floor_reached":50,"playtime":1776,"items_purged":["Regret","Pain","Writhe"],"score":494,"play_id":"57725459-5ef5-4d6a-bbad-d140ffc7f53b","local_time":"20190321191105","is_ascension_mode":false,"campfire_choices":[{"floor":6.0,"key":"REST"},{"floor":15.0,"key":"REST"},{"data":"Catalyst","floor":23.0,"key":"SMITH"},{"data":"Bouncing Flask","floor":27.0,"key":"SMITH"},{"data":"Crippling Poison","floor":32.0,"key":"SMITH"},{"floor":40.0,"key":"REST"},{"floor":44.0,"key":"REST"},{"floor":49.0,"key":"REST"}],"neow_cost":"CURSE","seed_source_timestamp":151744430594422,"circlet_count":0,"master_deck":["Defend_G","Defend_G","Defend_G","Defend_G","Defend_G","Strike_G","Strike_G","Strike_G","Strike_G","Survivor","Neutralize","Quick Slash","Bouncing Flask+1","Bane","Catalyst+1","Noxious Fumes","Dagger Throw","Poisoned Stab","Corpse Explosion","Backstab","Quick Slash","Catalyst","Bane","Caltrops","Bane","Flying Knee+1","Crippling Poison+1","Poisoned Stab","Caltrops+1","Prepared+1","Heel Hook","Venomology","Well Laid Plans","Madness","Madness"],"special_seed":0,"relics":["Ring of the Serpent","Bloody Idol","Vajra","Lantern","Cursed Key","Lee\u0027s Waffle","Ornamental Fan","Pantograph","Red Mask"],"potions_floor_usage":[50],"damage_taken":[{"damage":3.0,"enemies":"Cultist","floor":1.0,"turns":6.0},{"damage":0.0,"enemies":"2 Louse","floor":2.0,"turns":3.0},{"damage":32.0,"enemies":"Gremlin Nob","floor":7.0,"turns":4.0},{"damage":5.0,"enemies":"Small Slimes","floor":8.0,"turns":3.0},{"damage":4.0,"enemies":"Exordium Wildlife","floor":10.0,"turns":3.0},{"damage":0.0,"enemies":"Red Slaver","floor":12.0,"turns":3.0},{"damage":6.0,"enemies":"2 Fungi Beasts","floor":14.0,"turns":3.0},{"damage":38.0,"enemies":"Hexaghost","floor":16.0,"turns":8.0},{"damage":0.0,"enemies":"3 Byrds","floor":18.0,"turns":2.0},{"damage":7.0,"enemies":"Shell Parasite","floor":19.0,"turns":3.0},{"damage":17.0,"enemies":"Shelled Parasite and Fungi","floor":21.0,"turns":4.0},{"damage":0.0,"enemies":"Snake Plant","floor":24.0,"turns":2.0},{"damage":7.0,"enemies":"Snecko","floor":29.0,"turns":4.0},{"damage":3.0,"enemies":"Centurion and Healer","floor":31.0,"turns":5.0},{"damage":41.0,"enemies":"Collector","floor":33.0,"turns":5.0},{"damage":37.0,"enemies":"3 Darklings","floor":35.0,"turns":3.0},{"damage":7.0,"enemies":"Orb Walker","floor":36.0,"turns":3.0},{"damage":35.0,"enemies":"Maw","floor":39.0,"turns":6.0},{"damage":16.0,"enemies":"3 Darklings","floor":41.0,"turns":3.0},{"damage":5.0,"enemies":"Sphere and 2 Shapes","floor":42.0,"turns":3.0},{"damage":117,"enemies":"Awakened One","floor":50,"turns":8}],"seed_played":"1502688248980226835","potions_obtained":[{"floor":7.0,"key":"Explosive Potion"},{"floor":8.0,"key":"PowerPotion"},{"floor":14.0,"key":"Ancient Potion"},{"floor":16.0,"key":"Weak Potion"},{"floor":19.0,"key":"Fire Potion"},{"floor":24.0,"key":"Explosive Potion"},{"floor":29.0,"key":"LiquidBronze"},{"floor":39.0,"key":"PowerPotion"},{"floor":41.0,"key":"SneckoOil"}],"is_trial":false,"path_per_floor":["M","M","$","?","$","R","E","M","T","M","?","M","?","M","R","B",null,"M","M","?","M","$","R","M","?","T","R","$","M","?","M","R","B",null,"M","M","?","?","M","R","M","M","T","R","$","$","?","?","R","B"],"character_chosen":"THE_SILENT","items_purchased":["Bane","Lee\u0027s Waffle","Caltrops","Bane","Crippling Poison","Well Laid Plans"],"campfire_rested":5,"item_purchase_floors":[3,22,22,22,28,46],"current_hp_per_floor":[81,81,81,60,60,84,52,47,47,43,43,43,43,37,62,24,84,84,77,77,60,91,91,91,91,91,91,91,84,84,86,86,50,91,59,57,57,57,27,54,43,43,48,75,75,75,64,64,91,0],"gold":0,"neow_bonus":"TWENTY_PERCENT_HP_BONUS","is_prod":false,"is_daily":false,"chose_seed":false,"campfire_upgraded":3,"win_rate":0.0,"timestamp":1553191865,"path_taken":["M","M","$","?","$","R","E","M","T","M","?","M","?","?","R","BOSS","M","M","?","M","$","R","M","?","T","R","$","?","?","M","R","BOSS","M","M","?","?","?","R","M","M","T","R","?","$","?","?","R","BOSS"],"build_version":"2019-01-23","purchased_purges":3,"victory":false,"max_hp_per_floor":[84,84,84,84,84,84,84,84,84,84,84,84,84,84,84,84,84,84,84,84,84,91,91,91,91,91,91,91,91,91,91,91,91,91,91,91,91,91,91,91,91,91,91,91,91,91,91,91,91,91],"card_choices":[{"not_picked":["PiercingWail","Riddle With Holes"],"picked":"Quick Slash","floor":1.0},{"not_picked":["PiercingWail","Escape Plan"],"picked":"Bouncing Flask","floor":2.0},{"not_picked":["Deadly Poison","Malaise"],"picked":"Catalyst","floor":7.0},{"not_picked":["Sucker Punch","Leg Sweep"],"picked":"Noxious Fumes","floor":8.0},{"not_picked":["PiercingWail","Flechettes","Masterful Stab"],"picked":"SKIP","floor":10.0},{"not_picked":["Cloak And Dagger","Finisher"],"picked":"Dagger Throw","floor":12.0},{"not_picked":["Expertise","Flying Knee"],"picked":"Poisoned Stab","floor":14.0},{"not_picked":["Bullet Time","Doppelganger"],"picked":"Corpse Explosion","floor":16.0},{"not_picked":["Blur","Blade Dance"],"picked":"Backstab","floor":18.0},{"not_picked":["Accuracy","Underhanded Strike"],"picked":"Quick Slash","floor":19.0},{"not_picked":["Sucker Punch","Slice+1"],"picked":"Bane","floor":21.0},{"not_picked":["Finisher","Dodge and Roll"],"picked":"Flying Knee+1","floor":24.0},{"not_picked":["Flechettes","Dagger Throw","Cloak And Dagger"],"picked":"SKIP","floor":29.0},{"not_picked":["Dagger Spray","Doppelganger"],"picked":"Poisoned Stab","floor":31.0},{"not_picked":["Eviscerate","Dodge and Roll"],"picked":"Caltrops+1","floor":35.0},{"not_picked":["Acrobatics","Dagger Spray+1","Underhanded Strike"],"picked":"SKIP","floor":36.0},{"not_picked":["Underhanded Strike+1","Blade Dance"],"picked":"Prepared+1","floor":39.0},{"not_picked":["Dodge and Roll+1","Dagger Throw+1"],"picked":"Heel Hook","floor":41.0},{"not_picked":["Reflex+1","Bane"],"picked":"Venomology","floor":42.0}],"player_experience":347388,"relics_obtained":[{"floor":7.0,"key":"Vajra"},{"floor":9.0,"key":"Lantern"},{"floor":26.0,"key":"Ornamental Fan"},{"floor":43.0,"key":"Pantograph"}],"event_choices":[{"damage_healed":0.0,"max_hp_gain":0.0,"max_hp_loss":0.0,"gold_gain":0.0,"event_name":"Golden Idol","player_choice":"Take Damage","floor":4.0,"gold_loss":0.0,"damage_taken":21.0,"relics_obtained":["Golden Idol"]},{"damage_healed":0.0,"max_hp_gain":0.0,"max_hp_loss":0.0,"gold_gain":0.0,"event_name":"Golden Wing","player_choice":"Ignored","floor":11.0,"gold_loss":0.0,"damage_taken":0.0},{"damage_healed":0.0,"max_hp_gain":0.0,"max_hp_loss":0.0,"gold_gain":0.0,"event_name":"Purifier","player_choice":"Ignored","floor":13.0,"gold_loss":0.0,"damage_taken":0.0},{"damage_healed":0.0,"max_hp_gain":0.0,"max_hp_loss":0.0,"gold_gain":0.0,"event_name":"The Library","player_choice":"Read","floor":20.0,"gold_loss":0.0,"damage_taken":0.0,"cards_obtained":["Catalyst"]},{"damage_healed":0.0,"max_hp_gain":0.0,"max_hp_loss":0.0,"gold_gain":0.0,"event_name":"NoteForYourself","player_choice":"Ignored","floor":25.0,"gold_loss":0.0,"damage_taken":0.0},{"damage_healed":0.0,"max_hp_gain":0.0,"max_hp_loss":0.0,"gold_gain":0.0,"event_name":"Forgotten Altar","player_choice":"Gave Idol","floor":30.0,"relics_lost":["Golden Idol"],"gold_loss":0.0,"damage_taken":0.0,"relics_obtained":["Bloody Idol"]},{"cards_removed":["Strike_G"],"damage_healed":0.0,"max_hp_gain":0.0,"max_hp_loss":0.0,"gold_gain":0.0,"event_name":"Falling","player_choice":"Removed Attack","floor":37.0,"gold_loss":0.0,"damage_taken":0.0},{"damage_healed":0.0,"max_hp_gain":0.0,"max_hp_loss":0.0,"gold_gain":0.0,"event_name":"Purifier","player_choice":"Ignored","floor":38.0,"gold_loss":0.0,"damage_taken":0.0},{"damage_healed":0.0,"max_hp_gain":0.0,"max_hp_loss":0.0,"gold_gain":0.0,"event_name":"Winding Halls","player_choice":"Embrace Madness","floor":47.0,"gold_loss":0.0,"damage_taken":11.0,"cards_obtained":["Madness","Madness"]},{"damage_healed":0.0,"max_hp_gain":0.0,"max_hp_loss":0.0,"gold_gain":0.0,"event_name":"Tomb of Lord Red Mask","player_choice":"Paid","floor":48.0,"gold_loss":1.0,"damage_taken":0.0,"relics_obtained":["Red Mask"]}],"is_beta":false,"boss_relics":[{"not_picked":["Calling Bell","Coffee Dripper"],"picked":"Cursed Key"},{"not_picked":["Velvet Choker","Runic Pyramid"],"picked":"Ring of the Serpent"}],"items_purged_floors":[3,45,46],"is_endless":false,"potions_floor_spawned":[7,8,14,16,19,24,29,39,41],"killed_by":"Awakened One","ascension_level":0}