{"gold_per_floor":[119,134,154,165,145,171,171,44,70,80,95,95,130,146,146,242,242,260,32,30,30,30,63,63,80,156,174,184,21,21],"floor_reached":30,"playtime":2891,"items_purged":["Strike_B"],"score":264,"play_id":"09e4ed2a-2c24-4299-9e87-075afe8e48f2","local_time":"20181122204221","is_ascension_mode":false,"campfire_choices":[{"data":"Defend_B","floor":7,"key":"SMITH"},{"data":"Defend_B","floor":12,"key":"SMITH"},{"floor":15,"key":"REST"},{"floor":24,"key":"REST"}],"neow_cost":"NONE","seed_source_timestamp":36708856301728,"circlet_count":0,"master_deck":["Strike_B","Strike_B","Strike_B","Defend_B+1","Defend_B","Defend_B","Defend_B+1","Zap","Dualcast","Multi-Cast","Ball Lightning","Leap","Loop","Reinforced Body","Machine Learning","Static Discharge","Conserve Battery","Capacitor","Go for the Eyes","All For One","Leap","Chrysalis","Loop","Static Discharge","Storm","Aggregate+1","Stack","Gash+1","Amplify"],"relics":["Cracked Core","Potion Belt","Strawberry","Regal Pillow","Velvet Choker","Happy Flower","Mummified Hand"],"potions_floor_usage":[6,6,10,11,13,16],"damage_taken":[{"damage":4,"enemies":"Small Slimes","floor":1,"turns":4},{"damage":1,"enemies":"Cultist","floor":2,"turns":3},{"damage":0,"enemies":"2 Louse","floor":3,"turns":3},{"damage":2,"enemies":"Blue Slaver","floor":4,"turns":4},{"damage":10,"enemies":"Lagavulin","floor":6,"turns":8},{"damage":7,"enemies":"Exordium Thugs","floor":10,"turns":4},{"damage":0,"enemies":"Lots of Slimes","floor":11,"turns":7},{"damage":15,"enemies":"3 Sentries","floor":13,"turns":6},{"damage":0,"enemies":"Looter","floor":14,"turns":3},{"damage":35,"enemies":"The Guardian","floor":16,"turns":14},{"damage":10,"enemies":"Spheric Guardian","floor":18,"turns":6},{"damage":15,"enemies":"2 Thieves","floor":20,"turns":5},{"damage":59,"enemies":"Gremlin Leader","floor":23,"turns":6},{"damage":0,"enemies":"Snecko","floor":25,"turns":7},{"damage":20,"enemies":"Shelled Parasite and Fungi","floor":27,"turns":6},{"damage":18,"enemies":"Sentry and Sphere","floor":28,"turns":5},{"damage":30,"enemies":"Centurion and Healer","floor":30,"turns":5}],"seed_played":"6654777174995467645","potions_obtained":[{"floor":1,"key":"FearPotion"},{"floor":2,"key":"Explosive Potion"},{"floor":5,"key":"Poison Potion"},{"floor":6,"key":"Fire Potion"},{"floor":11,"key":"EssenceOfSteel"},{"floor":13,"key":"LiquidBronze"},{"floor":18,"key":"SteroidPotion"},{"floor":20,"key":"SteroidPotion"}],"is_trial":false,"path_per_floor":["M","M","M","M","?","E","R","$","T","M","M","R","E","M","R","B",null,"M","$","M","?","?","E","R","M","T","M","M","$","M"],"character_chosen":"DEFECT","items_purchased":["SkillPotion","Chrysalis","Loop","Amplify"],"campfire_rested":2,"item_purchase_floors":[8,19,19,29],"current_hp_per_floor":[71,70,70,68,68,58,58,58,65,58,58,58,43,43,82,47,82,72,72,57,82,82,23,62,62,62,42,24,24,0],"gold":21,"neow_bonus":"ONE_RANDOM_RARE_CARD","is_prod":false,"is_daily":false,"chose_seed":false,"campfire_upgraded":2,"win_rate":0.0,"timestamp":1542886941,"path_taken":["M","M","M","M","?","E","R","$","T","?","M","R","E","M","R","BOSS","M","$","M","?","?","E","R","M","T","M","?","?","M"],"build_version":"2018-11-15","purchased_purges":1,"victory":false,"max_hp_per_floor":[75,75,75,75,75,75,75,75,82,82,82,82,82,82,82,82,82,82,82,82,82,82,82,82,82,82,82,82,82,82],"card_choices":[{"not_picked":["Hello World","Go for the Eyes"],"picked":"Ball Lightning","floor":1},{"not_picked":["Go for the Eyes","Compile Driver"],"picked":"Leap","floor":2},{"not_picked":["Beam Cell","Coolheaded"],"picked":"Loop","floor":3},{"not_picked":["Go for the Eyes","Sweeping Beam"],"picked":"Reinforced Body","floor":4},{"not_picked":["Heatsinks","Rebound"],"picked":"Machine Learning","floor":6},{"not_picked":["Rebound","Compile Driver"],"picked":"Static Discharge","floor":10},{"not_picked":["Consume","Rip and Tear"],"picked":"Conserve Battery","floor":11},{"not_picked":["Chaos","Rebound"],"picked":"Capacitor","floor":13},{"not_picked":["Scrape","Rebound"],"picked":"Go for the Eyes","floor":14},{"not_picked":["Rainbow","Creative AI"],"picked":"All For One","floor":16},{"not_picked":["Chaos","Sweeping Beam"],"picked":"Leap","floor":18},{"not_picked":["Double Energy","Cold Snap"],"picked":"Static Discharge","floor":20},{"not_picked":["Scrape","Beam Cell"],"picked":"Storm","floor":23},{"not_picked":["Undo","Cold Snap+1"],"picked":"Aggregate+1","floor":25},{"not_picked":["Steam+1","Cold Snap"],"picked":"Stack","floor":27},{"not_picked":["Redo","Beam Cell"],"picked":"Gash+1","floor":28}],"player_experience":21063,"relics_obtained":[{"floor":6,"key":"Potion Belt"},{"floor":9,"key":"Strawberry"},{"floor":13,"key":"Regal Pillow"},{"floor":23,"key":"Happy Flower"},{"floor":26,"key":"Mummified Hand"}],"event_choices":[{"damage_healed":0,"gold_gain":0,"player_choice":"Bought 1 Potion","damage_taken":0,"max_hp_gain":0,"max_hp_loss":0,"event_name":"The Woman in Blue","floor":5,"gold_loss":0},{"damage_healed":27,"gold_gain":0,"player_choice":"Heal","damage_taken":0,"max_hp_gain":0,"max_hp_loss":0,"event_name":"The Library","floor":21,"gold_loss":0},{"damage_healed":0,"gold_gain":0,"player_choice":"Ignored","damage_taken":0,"max_hp_gain":0,"max_hp_loss":0,"event_name":"Vampires","floor":22,"gold_loss":0}],"is_beta":false,"boss_relics":[{"not_picked":["Empty Cage","Sozu"],"picked":"Velvet Choker"}],"items_purged_floors":[8],"is_endless":false,"potions_floor_spawned":[1,2,6,11,13,18,20],"killed_by":"Centurion and Healer","ascension_level":0}