{"gold_per_floor":[365,379,554,41,41,41,74,74,74,92,108,140,140,168,168,272,272,261,278,70,70,90,125,125,125,172,182,182,201,101,200,200,200],"floor_reached":33,"playtime":1917,"items_purged":["Normality","Doubt"],"score":368,"play_id":"f8f91cd7-90c1-44d4-90c6-fe699c656453","local_time":"20190308140149","is_ascension_mode":true,"campfire_choices":[{"floor":6.0,"key":"REST"},{"data":"Neutralize","floor":8.0,"key":"SMITH"},{"floor":13.0,"key":"REST"},{"data":"Backflip","floor":15,"key":"SMITH"},{"data":"Envenom","floor":24,"key":"SMITH"},{"floor":28,"key":"REST"},{"data":"Survivor","floor":32,"key":"SMITH"}],"neow_cost":"CURSE","seed_source_timestamp":1117177276185,"circlet_count":0,"master_deck":["Defend_G","Defend_G","Defend_G","Defend_G","Defend_G+1","Strike_G","Strike_G","Strike_G+1","Strike_G+1","Strike_G+1","Survivor+1","Neutralize+1","Backflip+1","Envenom+1","Terror","Accuracy","Catalyst","Bullet Time","Backflip+1","Blade Dance","Bullet Time","Predator+1"],"special_seed":0,"relics":["Ring of the Snake","StoneCalendar","Whetstone","Question Card","Ninja Scroll","Pen Nib","Matryoshka","Snecko Eye","DollysMirror","Regal Pillow","Oddly Smooth Stone","Frozen Egg 2"],"potions_floor_usage":[14,23,23,23,33],"damage_taken":[{"damage":0.0,"enemies":"2 Louse","floor":1.0,"turns":4.0},{"damage":11.0,"enemies":"Jaw Worm","floor":2.0,"turns":6.0},{"damage":30.0,"enemies":"Lagavulin","floor":7.0,"turns":7.0},{"damage":0.0,"enemies":"Cultist","floor":10.0,"turns":3.0},{"damage":1.0,"enemies":"2 Fungi Beasts","floor":11.0,"turns":4.0},{"damage":10.0,"enemies":"Gremlin Nob","floor":12.0,"turns":4.0},{"damage":9,"enemies":"3 Sentries","floor":14,"turns":7},{"damage":13,"enemies":"Hexaghost","floor":16,"turns":9},{"damage":12,"enemies":"2 Thieves","floor":18,"turns":4},{"damage":3,"enemies":"3 Byrds","floor":19,"turns":6},{"damage":0,"enemies":"3 Cultists","floor":22,"turns":5},{"damage":3,"enemies":"Book of Stabbing","floor":23,"turns":5},{"damage":17,"enemies":"Colosseum Slavers","floor":25,"turns":5},{"damage":15,"enemies":"Snake Plant","floor":27,"turns":4},{"damage":5,"enemies":"Snecko","floor":29,"turns":5},{"damage":43,"enemies":"Automaton","floor":33,"turns":6}],"seed_played":"-7431577791514699902","potions_obtained":[{"floor":1.0,"key":"EssenceOfSteel"},{"floor":2.0,"key":"SpeedPotion"},{"floor":12.0,"key":"AttackPotion"},{"floor":16,"key":"Strength Potion"},{"floor":18,"key":"SneckoOil"},{"floor":22,"key":"SkillPotion"},{"floor":29,"key":"Weak Potion"}],"is_trial":false,"path_per_floor":["M","M","?","$","?","R","E","R","T","M","M","E","R","E","R","B",null,"M","M","$","?","M","E","R","?","T","M","R","M","$","?","R","B"],"character_chosen":"THE_SILENT","items_purchased":["StoneCalendar","Whetstone","DollysMirror"],"campfire_rested":3,"item_purchase_floors":[4,4,20],"current_hp_per_floor":[63,52,52,52,38,59,29,29,29,29,28,18,39,30,30,17,57,45,42,42,42,42,39,39,22,22,7,43,38,38,38,38,0],"gold":200,"neow_bonus":"TWO_FIFTY_GOLD","is_prod":false,"is_daily":false,"chose_seed":false,"campfire_upgraded":4,"win_rate":0,"timestamp":1552024909,"path_taken":["M","M","?","$","?","R","E","R","T","?","M","E","R","E","R","BOSS","M","M","$","?","M","E","R","?","T","M","R","M","$","?","R","BOSS"],"build_version":"2019-01-23","purchased_purges":2,"victory":false,"max_hp_per_floor":[70,70,70,70,70,70,70,70,70,70,70,70,70,70,70,70,70,70,70,70,70,70,70,70,70,70,70,70,70,70,70,70,70],"card_choices":[{"not_picked":["Prepared","Blade Dance"],"picked":"Backflip","floor":1.0},{"not_picked":["Slice","Accuracy","Choke"],"picked":"SKIP","floor":2.0},{"not_picked":["Quick Slash","Acrobatics"],"picked":"Envenom","floor":7.0},{"not_picked":["Deflect","Sucker Punch","Finisher"],"picked":"Terror","floor":10.0},{"not_picked":["Eviscerate","Bane","Blade Dance","Dagger Throw"],"picked":"SKIP","floor":11.0},{"not_picked":["Riddle With Holes","Crippling Poison","Backflip"],"picked":"Accuracy","floor":12.0},{"not_picked":["Escape Plan","Calculated Gamble","Dodge and Roll"],"picked":"Catalyst","floor":14},{"not_picked":["Unload","Venomology","Wraith Form v2"],"picked":"Bullet Time","floor":16},{"not_picked":["PiercingWail","Endless Agony+1","Expertise"],"picked":"Backflip+1","floor":18},{"not_picked":["Deadly Poison","Backstab+1","Acrobatics"],"picked":"Blade Dance","floor":19},{"not_picked":["Setup","Deflect","Bane","Outmaneuver+1"],"picked":"SKIP","floor":22},{"not_picked":["Setup","Deflect","Bane","Outmaneuver+1"],"picked":"SKIP","floor":22},{"not_picked":["Setup","Deflect","Bane","Outmaneuver+1"],"picked":"SKIP","floor":22},{"not_picked":["Concentrate","Outmaneuver","Cloak And Dagger","Acrobatics"],"picked":"SKIP","floor":23},{"not_picked":["Reflex","Quick Slash+1","Cloak And Dagger","Concentrate"],"picked":"SKIP","floor":27},{"not_picked":["Tactician","Slice+1","Infinite Blades+1"],"picked":"Predator+1","floor":29}],"player_experience":253265,"relics_obtained":[{"floor":7.0,"key":"Question Card"},{"floor":9.0,"key":"Ninja Scroll"},{"floor":12.0,"key":"Pen Nib"},{"floor":14,"key":"Matryoshka"},{"floor":23,"key":"Regal Pillow"},{"floor":26,"key":"Oddly Smooth Stone"},{"floor":26,"key":"Frozen Egg 2"}],"event_choices":[{"damage_healed":0.0,"max_hp_gain":0.0,"max_hp_loss":0.0,"gold_gain":175.0,"event_name":"Liars Game","player_choice":"AGREE","floor":3.0,"gold_loss":0.0,"damage_taken":0.0,"cards_obtained":["Doubt"]},{"damage_healed":0.0,"max_hp_gain":0.0,"max_hp_loss":0.0,"gold_gain":0.0,"event_name":"Shining Light","player_choice":"Entered Light","floor":5.0,"gold_loss":0.0,"damage_taken":14.0,"cards_upgraded":["Strike_G","Defend_G"]},{"damage_healed":0,"gold_gain":0,"player_choice":"Ignored","damage_taken":0,"max_hp_gain":0,"max_hp_loss":0,"event_name":"Ghosts","floor":21,"gold_loss":0},{"damage_healed":0,"gold_gain":0,"player_choice":"Fight","damage_taken":0,"max_hp_gain":0,"max_hp_loss":0,"event_name":"Colosseum","floor":25,"gold_loss":0},{"damage_healed":0,"gold_gain":0,"player_choice":"Fled From Nobs","damage_taken":0,"max_hp_gain":0,"max_hp_loss":0,"event_name":"Colosseum","floor":25,"gold_loss":0},{"damage_healed":0,"gold_gain":99,"player_choice":"Stole From Cult","damage_taken":0,"max_hp_gain":0,"max_hp_loss":0,"event_name":"Nest","floor":31,"gold_loss":0}],"is_beta":false,"boss_relics":[{"not_picked":["Runic Pyramid","Tiny House"],"picked":"Snecko Eye"}],"items_purged_floors":[4,30],"is_endless":false,"potions_floor_spawned":[1,2,12,16,18,22,25,29],"killed_by":"Automaton","ascension_level":6}