{"gold_per_floor":[16,36,52,52,62,91,91,121,121,121,133,103,103,114,114,218,218,230,330,345,159,159,159,59,76,76,110,110,125,144,157,157,157],"floor_reached":33,"playtime":1440,"items_purged":["Decay","Strike_R"],"score":432,"play_id":"cbcacca7-04a4-46a7-8be2-6b0a1cad3fa2","local_time":"20190329040732","is_ascension_mode":true,"campfire_choices":[{"data":"Bash","floor":7.0,"key":"SMITH"},{"data":"Rage","floor":10.0,"key":"SMITH"},{"floor":13,"key":"REST"},{"data":"Armaments","floor":15,"key":"SMITH"},{"data":"Defend_R","floor":23,"key":"SMITH"},{"floor":28,"key":"REST"},{"data":"Armaments","floor":32,"key":"SMITH"}],"neow_cost":"NO_GOLD","seed_source_timestamp":40845426580435,"circlet_count":0,"master_deck":["AscendersBane","Strike_R","Defend_R+1","Defend_R","Bash+1","Rage+1","Iron Wave","Flex","Pommel Strike","Infernal Blade","Sword Boomerang","Sword Boomerang","Armaments+1","Impervious","Metallicize+1","Immolate+1","Juggernaut+1","Evolve+1","Disarm","Entrench","Rage","Armaments+1"],"special_seed":0,"relics":["Burning Blood","Ancient Tea Set","Regal Pillow","Lantern","Astrolabe","Singing Bowl","Darkstone Periapt"],"potions_floor_usage":[16,27,27,27,30,30,31],"damage_taken":[{"damage":0.0,"enemies":"Small Slimes","floor":1.0,"turns":3.0},{"damage":0.0,"enemies":"Cultist","floor":2.0,"turns":3.0},{"damage":0.0,"enemies":"2 Louse","floor":3.0,"turns":3.0},{"damage":8.0,"enemies":"Red Slaver","floor":5.0,"turns":4.0},{"damage":28.0,"enemies":"3 Sentries","floor":6.0,"turns":8.0},{"damage":40.0,"enemies":"Lagavulin","floor":8.0,"turns":7.0},{"damage":14,"enemies":"Gremlin Gang","floor":11,"turns":8},{"damage":0,"enemies":"2 Fungi Beasts","floor":14,"turns":2},{"damage":4,"enemies":"Slime Boss","floor":16,"turns":7},{"damage":24,"enemies":"Shell Parasite","floor":18,"turns":5},{"damage":14,"enemies":"Chosen","floor":20,"turns":6},{"damage":28,"enemies":"Shelled Parasite and Fungi","floor":25,"turns":6},{"damage":18,"enemies":"Book of Stabbing","floor":27,"turns":6},{"damage":4,"enemies":"Centurion and Healer","floor":29,"turns":5},{"damage":6,"enemies":"3 Cultists","floor":30,"turns":4},{"damage":18,"enemies":"Snake Plant","floor":31,"turns":3},{"damage":80,"enemies":"Champ","floor":33,"turns":10}],"seed_played":"5769136858479470325","potions_obtained":[{"floor":1.0,"key":"Explosive Potion"},{"floor":2.0,"key":"Block Potion"},{"floor":12,"key":"Fire Potion"},{"floor":12,"key":"EntropicBrew"},{"floor":16,"key":"BloodPotion"},{"floor":27,"key":"Explosive Potion"},{"floor":30,"key":"AttackPotion"}],"is_trial":false,"path_per_floor":["M","M","M","?","M","E","R","E","T","R","M","?","R","M","R","B",null,"M","?","M","$","?","R","$","M","T","E","R","M","M","M","R","B"],"character_chosen":"IRONCLAD","items_purchased":["Disarm","Entrench"],"campfire_rested":2,"item_purchase_floors":[21,21],"current_hp_per_floor":[78,80,80,80,78,56,56,22,22,22,14,14,53,59,59,61,75,57,57,49,49,49,49,49,27,27,25,64,68,70,58,58,0],"gold":157,"neow_bonus":"REMOVE_TWO","is_prod":false,"is_daily":false,"chose_seed":false,"campfire_upgraded":5,"win_rate":0,"timestamp":1553800052,"path_taken":["M","M","M","?","?","E","R","E","T","R","M","?","R","M","R","BOSS","M","?","?","$","?","R","$","M","T","E","R","M","M","M","R","BOSS"],"build_version":"2019-01-23","purchased_purges":2,"victory":false,"max_hp_per_floor":[80,80,80,80,80,80,80,80,80,80,80,80,80,80,80,80,80,80,80,80,80,80,80,80,80,80,82,82,84,86,86,86,86],"card_choices":[{"not_picked":["Wild Strike","Sever Soul"],"picked":"Rage","floor":1.0},{"not_picked":["Second Wind","Havoc"],"picked":"Iron Wave","floor":2.0},{"not_picked":["Hemokinesis","Shrug It Off"],"picked":"Flex","floor":3.0},{"not_picked":["Shrug It Off","Warcry"],"picked":"Pommel Strike","floor":5.0},{"not_picked":["Hemokinesis","Berserk"],"picked":"Infernal Blade","floor":6.0},{"not_picked":["Flex","Warcry"],"picked":"Sword Boomerang","floor":8.0},{"not_picked":["Heavy Blade","True Grit"],"picked":"Sword Boomerang","floor":11},{"not_picked":["Infernal Blade","Bludgeon"],"picked":"Armaments","floor":14},{"not_picked":["Bludgeon","Berserk"],"picked":"Impervious","floor":16},{"not_picked":["Dropkick+1","Searing Blow","Dual Wield"],"picked":"SKIP","floor":18},{"not_picked":["Thunderclap","Headbutt+1"],"picked":"Evolve+1","floor":20},{"not_picked":["Anger","Thunderclap"],"picked":"Rage","floor":25},{"not_picked":["Body Slam","Headbutt+1","Sword Boomerang+1"],"picked":"Singing Bowl","floor":27},{"not_picked":["Reckless Charge","Cleave","Headbutt"],"picked":"Singing Bowl","floor":29},{"not_picked":["Iron Wave","Bloodletting","Sever Soul"],"picked":"Singing Bowl","floor":30},{"not_picked":["Body Slam","Clash"],"picked":"Armaments","floor":31}],"player_experience":390426,"relics_obtained":[{"floor":6.0,"key":"Ancient Tea Set"},{"floor":8.0,"key":"Regal Pillow"},{"floor":9.0,"key":"Lantern"},{"floor":26,"key":"Singing Bowl"},{"floor":27,"key":"Darkstone Periapt"}],"event_choices":[{"damage_healed":0.0,"max_hp_gain":0.0,"max_hp_loss":0.0,"gold_gain":0.0,"event_name":"Wheel of Change","player_choice":"Cursed","floor":4.0,"gold_loss":0.0,"damage_taken":0.0,"cards_obtained":["Decay"]},{"damage_healed":0,"gold_gain":0,"player_choice":"Bought 2 Potions","damage_taken":0,"max_hp_gain":0,"max_hp_loss":0,"event_name":"The Woman in Blue","floor":12,"gold_loss":0},{"damage_healed":0,"gold_gain":100,"player_choice":"Pray","damage_taken":0,"max_hp_gain":0,"max_hp_loss":0,"event_name":"Golden Shrine","floor":19,"gold_loss":0},{"damage_healed":0,"gold_gain":0,"player_choice":"Ignored","damage_taken":0,"max_hp_gain":0,"max_hp_loss":0,"event_name":"Cursed Tome","floor":22,"gold_loss":0}],"is_beta":false,"boss_relics":[{"not_picked":["Busted Crown","Empty Cage"],"picked":"Astrolabe"}],"items_purged_floors":[21,24],"is_endless":false,"potions_floor_spawned":[1,2,14,16,18,27,30],"killed_by":"Champ","ascension_level":11}