{"gold_per_floor":[109,129,129,54,73,106,56,56,56,114,14,14,46,63,63,161,161,179,199,399,411,425,450,450,450,528,528],"floor_reached":27,"playtime":1858,"items_purged":["Strike_G","Strike_G"],"score":290,"play_id":"2b3b81f1-15db-4414-9e64-283c9dc65032","local_time":"20181217213255","is_ascension_mode":true,"campfire_choices":[{"data":"Sucker Punch","floor":8,"key":"SMITH"},{"data":"Infinite Blades","floor":12,"key":"SMITH"},{"data":"Footwork","floor":15,"key":"SMITH"},{"data":"Blade Dance","floor":24,"key":"SMITH"}],"neow_cost":"NONE","seed_source_timestamp":444254186496695,"circlet_count":0,"master_deck":["Defend_G","Defend_G","Defend_G","Defend_G","Defend_G","Strike_G","Strike_G","Survivor","Neutralize","Infinite Blades+1","Quick Slash","Well Laid Plans","Sucker Punch+1","Flying Knee+1","Footwork+1","Blade Dance+1"],"relics":["Ring of the Snake","Pear","Molten Egg 2","Pen Nib","Busted Crown","Mummified Hand","Question Card"],"potions_floor_usage":[16,21,23,23,23],"damage_taken":[{"damage":0,"enemies":"Cultist","floor":1,"turns":4},{"damage":0,"enemies":"2 Louse","floor":2,"turns":4},{"damage":0,"enemies":"Small Slimes","floor":5,"turns":5},{"damage":28,"enemies":"Gremlin Nob","floor":6,"turns":5},{"damage":26,"enemies":"Gremlin Nob","floor":10,"turns":5},{"damage":19,"enemies":"3 Sentries","floor":13,"turns":8},{"damage":0,"enemies":"Red Slaver","floor":14,"turns":4},{"damage":5,"enemies":"Slime Boss","floor":16,"turns":13},{"damage":0,"enemies":"Shell Parasite","floor":18,"turns":6},{"damage":0,"enemies":"Chosen","floor":19,"turns":6},{"damage":7,"enemies":"Shelled Parasite and Fungi","floor":21,"turns":7},{"damage":14,"enemies":"Cultist and Chosen","floor":22,"turns":8},{"damage":33,"enemies":"Gremlin Leader","floor":23,"turns":8},{"damage":13,"enemies":"Colosseum Slavers","floor":25,"turns":4},{"damage":22,"enemies":"Slavers","floor":27,"turns":3}],"seed_played":"8549487245363306864","potions_obtained":[{"floor":6,"key":"GamblersBrew"},{"floor":13,"key":"SkillPotion"},{"floor":14,"key":"AttackPotion"},{"floor":16,"key":"Energy Potion"},{"floor":19,"key":"AttackPotion"},{"floor":22,"key":"LiquidBronze"}],"is_trial":false,"path_per_floor":["M","M","?","$","M","E","?","R","T","?","$","R","E","M","R","B",null,"M","M","?","M","M","E","R","?","T","E"],"character_chosen":"THE_SILENT","items_purchased":[],"campfire_rested":0,"item_purchase_floors":[],"current_hp_per_floor":[77,77,70,70,70,52,52,52,52,26,26,26,7,7,7,2,87,87,87,87,80,66,33,33,20,20,0],"gold":528,"neow_bonus":"TEN_PERCENT_HP_BONUS","is_prod":false,"is_daily":false,"chose_seed":false,"campfire_upgraded":4,"win_rate":0,"timestamp":1545103975,"path_taken":["M","M","?","?","M","E","?","R","T","?","?","R","E","M","R","BOSS","M","M","?","?","M","E","R","?","T","E"],"build_version":"2018-12-13","purchased_purges":2,"victory":false,"max_hp_per_floor":[77,77,77,77,77,87,87,87,87,87,87,87,87,87,87,87,87,87,87,87,87,87,87,87,87,87,87],"card_choices":[{"not_picked":["PiercingWail","Prepared"],"picked":"Infinite Blades","floor":1},{"not_picked":["Dagger Throw","PiercingWail"],"picked":"Quick Slash","floor":2},{"not_picked":["Phantasmal Killer","Calculated Gamble"],"picked":"Well Laid Plans","floor":5},{"not_picked":["Caltrops","Masterful Stab"],"picked":"Sucker Punch","floor":6},{"not_picked":["Quick Slash","Prepared"],"picked":"Flying Knee","floor":10},{"not_picked":["Infinite Blades","Caltrops"],"picked":"Footwork","floor":13},{"not_picked":["Prepared","Calculated Gamble"],"picked":"Blade Dance","floor":14},{"not_picked":["Dagger Spray+1"],"picked":"SKIP","floor":18},{"not_picked":["Bane+1"],"picked":"SKIP","floor":19},{"not_picked":["Prepared+1"],"picked":"SKIP","floor":21},{"not_picked":["Backflip"],"picked":"SKIP","floor":22},{"not_picked":["Skewer+1"],"picked":"SKIP","floor":23}],"player_experience":255614,"relics_obtained":[{"floor":6,"key":"Pear"},{"floor":10,"key":"Molten Egg 2"},{"floor":13,"key":"Pen Nib"},{"floor":23,"key":"Mummified Hand"},{"floor":26,"key":"Question Card"}],"event_choices":[{"damage_healed":0,"gold_gain":0,"player_choice":"Damaged","damage_taken":7,"max_hp_gain":0,"max_hp_loss":0,"event_name":"Wheel of Change","floor":3,"gold_loss":0},{"cards_removed":["Strike_G"],"damage_healed":0,"gold_gain":0,"player_choice":"Card Removal","damage_taken":0,"max_hp_gain":0,"max_hp_loss":0,"event_name":"The Cleric","floor":7,"gold_loss":50},{"damage_healed":0,"gold_gain":0,"player_choice":"Searched \u00271\u0027 times","damage_taken":0,"max_hp_gain":0,"max_hp_loss":0,"event_name":"Dead Adventurer","floor":10,"gold_loss":0},{"damage_healed":0,"gold_gain":200,"player_choice":"Gold","damage_taken":0,"max_hp_gain":0,"max_hp_loss":0,"event_name":"Wheel of Change","floor":20,"gold_loss":0},{"damage_healed":0,"gold_gain":0,"player_choice":"Fight","damage_taken":0,"max_hp_gain":0,"max_hp_loss":0,"event_name":"Colosseum","floor":25,"gold_loss":0},{"damage_healed":0,"gold_gain":0,"player_choice":"Fled From Nobs","damage_taken":0,"max_hp_gain":0,"max_hp_loss":0,"event_name":"Colosseum","floor":25,"gold_loss":0}],"is_beta":false,"boss_relics":[{"not_picked":["Calling Bell","Ring of the Serpent"],"picked":"Busted Crown"}],"items_purged_floors":[4,11],"is_endless":false,"potions_floor_spawned":[6,13,14,16,19,22,25],"killed_by":"Slavers","ascension_level":2}