{"gold_per_floor":[109,109,122,47,47,47,66,119,142,142,92,106,106,24,24,122,122,122,72,89,39,58,58,85,85,85,35,48,48],"floor_reached":29,"playtime":1168,"items_purged":["Strike_R","Strike_R","Defend_R","Defend_R","Strike_R"],"score":231,"play_id":"35a9ea69-0d78-43cd-9a06-285786fde3ec","local_time":"20181005010510","is_ascension_mode":false,"campfire_choices":[{"data":"Strike_R","floor":6.0,"key":"SMITH"},{"floor":10.0,"key":"REST"},{"data":"Shrug It Off","floor":13.0,"key":"SMITH"},{"data":"Dropkick","floor":15.0,"key":"SMITH"},{"floor":23.0,"key":"REST"},{"floor":25,"key":"REST"}],"neow_cost":"","seed_source_timestamp":0,"circlet_count":0,"master_deck":["Strike_R","Strike_R+1","Defend_R","Defend_R","Bash+1","Shrug It Off+1","Dropkick+1"],"special_seed":0,"relics":["Burning Blood","Darkstone Periapt","Smiling Mask","Orichalcum","Black Star","Centennial Puzzle","Happy Flower","Mercury Hourglass"],"potions_floor_usage":[24,24],"damage_taken":[{"damage":7.0,"enemies":"Small Slimes","floor":1.0,"turns":3.0},{"damage":8.0,"enemies":"Jaw Worm","floor":3.0,"turns":4.0},{"damage":6.0,"enemies":"2 Louse","floor":7.0,"turns":2.0},{"damage":6.0,"enemies":"Red Slaver","floor":12.0,"turns":5.0},{"damage":66.0,"enemies":"The Guardian","floor":16.0,"turns":10.0},{"damage":0.0,"enemies":"3 Byrds","floor":18.0,"turns":1.0},{"damage":29.0,"enemies":"2 Thieves","floor":20.0,"turns":4.0},{"damage":28.0,"enemies":"Chosen and Byrds","floor":22.0,"turns":8.0},{"damage":71,"enemies":"Slavers","floor":24,"turns":10},{"damage":18,"enemies":"Snake Plant","floor":28,"turns":5},{"damage":23,"enemies":"Sentry and Sphere","floor":29,"turns":5}],"seed_played":"3871911483106477239","potions_obtained":[{"floor":1.0,"key":"Fire Potion"},{"floor":16.0,"key":"SmokeBomb"},{"floor":20.0,"key":"Energy Potion"},{"floor":22.0,"key":"Regen Potion"}],"is_trial":false,"path_per_floor":["M","?","M","$","?","R","M","T","T","R","$","M","R","$","R","B",null,"M","$","M","$","M","R","E","R","T","$","M"],"character_chosen":"IRONCLAD","items_purchased":["Dropkick"],"campfire_rested":3,"item_purchase_floors":[14],"current_hp_per_floor":[79,67,65,65,65,65,65,65,65,80,80,80,80,80,80,20,80,80,80,57,57,35,59,9,33,33,33,21,0],"gold":48,"neow_bonus":"","is_prod":false,"is_daily":false,"chose_seed":false,"campfire_upgraded":3,"win_rate":0,"timestamp":1538694310,"path_taken":["M","?","M","$","?","R","M","?","T","R","$","M","R","$","R","BOSS","M","$","?","$","M","R","E","R","T","$","?","M"],"build_version":"2018-09-27","purchased_purges":5,"victory":false,"max_hp_per_floor":[80,80,80,80,80,80,80,80,80,80,80,80,80,80,80,80,80,80,80,80,80,80,80,80,80,80,80,80,80],"card_choices":[{"not_picked":["Warcry","Burning Pact","Ghostly Armor"],"picked":"SKIP","floor":1.0},{"not_picked":["Metallicize","Intimidate","Rage"],"picked":"SKIP","floor":3.0},{"not_picked":["Disarm","Twin Strike","Havoc"],"picked":"SKIP","floor":7.0},{"not_picked":["Anger","Pummel"],"picked":"Shrug It Off","floor":12.0},{"not_picked":["Pommel Strike","Shrug It Off","Second Wind"],"picked":"SKIP","floor":20.0},{"not_picked":["Clash","Iron Wave+1","Headbutt+1"],"picked":"SKIP","floor":22.0},{"not_picked":["Shrug It Off+1","Rupture","Warcry+1"],"picked":"SKIP","floor":24},{"not_picked":["Twin Strike+1","Perfected Strike","Combust+1"],"picked":"SKIP","floor":28}],"player_experience":223153,"relics_obtained":[{"floor":8.0,"key":"Smiling Mask"},{"floor":9.0,"key":"Orichalcum"},{"floor":24,"key":"Centennial Puzzle"},{"floor":24,"key":"Happy Flower"},{"floor":26,"key":"Mercury Hourglass"}],"event_choices":[{"event_name":"Scrap Ooze","player_choice":"success","floor":2.0,"damage_taken":12.0},{"event_name":"Accursed Blacksmith","player_choice":"Forge","floor":5.0,"damage_taken":0.0}],"is_beta":false,"boss_relics":[{"not_picked":["Eternal Feather","Ectoplasm"],"picked":"Black Star"}],"items_purged_floors":[4,11,19,21,27],"is_endless":false,"potions_floor_spawned":[1,16,20,22],"killed_by":"Sentry and Sphere","ascension_level":0}