{"gold_per_floor":[110,120,120,134,134,134,163,177,228,238,272,289,7,21,21,123,123,140,150,57,7,282,282,295,295,322,342,359,359,374,34,34,137,137,153,171,171,23,43,76,76,93,93,93,112,129,129,143,143,143],"floor_reached":50,"playtime":2817,"items_purged":["Regret"],"score":639,"play_id":"28cf13b4-a109-4773-9053-50005b4b0e5c","local_time":"20190227152645","is_ascension_mode":true,"campfire_choices":[{"data":"Neutralize","floor":6.0,"key":"SMITH"},{"data":"Well Laid Plans","floor":15.0,"key":"SMITH"},{"data":"Envenom","floor":23.0,"key":"SMITH"},{"data":"Panacea","floor":25.0,"key":"SMITH"},{"data":"Terror","floor":29.0,"key":"SMITH"},{"data":"A Thousand Cuts","floor":32.0,"key":"SMITH"},{"floor":41.0,"key":"REST"},{"floor":47.0,"key":"REST"},{"floor":49.0,"key":"REST"}],"neow_cost":"NONE","seed_source_timestamp":8082272904949,"circlet_count":0,"master_deck":["Defend_G","Defend_G","Defend_G","Defend_G","Defend_G","Strike_G","Strike_G","Strike_G","Strike_G","Strike_G","Survivor","Neutralize+1","Sucker Punch","Footwork+1","Calculated Gamble","Well Laid Plans+1","Dagger Spray+1","Choke+1","Underhanded Strike+1","Flying Knee+1","Panacea+1","Dagger Spray+1","Envenom+1","Terror+1","Dash+1","Dark Shackles","Dagger Spray+1","Quick Slash+1","PiercingWail","Dagger Spray+1","Bane+1","A Thousand Cuts+1","PiercingWail","Swift Strike+1","Adrenaline","Dagger Throw+1","Dagger Throw+1","Die Die Die+1","Dagger Spray+1","Footwork+1","Dagger Spray+1","Parasite"],"special_seed":0,"relics":["Ring of the Snake","NeowsBlessing","FaceOfCleric","Molten Egg 2","Boot","Art of War","TheAbacus","Velvet Choker","Vajra","Eternal Feather","Singing Bowl","Oddly Smooth Stone","Incense Burner","PreservedInsect"],"potions_floor_usage":[50,50,50],"damage_taken":[{"damage":0.0,"enemies":"2 Louse","floor":1.0,"turns":1.0},{"damage":0.0,"enemies":"Cultist","floor":2.0,"turns":1.0},{"damage":0.0,"enemies":"Jaw Worm","floor":4.0,"turns":1.0},{"damage":19.0,"enemies":"Lagavulin","floor":7.0,"turns":12.0},{"damage":11.0,"enemies":"Lots of Slimes","floor":8.0,"turns":10.0},{"damage":0.0,"enemies":"Looter","floor":10.0,"turns":4.0},{"damage":12.0,"enemies":"3 Sentries","floor":11.0,"turns":7.0},{"damage":5.0,"enemies":"Red Slaver","floor":12.0,"turns":2.0},{"damage":0.0,"enemies":"Exordium Thugs","floor":14.0,"turns":4.0},{"damage":24.0,"enemies":"Hexaghost","floor":16.0,"turns":12.0},{"damage":18.0,"enemies":"Shell Parasite","floor":18.0,"turns":6.0},{"damage":0.0,"enemies":"3 Byrds","floor":19.0,"turns":2.0},{"damage":11.0,"enemies":"Sentry and Sphere","floor":24.0,"turns":4.0},{"damage":0.0,"enemies":"Snake Plant","floor":27.0,"turns":4.0},{"damage":4.0,"enemies":"Shelled Parasite and Fungi","floor":28.0,"turns":5.0},{"damage":4.0,"enemies":"Centurion and Healer","floor":30.0,"turns":4.0},{"damage":32.0,"enemies":"Automaton","floor":33.0,"turns":9.0},{"damage":3.0,"enemies":"Orb Walker","floor":35.0,"turns":2.0},{"damage":18.0,"enemies":"3 Darklings","floor":36.0,"turns":4.0},{"damage":7.0,"enemies":"Jaw Worm Horde","floor":39.0,"turns":3.0},{"damage":56.0,"enemies":"Reptomancer","floor":40.0,"turns":6.0},{"damage":9.0,"enemies":"Spire Growth","floor":42.0,"turns":4.0},{"damage":16.0,"enemies":"Transient","floor":45.0,"turns":5.0},{"damage":18.0,"enemies":"Sphere and 2 Shapes","floor":46.0,"turns":2.0},{"damage":65.0,"enemies":"Writhing Mass","floor":48.0,"turns":7.0},{"damage":64,"enemies":"Donu and Deca","floor":50,"turns":5}],"seed_played":"3747371304438774861","potions_obtained":[{"floor":4.0,"key":"GhostInAJar"},{"floor":7.0,"key":"GamblersBrew"},{"floor":8.0,"key":"Fire Potion"},{"floor":14.0,"key":"Explosive Potion"},{"floor":16.0,"key":"Weak Potion"},{"floor":19.0,"key":"Poison Potion"},{"floor":28.0,"key":"Strength Potion"},{"floor":30.0,"key":"Fire Potion"},{"floor":36.0,"key":"SkillPotion"},{"floor":40.0,"key":"Poison Potion"},{"floor":45.0,"key":"PowerPotion"},{"floor":46.0,"key":"Dexterity Potion"},{"floor":48.0,"key":"Explosive Potion"}],"is_trial":false,"path_per_floor":["M","M","?","M","?","R","E","M","T","M","E","M","$","M","R","B",null,"M","M","$","$","?","R","M","R","T","M","M","R","M","$","R","B",null,"M","M","T","$","M","E","R","M","T","?","M","M","R","M","R","B"],"character_chosen":"THE_SILENT","items_purchased":["TheAbacus","Panacea","Dark Shackles","Dagger Spray+1","A Thousand Cuts","PiercingWail","Swift Strike+1","Oddly Smooth Stone"],"campfire_rested":3,"item_purchase_floors":[13,13,20,21,31,31,31,38],"current_hp_per_floor":[70,70,70,71,71,71,53,43,43,44,33,29,29,30,30,7,78,61,62,62,62,62,62,52,52,52,53,50,50,47,47,47,16,85,83,66,66,66,60,7,55,47,47,47,34,17,69,7,60,0],"gold":143,"neow_bonus":"THREE_ENEMY_KILL","is_prod":false,"is_daily":false,"chose_seed":false,"campfire_upgraded":6,"win_rate":0,"timestamp":1551252405,"path_taken":["M","M","?","?","?","R","E","M","T","M","E","M","$","M","R","BOSS","M","M","?","$","?","R","M","R","T","M","?","R","M","$","R","BOSS","M","M","?","$","M","E","R","M","T","?","M","?","R","M","R","BOSS"],"build_version":"2019-01-23","purchased_purges":1,"victory":false,"max_hp_per_floor":[70,70,70,71,71,71,72,73,73,74,75,76,76,77,77,78,78,79,80,80,80,80,80,81,81,81,82,83,83,84,84,84,85,85,86,87,87,87,88,91,91,92,92,92,95,96,96,99,99,99],"card_choices":[{"not_picked":["Prepared","Flechettes"],"picked":"Sucker Punch","floor":1.0},{"not_picked":["Dagger Spray","Flying Knee"],"picked":"Footwork","floor":2.0},{"not_picked":["Dagger Throw","Underhanded Strike"],"picked":"Calculated Gamble","floor":4.0},{"not_picked":["Bouncing Flask","Prepared"],"picked":"Well Laid Plans","floor":7.0},{"not_picked":["Leg Sweep","Flying Knee+1"],"picked":"Dagger Spray+1","floor":8.0},{"not_picked":["Dodge and Roll","Poisoned Stab+1"],"picked":"Choke+1","floor":10.0},{"not_picked":["Malaise","Cloak And Dagger"],"picked":"Underhanded Strike+1","floor":11.0},{"not_picked":["Bouncing Flask","Deadly Poison"],"picked":"Flying Knee+1","floor":12.0},{"not_picked":["Outmaneuver","Backflip"],"picked":"Dagger Spray+1","floor":14.0},{"not_picked":["Glass Knife+1","Phantasmal Killer"],"picked":"Envenom","floor":16.0},{"not_picked":["Skewer+1","Prepared"],"picked":"Terror","floor":18.0},{"not_picked":["Acrobatics","Heel Hook+1"],"picked":"Dash+1","floor":19.0},{"not_picked":["Choke+1","Catalyst"],"picked":"Quick Slash+1","floor":24.0},{"not_picked":["Flechettes+1","Wraith Form v2"],"picked":"PiercingWail","floor":27.0},{"not_picked":["Well Laid Plans","PiercingWail+1"],"picked":"Dagger Spray+1","floor":28.0},{"not_picked":["Cloak And Dagger","Quick Slash+1"],"picked":"Bane+1","floor":30.0},{"not_picked":["A Thousand Cuts","Night Terror"],"picked":"Adrenaline","floor":33.0},{"not_picked":["Backflip","Endless Agony+1"],"picked":"Dagger Throw+1","floor":35.0},{"not_picked":["Infinite Blades","Deadly Poison"],"picked":"Dagger Throw+1","floor":36.0},{"not_picked":["PiercingWail+1","Backstab+1"],"picked":"Die Die Die+1","floor":39.0},{"not_picked":["Dagger Throw+1","Reflex+1","Flechettes+1"],"picked":"Singing Bowl","floor":40.0},{"not_picked":["Prepared","Endless Agony+1"],"picked":"Dagger Spray+1","floor":42.0},{"not_picked":["Slice+1","Distraction","Riddle With Holes+1"],"picked":"Singing Bowl","floor":45.0},{"not_picked":["Blur+1","Expertise"],"picked":"Dagger Spray+1","floor":46.0},{"not_picked":["Heel Hook+1","Finisher+1","Burst"],"picked":"Singing Bowl","floor":48.0}],"player_experience":200277,"relics_obtained":[{"floor":7.0,"key":"Molten Egg 2"},{"floor":9.0,"key":"Boot"},{"floor":11.0,"key":"Art of War"},{"floor":26.0,"key":"Vajra"},{"floor":37.0,"key":"Singing Bowl"},{"floor":40.0,"key":"Incense Burner"},{"floor":43.0,"key":"PreservedInsect"}],"event_choices":[{"damage_healed":0.0,"max_hp_gain":0.0,"max_hp_loss":0.0,"gold_gain":0.0,"event_name":"FaceTrader","player_choice":"Trade","floor":3.0,"gold_loss":0.0,"damage_taken":0.0,"relics_obtained":["FaceOfCleric"]},{"damage_healed":0.0,"max_hp_gain":0.0,"max_hp_loss":0.0,"gold_gain":0.0,"event_name":"Upgrade Shrine","player_choice":"Upgraded","floor":5.0,"gold_loss":0.0,"damage_taken":0.0,"cards_upgraded":["Footwork"]},{"damage_healed":0.0,"max_hp_gain":0.0,"max_hp_loss":0.0,"gold_gain":275.0,"event_name":"Golden Shrine","player_choice":"Desecrate","floor":22.0,"gold_loss":0.0,"damage_taken":0.0,"cards_obtained":["Regret"]},{"damage_healed":0.0,"max_hp_gain":0.0,"max_hp_loss":0.0,"gold_gain":0.0,"event_name":"Duplicator","player_choice":"Copied","floor":44.0,"gold_loss":0.0,"damage_taken":0.0,"cards_obtained":["Footwork"]}],"is_beta":false,"boss_relics":[{"not_picked":["Fusion Hammer","HoveringKite"],"picked":"Velvet Choker"},{"not_picked":["Empty Cage","Orrery"],"picked":"Eternal Feather"}],"items_purged_floors":[31],"is_endless":false,"potions_floor_spawned":[4,7,8,14,16,19,28,30,36,40,45,46,48],"killed_by":"Donu and Deca","ascension_level":3}