{"gold_per_floor":[116,191,208,208,222,222,248,268,268,301,301,301,312,325,325,429,429,441,452,452,22,22,22,54,54,54,54,81,96,96,96,96,198,198,218,0,71,71,82,109,109,119,146,146,180,90,10,29,29,29],"floor_reached":51,"playtime":2501,"items_purged":["Strike_B+1","Strike_B+1"],"score":1202,"play_id":"5848b8b1-e17c-484a-98a2-40efc2bf6d7e","local_time":"20190316152424","is_ascension_mode":true,"campfire_choices":[{"data":"Zap","floor":6.0,"key":"SMITH"},{"data":"Defend_B","floor":11.0,"key":"SMITH"},{"floor":15.0,"key":"REST"},{"floor":23.0,"key":"REST"},{"data":"Apotheosis","floor":25.0,"key":"SMITH"},{"data":"Echo Form","floor":27.0,"key":"SMITH"},{"data":"Seek","floor":30.0,"key":"SMITH"},{"data":"Ghostly","floor":32.0,"key":"SMITH"},{"floor":41,"key":"REST"},{"data":"Ghostly","floor":44,"key":"SMITH"},{"floor":49,"key":"REST"}],"neow_cost":"NONE","seed_source_timestamp":19218687031733,"circlet_count":0,"master_deck":["AscendersBane","Strike_B+1","Strike_B+1","Defend_B+1","Defend_B+1","Defend_B+1","Defend_B+1","Zap+1","Dualcast","Sunder+1","Echo Form+1","Seek+1","Conserve Battery","Electrodynamics","Good Instincts","Apotheosis+1","Master of Strategy","Steam+1","Loop","Ghostly+1","Ghostly+1","Ghostly","Ghostly","Ghostly+1","Echo Form","Ghostly+1","Steam+1","Defragment+1","Core Surge","Heatsinks"],"special_seed":0,"relics":["Cracked Core","NeowsBlessing","Emotion Chip","Matryoshka","The Courier","Cables","Sundial","Inserter","Darkstone Periapt","Pen Nib","Mummified Hand","Gambling Chip","Busted Crown","Red Mask","Question Card","Regal Pillow","Dream Catcher","Meat on the Bone"],"potions_floor_usage":[45,50,50],"damage_taken":[{"damage":0.0,"enemies":"2 Louse","floor":1.0,"turns":1.0},{"damage":0.0,"enemies":"Cultist","floor":3.0,"turns":1.0},{"damage":0.0,"enemies":"Jaw Worm","floor":5.0,"turns":1.0},{"damage":5.0,"enemies":"3 Sentries","floor":7.0,"turns":5.0},{"damage":20.0,"enemies":"Lots of Slimes","floor":8.0,"turns":4.0},{"damage":12.0,"enemies":"Gremlin Nob","floor":10.0,"turns":3.0},{"damage":4.0,"enemies":"2 Fungi Beasts","floor":13.0,"turns":3.0},{"damage":0.0,"enemies":"Exordium Wildlife","floor":14.0,"turns":2.0},{"damage":37.0,"enemies":"The Guardian","floor":16.0,"turns":9.0},{"damage":12.0,"enemies":"3 Byrds","floor":18.0,"turns":2.0},{"damage":10.0,"enemies":"Chosen","floor":19.0,"turns":5.0},{"damage":20.0,"enemies":"Book of Stabbing","floor":24.0,"turns":5.0},{"damage":9.0,"enemies":"Slavers","floor":28.0,"turns":2.0},{"damage":0.0,"enemies":"Snake Plant","floor":29.0,"turns":5.0},{"damage":0,"enemies":"Champ","floor":33,"turns":10},{"damage":22,"enemies":"Orb Walker","floor":35,"turns":4},{"damage":5,"enemies":"3 Darklings","floor":39,"turns":3},{"damage":47,"enemies":"Giant Head","floor":40,"turns":9},{"damage":2,"enemies":"4 Shapes","floor":42,"turns":3},{"damage":1,"enemies":"Reptomancer","floor":45,"turns":5},{"damage":2,"enemies":"Transient","floor":48,"turns":5},{"damage":27,"enemies":"Awakened One","floor":50,"turns":16}],"seed_played":"350478483227258372","potions_obtained":[{"floor":1.0,"key":"FearPotion"},{"floor":8.0,"key":"Weak Potion"},{"floor":13.0,"key":"Strength Potion"},{"floor":19.0,"key":"Swift Potion"},{"floor":24.0,"key":"PowerPotion"},{"floor":33,"key":"Dexterity Potion"},{"floor":39,"key":"FairyPotion"},{"floor":40,"key":"AttackPotion"},{"floor":48,"key":"Fire Potion"}],"is_trial":false,"path_per_floor":["M","?","M","?","M","R","E","M","T","E","R","T","M","M","R","B",null,"M","M","?","$","?","R","E","R","T","R","E","M","R","?","R","B",null,"M","?","T","?","M","E","R","M","T","R","E","?","$","M","R","B",null],"character_chosen":"DEFECT","items_purchased":["Good Instincts","Apotheosis","Master of Strategy"],"campfire_rested":4,"item_purchase_floors":[21,21,21],"current_hp_per_floor":[68,57,57,57,57,57,52,32,32,20,20,20,16,16,38,1,57,45,35,35,35,35,57,37,37,37,37,28,28,28,28,28,28,35,13,13,13,13,8,3,29,27,27,27,26,26,26,24,37,22],"gold":29,"neow_bonus":"THREE_ENEMY_KILL","is_prod":false,"is_daily":false,"chose_seed":false,"campfire_upgraded":7,"win_rate":0,"timestamp":1552721064,"path_taken":["M","?","M","?","?","R","E","M","T","E","R","?","M","?","R","BOSS","M","M","?","$","?","R","E","R","T","R","E","M","R","?","R","BOSS","M","?","?","?","M","E","R","?","T","R","E","?","$","M","R","BOSS"],"build_version":"2019-01-23","purchased_purges":2,"victory":true,"max_hp_per_floor":[75,75,75,75,75,75,75,75,75,75,75,75,75,75,75,75,75,75,75,75,75,75,75,75,75,75,75,75,75,75,37,37,37,37,37,37,37,37,37,37,37,37,37,37,37,37,37,37,37,37],"card_choices":[{"not_picked":["Rip and Tear","Lockon","Steam Power"],"picked":"SKIP","floor":1.0},{"not_picked":["Steam","Conserve Battery"],"picked":"Sunder","floor":3.0},{"not_picked":["Turbo","Conserve Battery"],"picked":"Blizzard","floor":5.0},{"not_picked":["Compile Driver","Gash"],"picked":"Echo Form","floor":7.0},{"not_picked":["Gash","Conserve Battery","Ball Lightning"],"picked":"SKIP","floor":8.0},{"not_picked":["Compile Driver","Cold Snap"],"picked":"Seek","floor":10.0},{"not_picked":["Go for the Eyes","Gash"],"picked":"Conserve Battery","floor":13.0},{"not_picked":["Redo","Gash","Reprogram"],"picked":"SKIP","floor":14.0},{"not_picked":["Rainbow","Hyperbeam"],"picked":"Electrodynamics","floor":16.0},{"not_picked":["Rebound+1","Cold Snap+1","Compile Driver"],"picked":"SKIP","floor":18.0},{"not_picked":["Cold Snap","Sweeping Beam","Stack"],"picked":"SKIP","floor":19.0},{"not_picked":["Creative AI","Recycle"],"picked":"Steam+1","floor":24.0},{"not_picked":["Redo","Go for the Eyes","Sweeping Beam"],"picked":"SKIP","floor":28.0},{"not_picked":["Coolheaded","Leap"],"picked":"Loop","floor":29.0},{"not_picked":["Electrodynamics","Hyperbeam"],"picked":"Echo Form","floor":33},{"not_picked":["Beam Cell"],"picked":"SKIP","floor":35},{"not_picked":["Compile Driver"],"picked":"Steam+1","floor":39},{"not_picked":["Tempest+1"],"picked":"Defragment+1","floor":40},{"not_picked":["Rebound","Ball Lightning+1"],"picked":"SKIP","floor":42},{"not_picked":["Genetic Algorithm+1","Streamline+1"],"picked":"SKIP","floor":45},{"not_picked":["Double Energy"],"picked":"Core Surge","floor":48},{"not_picked":["Coolheaded+1"],"picked":"Heatsinks","floor":49}],"player_experience":330527,"relics_obtained":[{"floor":7.0,"key":"Emotion Chip"},{"floor":9.0,"key":"Matryoshka"},{"floor":10.0,"key":"The Courier"},{"floor":12.0,"key":"Cables"},{"floor":12.0,"key":"Sundial"},{"floor":24.0,"key":"Darkstone Periapt"},{"floor":26.0,"key":"Pen Nib"},{"floor":26.0,"key":"Mummified Hand"},{"floor":28.0,"key":"Gambling Chip"},{"floor":37,"key":"Question Card"},{"floor":40,"key":"Regal Pillow"},{"floor":43,"key":"Dream Catcher"},{"floor":45,"key":"Meat on the Bone"}],"event_choices":[{"damage_healed":0.0,"max_hp_gain":0.0,"max_hp_loss":0.0,"gold_gain":75.0,"event_name":"World of Goop","player_choice":"Gather Gold","floor":2.0,"gold_loss":0.0,"damage_taken":11.0},{"damage_healed":0.0,"max_hp_gain":0.0,"max_hp_loss":0.0,"gold_gain":0.0,"event_name":"Upgrade Shrine","player_choice":"Upgraded","floor":4.0,"gold_loss":0.0,"damage_taken":0.0,"cards_upgraded":["Sunder"]},{"damage_healed":0.0,"max_hp_gain":0.0,"max_hp_loss":0.0,"gold_gain":0.0,"event_name":"Back to Basics","player_choice":"Simplicity","floor":20.0,"gold_loss":0.0,"damage_taken":0.0,"cards_upgraded":["Strike_B","Strike_B","Strike_B","Strike_B","Defend_B","Defend_B","Defend_B"]},{"damage_healed":0.0,"max_hp_gain":0.0,"max_hp_loss":0.0,"gold_gain":0.0,"event_name":"Cursed Tome","player_choice":"Ignored","floor":22.0,"gold_loss":0.0,"damage_taken":0.0},{"damage_healed":0.0,"max_hp_gain":0.0,"max_hp_loss":38.0,"gold_gain":0.0,"event_name":"Ghosts","player_choice":"Became a Ghost","floor":31.0,"gold_loss":0.0,"damage_taken":0.0,"cards_obtained":["Ghostly","Ghostly","Ghostly","Ghostly","Ghostly"]},{"damage_healed":0,"gold_gain":0,"player_choice":"Paid","damage_taken":0,"relics_obtained":["Red Mask"],"max_hp_gain":0,"max_hp_loss":0,"event_name":"Tomb of Lord Red Mask","floor":36,"gold_loss":218},{"damage_healed":0,"gold_gain":0,"player_choice":"Copied","damage_taken":0,"max_hp_gain":0,"max_hp_loss":0,"event_name":"Duplicator","floor":38,"gold_loss":0,"cards_obtained":["Ghostly"]},{"cards_removed":["Blizzard"],"damage_healed":0,"gold_gain":0,"player_choice":"Upgrade and Remove","damage_taken":0,"max_hp_gain":0,"max_hp_loss":0,"event_name":"Designer","floor":46,"gold_loss":90,"cards_upgraded":["Ghostly"]}],"is_beta":false,"boss_relics":[{"not_picked":["Philosopher\u0027s Stone","Sozu"],"picked":"Inserter"},{"not_picked":["Black Star","Velvet Choker"],"picked":"Busted Crown"}],"items_purged_floors":[21,47],"is_endless":false,"potions_floor_spawned":[1,8,13,19,24,33,39,40,48],"ascension_level":10}