{"gold_per_floor":[116,131,150,160,184,184,202,219,219,219,230,230,58,73,73,171,171,183,49,49,61,75,75,87,12,12,12,12,25,124,23,23,126,126,144,144,154,154,167,167,177,177],"floor_reached":42,"playtime":1912,"items_purged":["Defend_G","Strike_G"],"score":394,"play_id":"cc8fba26-ac02-45e6-95fb-25cd8b329b21","local_time":"20190317023056","is_ascension_mode":false,"campfire_choices":[{"data":"Neutralize","floor":6.0,"key":"SMITH"},{"data":"Accuracy","floor":10.0,"key":"SMITH"},{"data":"Cloak And Dagger","floor":15.0,"key":"SMITH"},{"data":"Burst","floor":23.0,"key":"SMITH"},{"data":"Blade Dance","floor":27.0,"key":"SMITH"},{"data":"Infinite Blades","floor":32.0,"key":"SMITH"},{"data":"Blade Dance","floor":40,"key":"SMITH"}],"neow_cost":"NONE","seed_source_timestamp":13742284545442,"circlet_count":0,"master_deck":["Defend_G","Defend_G","Defend_G","Defend_G","Strike_G","Strike_G","Survivor","Neutralize+1","Infinite Blades+1","Accuracy+1","Flash of Steel","Cloak And Dagger+1","Burst+1","Infinite Blades","Blade Dance+1","Choke+1","A Thousand Cuts","Blade Dance+1","Cloak And Dagger+1"],"special_seed":0,"relics":["Ring of the Snake"],"potions_floor_usage":[39,41,42],"damage_taken":[{"damage":1.0,"enemies":"Cultist","floor":1.0,"turns":5.0},{"damage":0.0,"enemies":"Small Slimes","floor":2.0,"turns":4.0},{"damage":4.0,"enemies":"Jaw Worm","floor":3.0,"turns":11.0},{"damage":0.0,"enemies":"Exordium Wildlife","floor":4.0,"turns":5.0},{"damage":5.0,"enemies":"Large Slime","floor":7.0,"turns":6.0},{"damage":0.0,"enemies":"2 Fungi Beasts","floor":8.0,"turns":5.0},{"damage":0.0,"enemies":"Blue Slaver","floor":11.0,"turns":5.0},{"damage":0.0,"enemies":"Large Slime","floor":14.0,"turns":4.0},{"damage":45.0,"enemies":"Hexaghost","floor":16.0,"turns":12.0},{"damage":10.0,"enemies":"Shell Parasite","floor":18.0,"turns":7.0},{"damage":0.0,"enemies":"Spheric Guardian","floor":21.0,"turns":3.0},{"damage":5.0,"enemies":"Snake Plant","floor":22.0,"turns":7.0},{"damage":12.0,"enemies":"Centurion and Healer","floor":24.0,"turns":7.0},{"damage":8.0,"enemies":"Shelled Parasite and Fungi","floor":29.0,"turns":7.0},{"damage":37.0,"enemies":"Automaton","floor":33.0,"turns":9.0},{"damage":7.0,"enemies":"3 Shapes","floor":35.0,"turns":6.0},{"damage":10.0,"enemies":"Orb Walker","floor":37.0,"turns":3.0},{"damage":6,"enemies":"Spire Growth","floor":39,"turns":6},{"damage":44,"enemies":"Sphere and 2 Shapes","floor":41,"turns":13},{"damage":18,"enemies":"3 Darklings","floor":42,"turns":4}],"seed_played":"582854620697253166","potions_obtained":[{"floor":4.0,"key":"SteroidPotion"},{"floor":7.0,"key":"Poison Potion"},{"floor":8.0,"key":"Ancient Potion"},{"floor":11.0,"key":"Ancient Potion"},{"floor":33.0,"key":"FearPotion"}],"is_trial":false,"path_per_floor":["M","M","M","M","T","R","M","M","T","R","M","?","$","M","R","B",null,"M","$","?","M","M","R","M","?","T","R","?","M","?","$","R","B",null,"M","?","M","?","M","R","M","M"],"character_chosen":"THE_SILENT","items_purchased":["Flash of Steel","Infinite Blades","Weak Potion","SkillPotion"],"campfire_rested":0,"item_purchase_floors":[13,19,31,31],"current_hp_per_floor":[76,76,72,72,72,72,67,67,67,67,67,72,72,72,72,27,82,72,72,72,72,67,67,55,55,55,55,55,47,47,47,47,10,82,75,75,65,65,59,59,15,0],"gold":177,"neow_bonus":"TEN_PERCENT_HP_BONUS","is_prod":false,"is_daily":false,"chose_seed":false,"campfire_upgraded":7,"win_rate":0,"timestamp":1552761056,"path_taken":["M","M","M","M","?","R","M","M","T","R","M","?","$","M","R","BOSS","M","$","?","M","M","R","M","?","T","R","?","M","?","$","R","BOSS","M","?","M","?","M","R","M","M"],"build_version":"2019-01-23","purchased_purges":2,"victory":false,"max_hp_per_floor":[77,77,77,77,77,77,77,77,77,77,77,82,82,82,82,82,82,82,82,82,82,82,82,82,82,82,82,82,82,82,82,82,82,82,82,82,82,82,82,82,82,82],"card_choices":[{"not_picked":["Underhanded Strike","Flying Knee","Reflex"],"picked":"SKIP","floor":1.0},{"not_picked":["Slice","Dodge and Roll","Quick Slash"],"picked":"SKIP","floor":2.0},{"not_picked":["Slice","Sucker Punch","Cloak And Dagger"],"picked":"SKIP","floor":3.0},{"not_picked":["Accuracy","Dagger Spray"],"picked":"Infinite Blades","floor":4.0},{"not_picked":["Well Laid Plans","Dagger Throw"],"picked":"Accuracy","floor":7.0},{"not_picked":["Quick Slash","Crippling Poison","Outmaneuver"],"picked":"SKIP","floor":8.0},{"not_picked":["Dagger Throw","Bane","Slice"],"picked":"SKIP","floor":11.0},{"not_picked":["Concentrate","Endless Agony"],"picked":"Cloak And Dagger","floor":14.0},{"not_picked":["Wraith Form v2","Bullet Time"],"picked":"Burst","floor":16.0},{"not_picked":["PiercingWail","Backstab","Bouncing Flask"],"picked":"SKIP","floor":18.0},{"not_picked":["Slice","Underhanded Strike","Deflect"],"picked":"SKIP","floor":21.0},{"not_picked":["Terror","Dagger Throw+1"],"picked":"Blade Dance","floor":22.0},{"not_picked":["Concentrate","Crippling Poison"],"picked":"Choke+1","floor":24.0},{"not_picked":["Dagger Throw","Burst","Concentrate"],"picked":"SKIP","floor":29.0},{"not_picked":["Unload","Burst"],"picked":"A Thousand Cuts","floor":33.0},{"not_picked":["Deflect","Setup+1"],"picked":"Blade Dance","floor":35.0},{"not_picked":["Setup+1","Dagger Throw"],"picked":"Cloak And Dagger+1","floor":37.0},{"not_picked":["Outmaneuver+1","Caltrops","Distraction+1"],"picked":"SKIP","floor":39},{"not_picked":["Choke+1","Prepared+1","Catalyst"],"picked":"SKIP","floor":41}],"player_experience":342569,"relics_obtained":[],"event_choices":[{"damage_healed":0.0,"max_hp_gain":5.0,"max_hp_loss":0.0,"gold_gain":0.0,"event_name":"Big Fish","player_choice":"Donut","floor":12.0,"gold_loss":0.0,"damage_taken":0.0},{"damage_healed":0.0,"max_hp_gain":0.0,"max_hp_loss":0.0,"gold_gain":0.0,"event_name":"Cursed Tome","player_choice":"Ignored","floor":20.0,"gold_loss":0.0,"damage_taken":0.0},{"cards_removed":["Strike_G"],"damage_healed":0.0,"max_hp_gain":0.0,"max_hp_loss":0.0,"gold_gain":0.0,"event_name":"Beggar","player_choice":"Gave Gold","floor":25.0,"gold_loss":75.0,"damage_taken":0.0},{"damage_healed":0.0,"max_hp_gain":0.0,"max_hp_loss":0.0,"gold_gain":0.0,"event_name":"The Mausoleum","player_choice":"Ignored","floor":28.0,"gold_loss":0.0,"damage_taken":0.0},{"damage_healed":0.0,"max_hp_gain":0.0,"max_hp_loss":0.0,"gold_gain":99.0,"event_name":"Nest","player_choice":"Stole From Cult","floor":30.0,"gold_loss":0.0,"damage_taken":0.0},{"damage_healed":0.0,"max_hp_gain":0.0,"max_hp_loss":0.0,"gold_gain":0.0,"event_name":"Tomb of Lord Red Mask","player_choice":"Ignored","floor":36.0,"gold_loss":0.0,"damage_taken":0.0},{"cards_removed":["Strike_G"],"damage_healed":0.0,"max_hp_gain":0.0,"max_hp_loss":0.0,"gold_gain":0.0,"event_name":"Purifier","player_choice":"Purged","floor":38.0,"gold_loss":0.0,"damage_taken":0.0}],"is_beta":false,"boss_relics":[{"not_picked":["Coffee Dripper","Empty Cage","Ectoplasm"]},{"not_picked":["Sozu","Runic Dome","Eternal Feather"]}],"items_purged_floors":[13,19],"is_endless":false,"potions_floor_spawned":[4,7,8,11,16,21,33],"killed_by":"3 Darklings","ascension_level":0}