{"gold_per_floor":[116,116,135,135,135,163,163,191,215,215,215,254,254,267,267,386,386,399,420,519,533,448,479,479,479],"floor_reached":25,"playtime":850,"items_purged":[],"score":367,"play_id":"7e0b5c47-c393-44d6-a0c7-a7dee71c527c","local_time":"20190315152601","is_ascension_mode":true,"campfire_choices":[{"data":"Limit Break","floor":7.0,"key":"SMITH"},{"floor":11.0,"key":"REST"},{"data":"Juggernaut","floor":13.0,"key":"SMITH"},{"data":"Defend_R","floor":15.0,"key":"SMITH"},{"floor":24,"key":"REST"}],"neow_cost":"NONE","seed_source_timestamp":3252569663812,"circlet_count":0,"master_deck":["Strike_R","Strike_R","Strike_R","Strike_R","Strike_R","Defend_R","Defend_R","Defend_R","Defend_R+1","Bash","Spot Weakness","Limit Break+1","Doubt","Jack Of All Trades","Fire Breathing","Heavy Blade","Regret","Infernal Blade","Juggernaut+1","Injury","Impervious","Battle Trance","Brutality","True Grit","Armaments+1","True Grit+1"],"special_seed":0,"relics":["Burning Blood","NeowsBlessing","Pantograph","Blue Candle","Ancient Tea Set","Red Skull","Orichalcum","Golden Idol","Mercury Hourglass","Black Star","Self Forming Clay","Centennial Puzzle","Ornamental Fan"],"potions_floor_usage":[23,23],"damage_taken":[{"damage":0.0,"enemies":"Small Slimes","floor":1.0,"turns":1.0},{"damage":0.0,"enemies":"Cultist","floor":3.0,"turns":1.0},{"damage":0.0,"enemies":"Lagavulin","floor":6.0,"turns":1.0},{"damage":62.0,"enemies":"3 Sentries","floor":8.0,"turns":8.0},{"damage":27.0,"enemies":"Gremlin Nob","floor":12.0,"turns":5.0},{"damage":1.0,"enemies":"2 Louse","floor":14.0,"turns":2.0},{"damage":16.0,"enemies":"Slime Boss","floor":16.0,"turns":6.0},{"damage":18.0,"enemies":"Spheric Guardian","floor":18.0,"turns":4.0},{"damage":28.0,"enemies":"Chosen","floor":19.0,"turns":6.0},{"damage":13.0,"enemies":"Snake Plant","floor":21.0,"turns":4.0},{"damage":28,"enemies":"Book of Stabbing","floor":23,"turns":5},{"damage":28,"enemies":"Gremlin Leader","floor":25,"turns":4}],"seed_played":"-8427865304187226857","potions_obtained":[{"floor":6.0,"key":"Dexterity Potion"},{"floor":12.0,"key":"AttackPotion"},{"floor":16.0,"key":"PowerPotion"},{"floor":19.0,"key":"Weak Potion"},{"floor":21.0,"key":"SkillPotion"}],"is_trial":false,"path_per_floor":["M","?","M","T","?","E","R","E","T","?","R","E","R","M","R","B",null,"M","M","?","M","?","E","R","E"],"character_chosen":"IRONCLAD","items_purchased":[],"campfire_rested":2,"item_purchase_floors":[],"current_hp_per_floor":[78,78,80,80,80,80,80,24,24,24,48,27,27,32,32,47,72,60,38,38,31,31,9,33,5],"gold":479,"neow_bonus":"THREE_ENEMY_KILL","is_prod":false,"is_daily":false,"chose_seed":false,"campfire_upgraded":3,"win_rate":0,"timestamp":1552634761,"path_taken":["M","?","?","?","?","E","R","E","T","?","R","E","R","M","R","BOSS","M","M","?","M","?","E","R","E"],"build_version":"2019-01-23","purchased_purges":0,"victory":false,"max_hp_per_floor":[80,80,80,80,80,80,80,80,80,80,80,80,80,80,80,80,80,80,80,80,80,80,80,80,80],"card_choices":[{"not_picked":["Body Slam","Thunderclap"],"picked":"Spot Weakness","floor":1.0},{"not_picked":["Thunderclap","Dropkick"],"picked":"Heavy Blade","floor":3.0},{"not_picked":["Clothesline","Iron Wave"],"picked":"Infernal Blade","floor":6.0},{"not_picked":["Seeing Red","Body Slam"],"picked":"Juggernaut","floor":8.0},{"not_picked":["Twin Strike","Clash"],"picked":"Impervious","floor":12.0},{"not_picked":["Second Wind","Infernal Blade"],"picked":"Battle Trance","floor":14.0},{"not_picked":["Offering","Double Tap"],"picked":"Brutality","floor":16.0},{"not_picked":["Iron Wave","Combust+1"],"picked":"True Grit","floor":18.0},{"not_picked":["Perfected Strike+1","Clothesline"],"picked":"Armaments+1","floor":19.0},{"not_picked":["Wild Strike","Infernal Blade","Uppercut+1"],"picked":"SKIP","floor":21.0},{"not_picked":["Clash","Entrench"],"picked":"True Grit+1","floor":23}],"player_experience":304465,"relics_obtained":[{"floor":4.0,"key":"Pantograph"},{"floor":6.0,"key":"Ancient Tea Set"},{"floor":8.0,"key":"Red Skull"},{"floor":9.0,"key":"Orichalcum"},{"floor":12.0,"key":"Mercury Hourglass"},{"floor":23,"key":"Centennial Puzzle"},{"floor":23,"key":"Ornamental Fan"}],"event_choices":[{"damage_healed":0.0,"max_hp_gain":0.0,"max_hp_loss":0.0,"gold_gain":0.0,"event_name":"Match and Keep!","player_choice":"4 cards matched","floor":2.0,"gold_loss":0.0,"damage_taken":0.0,"cards_obtained":["Limit Break","Doubt","Jack Of All Trades","Fire Breathing"]},{"damage_healed":0.0,"max_hp_gain":0.0,"max_hp_loss":0.0,"gold_gain":0.0,"event_name":"Match and Keep!","player_choice":"4 cards matched","floor":2.0,"gold_loss":0.0,"damage_taken":0.0,"cards_obtained":["Limit Break","Doubt","Jack Of All Trades","Fire Breathing"]},{"damage_healed":0.0,"max_hp_gain":0.0,"max_hp_loss":0.0,"gold_gain":0.0,"event_name":"Big Fish","player_choice":"Box","floor":5.0,"gold_loss":0.0,"damage_taken":0.0,"relics_obtained":["Blue Candle"],"cards_obtained":["Regret"]},{"damage_healed":0.0,"max_hp_gain":0.0,"max_hp_loss":0.0,"gold_gain":0.0,"event_name":"Golden Idol","player_choice":"Take Wound","floor":10.0,"gold_loss":0.0,"damage_taken":0.0,"relics_obtained":["Golden Idol"],"cards_obtained":["Injury"]},{"damage_healed":0.0,"max_hp_gain":0.0,"max_hp_loss":0.0,"gold_gain":99.0,"event_name":"Nest","player_choice":"Stole From Cult","floor":20.0,"gold_loss":0.0,"damage_taken":0.0},{"damage_healed":0.0,"max_hp_gain":0.0,"max_hp_loss":0.0,"gold_gain":0.0,"event_name":"Addict","player_choice":"Obtained Relic","floor":22.0,"gold_loss":85.0,"damage_taken":0.0,"relics_obtained":["Self Forming Clay"]}],"is_beta":false,"boss_relics":[{"not_picked":["Lizard Tail","Snecko Eye"],"picked":"Black Star"}],"items_purged_floors":[],"is_endless":false,"potions_floor_spawned":[6,12,16,19,21],"killed_by":"Gremlin Leader","ascension_level":8}