{"gold_per_floor":[114,64,64,64,64,97,118,118,118,118,393,409,92,107,107,228,228,251,46,46,60,83,83,102,127,127,127,143,183,183,202,202,333,333,354,354,379,393,393,393,393,409,433,447,463,68,93,113,113,113],"floor_reached":50,"playtime":2435,"items_purged":["Regret"],"score":646,"play_id":"90915e53-6d07-4133-869e-b98e214f5881","local_time":"20190225200520","is_ascension_mode":true,"campfire_choices":[{"data":"Caltrops","floor":8,"key":"SMITH"},{"data":"Survivor","floor":10,"key":"SMITH"},{"data":"Crippling Poison","floor":15,"key":"SMITH"},{"data":"Catalyst","floor":23,"key":"SMITH"},{"floor":27,"key":"REST"},{"floor":30,"key":"REST"},{"floor":32,"key":"REST"},{"data":"Blur","floor":40,"key":"SMITH"},{"floor":49,"key":"REST"}],"neow_cost":"NONE","seed_source_timestamp":24480712388504,"circlet_count":0,"master_deck":["Defend_G","Defend_G","Defend_G+1","Defend_G","Defend_G","Strike_G","Strike_G","Survivor+1","Neutralize+1","Slice","Injury","Caltrops+1","Outmaneuver","PiercingWail","Bandage Up","Infinite Blades+1","Crippling Poison+1","Corpse Explosion","Well Laid Plans+1","Blur+1","Noxious Fumes+1","Unload","Catalyst+1","Deadly Poison+1","Catalyst+1","Deadly Poison+1","PiercingWail+1","Backflip+1","Malaise","PiercingWail+1","Caltrops+1","Writhe","Bandage Up","Bouncing Flask+1","Escape Plan","PiercingWail+1"],"relics":["Ring of the Snake","NeowsBlessing","Golden Idol","Dodecahedron","Frozen Egg 2","Orrery","Strange Spoon","Juzu Bracelet","Mummified Hand","Philosopher\u0027s Stone","Regal Pillow","Gambling Chip"],"potions_floor_usage":[25,29,29,37,37,48,50],"damage_taken":[{"damage":0,"enemies":"Jaw Worm","floor":1,"turns":1},{"damage":0,"enemies":"Gremlin Nob","floor":6,"turns":1},{"damage":0,"enemies":"2 Louse","floor":7,"turns":1},{"damage":7,"enemies":"Small Slimes","floor":12,"turns":4},{"damage":5,"enemies":"Exordium Wildlife","floor":14,"turns":4},{"damage":40,"enemies":"The Guardian","floor":16,"turns":16},{"damage":7,"enemies":"Shell Parasite","floor":18,"turns":5},{"damage":0,"enemies":"3 Byrds","floor":21,"turns":3},{"damage":2,"enemies":"3 Cultists","floor":22,"turns":4},{"damage":21,"enemies":"Snecko","floor":24,"turns":4},{"damage":13,"enemies":"Snake Plant","floor":25,"turns":3},{"damage":35,"enemies":"Shelled Parasite and Fungi","floor":28,"turns":5},{"damage":13,"enemies":"Gremlin Leader","floor":29,"turns":7},{"damage":22,"enemies":"Cultist and Chosen","floor":31,"turns":6},{"damage":12,"enemies":"Champ","floor":33,"turns":7},{"damage":0,"enemies":"3 Shapes","floor":35,"turns":4},{"damage":9,"enemies":"3 Darklings","floor":37,"turns":3},{"damage":31,"enemies":"Spire Growth","floor":38,"turns":5},{"damage":8,"enemies":"Jaw Worm Horde","floor":42,"turns":3},{"damage":8,"enemies":"4 Shapes","floor":44,"turns":5},{"damage":23,"enemies":"Maw","floor":45,"turns":6},{"damage":1,"enemies":"Jaw Worm Horde","floor":47,"turns":3},{"damage":16,"enemies":"Spire Growth","floor":48,"turns":4},{"damage":75,"enemies":"Awakened One","floor":50,"turns":3}],"seed_played":"-8690021747871024426","potions_obtained":[{"floor":6,"key":"Weak Potion"},{"floor":14,"key":"Weak Potion"},{"floor":16,"key":"SteroidPotion"},{"floor":24,"key":"Energy Potion"},{"floor":28,"key":"SkillPotion"},{"floor":31,"key":"Weak Potion"},{"floor":33,"key":"SpeedPotion"},{"floor":35,"key":"AttackPotion"},{"floor":48,"key":"AttackPotion"}],"is_trial":false,"path_per_floor":["M","?","?","?","?","E","M","R","T","R","?","M","$","M","R","B",null,"M","$","?","M","M","R","M","M","T","R","M","E","R","M","R","B",null,"M","?","M","M","?","R","?","M","T","M","M","$","M","M","R","B"],"character_chosen":"THE_SILENT","items_purchased":["Bandage Up","Infinite Blades+1","Crippling Poison","Strange Spoon","Gambling Chip","Escape Plan","PowerPotion"],"campfire_rested":4,"item_purchase_floors":[13,13,13,19,46,46,46],"current_hp_per_floor":[70,70,70,63,49,49,49,49,49,49,49,42,42,41,41,5,70,67,67,67,70,68,68,47,38,38,59,28,19,40,22,43,39,70,70,70,65,38,56,56,56,56,56,52,37,37,36,28,64,0],"gold":113,"neow_bonus":"THREE_ENEMY_KILL","is_prod":false,"is_daily":false,"chose_seed":false,"campfire_upgraded":5,"win_rate":0,"timestamp":1551096320,"path_taken":["M","?","?","?","?","E","?","R","T","R","?","M","$","M","R","BOSS","M","$","?","M","M","R","M","M","T","R","M","E","R","M","R","BOSS","M","?","M","M","?","R","?","M","T","M","M","$","M","M","R","BOSS"],"build_version":"2019-01-23","purchased_purges":1,"victory":false,"max_hp_per_floor":[70,70,70,70,70,70,70,70,70,70,70,70,70,70,70,70,70,70,70,70,70,70,70,70,70,70,70,70,70,70,70,70,70,70,70,70,70,70,70,70,70,70,70,70,70,70,70,70,70,70],"card_choices":[{"not_picked":["Backflip","Acrobatics"],"picked":"Slice","floor":1},{"not_picked":["Envenom","Blur"],"picked":"Caltrops","floor":6},{"not_picked":["Dagger Spray","Slice"],"picked":"Outmaneuver","floor":7},{"not_picked":["Quick Slash","Prepared"],"picked":"PiercingWail","floor":12},{"not_picked":["Dagger Throw","Underhanded Strike","Quick Slash"],"picked":"SKIP","floor":14},{"not_picked":["Die Die Die","Envenom+1"],"picked":"Corpse Explosion","floor":16},{"not_picked":["Dodge and Roll","Quick Slash"],"picked":"Well Laid Plans+1","floor":17},{"not_picked":["Tactician","Riddle With Holes"],"picked":"Blur","floor":17},{"not_picked":["Catalyst","Bane"],"picked":"Noxious Fumes+1","floor":17},{"not_picked":["Choke+1","Dagger Throw","Expertise"],"picked":"SKIP","floor":18},{"not_picked":["Envenom+1","Distraction"],"picked":"Catalyst","floor":21},{"not_picked":["Poisoned Stab","Riddle With Holes+1"],"picked":"Deadly Poison+1","floor":22},{"not_picked":["Reflex+1","Expertise"],"picked":"Catalyst+1","floor":24},{"not_picked":["Prepared","Deflect"],"picked":"Deadly Poison+1","floor":25},{"not_picked":["Deflect","Quick Slash"],"picked":"PiercingWail+1","floor":28},{"not_picked":["Terror","Skewer","Endless Agony"],"picked":"SKIP","floor":29},{"not_picked":["Concentrate","Cloak And Dagger"],"picked":"Backflip+1","floor":31},{"not_picked":["Venomology","A Thousand Cuts+1"],"picked":"Malaise","floor":33},{"not_picked":["Cloak And Dagger+1","Slice+1","Outmaneuver+1"],"picked":"SKIP","floor":35},{"not_picked":["Backstab+1","Cloak And Dagger+1"],"picked":"PiercingWail+1","floor":37},{"not_picked":["Expertise","Backstab"],"picked":"Caltrops+1","floor":38},{"not_picked":["Discovery","Impatience"],"picked":"Bandage Up","floor":41},{"not_picked":["Dagger Spray+1","Cloak And Dagger","Outmaneuver"],"picked":"SKIP","floor":42},{"not_picked":["Slice","Outmaneuver+1","Expertise+1"],"picked":"SKIP","floor":44},{"not_picked":["Poisoned Stab+1","Deflect+1"],"picked":"Bouncing Flask+1","floor":45},{"not_picked":["Dagger Throw","Flying Knee","Blade Dance"],"picked":"SKIP","floor":47},{"not_picked":["Storm of Steel","Poisoned Stab+1"],"picked":"PiercingWail+1","floor":48}],"player_experience":187553,"relics_obtained":[{"floor":6,"key":"Dodecahedron"},{"floor":9,"key":"Frozen Egg 2"},{"floor":26,"key":"Juzu Bracelet"},{"floor":29,"key":"Mummified Hand"},{"floor":43,"key":"Regal Pillow"}],"event_choices":[{"cards_removed":["Strike_G"],"damage_healed":0,"gold_gain":0,"player_choice":"Card Removal","damage_taken":0,"max_hp_gain":0,"max_hp_loss":0,"event_name":"The Cleric","floor":2,"gold_loss":50},{"damage_healed":0,"gold_gain":0,"player_choice":"Take Wound","damage_taken":0,"relics_obtained":["Golden Idol"],"max_hp_gain":0,"max_hp_loss":0,"event_name":"Golden Idol","floor":3,"gold_loss":0,"cards_obtained":["Injury"]},{"cards_removed":["Strike_G"],"damage_healed":0,"gold_gain":0,"player_choice":"Card Removal","damage_taken":7,"max_hp_gain":0,"max_hp_loss":0,"event_name":"Golden Wing","floor":4,"gold_loss":0},{"damage_healed":0,"gold_gain":0,"player_choice":"Entered Light","damage_taken":14,"max_hp_gain":0,"max_hp_loss":0,"event_name":"Shining Light","floor":5,"gold_loss":0,"cards_upgraded":["Defend_G","Neutralize"]},{"damage_healed":0,"gold_gain":275,"player_choice":"Desecrate","damage_taken":0,"max_hp_gain":0,"max_hp_loss":0,"event_name":"Golden Shrine","floor":11,"gold_loss":0,"cards_obtained":["Regret"]},{"damage_healed":0,"gold_gain":0,"cards_transformed":["Strike_G"],"player_choice":"Transformed","damage_taken":0,"max_hp_gain":0,"max_hp_loss":0,"event_name":"Transmorgrifier","floor":20,"gold_loss":0,"cards_obtained":["Unload"]},{"damage_healed":0,"gold_gain":0,"player_choice":"Ignored","damage_taken":0,"max_hp_gain":0,"max_hp_loss":0,"event_name":"Mysterious Sphere","floor":36,"gold_loss":0},{"damage_healed":18,"gold_gain":0,"player_choice":"Writhe","damage_taken":0,"max_hp_gain":0,"max_hp_loss":0,"event_name":"Winding Halls","floor":39,"gold_loss":0,"cards_obtained":["Writhe"]},{"damage_healed":0,"gold_gain":0,"player_choice":"Memory 1","damage_taken":0,"max_hp_gain":0,"max_hp_loss":0,"event_name":"SensoryStone","floor":41,"gold_loss":0}],"is_beta":false,"boss_relics":[{"not_picked":["Calling Bell","Lizard Tail"],"picked":"Orrery"},{"not_picked":["White Beast Statue","Snecko Eye"],"picked":"Philosopher\u0027s Stone"}],"items_purged_floors":[13],"is_endless":false,"potions_floor_spawned":[6,14,16,24,28,31,33,35,48],"killed_by":"Awakened One","ascension_level":3}