{"gold_per_floor":[115,115,128,145,145,145,145,165,165,7,33,33,58,78,78,177,177,163,163,182,193,208,233,243,269,324,324,342,372,383,434,434,535,535,547,547,565,582,600,631,642,642,668,668,42,52,67,67,67,67,67,67,67,96,96],"floor_reached":55,"playtime":5886,"items_purged":["Strike_G","Pain"],"score":853,"play_id":"9a493e78-2ee9-482a-9ac8-242144a29116","local_time":"20181213231850","is_ascension_mode":false,"campfire_choices":[{"data":"After Image","floor":7,"key":"SMITH"},{"data":"Escape Plan","floor":12,"key":"SMITH"},{"data":"Caltrops","floor":15,"key":"SMITH"},{"data":"Footwork","floor":27,"key":"SMITH"},{"data":"Envenom","floor":32,"key":"SMITH"},{"data":"Catalyst","floor":42,"key":"SMITH"},{"floor":49,"key":"RECALL"},{"data":"Neutralize","floor":52,"key":"SMITH"}],"neow_cost":"PERCENT_DAMAGE","seed_source_timestamp":100544648229443,"circlet_count":0,"master_deck":["Defend_G","Defend_G","Defend_G+1","Defend_G","Defend_G","Strike_G+1","Strike_G","Survivor","Neutralize+1","Caltrops+1","After Image+1","Cloak And Dagger","Escape Plan+1","Dash+1","Footwork+1","Bandage Up","Poisoned Stab+1","Catalyst+1","Envenom+1","Backflip","Deadly Poison+1","Bouncing Flask","Infinite Blades","Noxious Fumes+1","Blur","Regret","Adrenaline","Bullet Time","Clumsy","Corpse Explosion","Distraction+1","Riddle With Holes","Flying Knee+1","Decay","Dramatic Entrance","PiercingWail+1"],"relics":["Ring of the Snake","Bottled Lightning","Ginger","Letter Opener","Cursed Key","Nloth\u0027s Gift","Calipers","Bag of Marbles","Boot","Whetstone","Sozu","Matryoshka","PreservedInsect","Centennial Puzzle","Blood Vial","Regal Pillow","Bottled Tornado","Lee\u0027s Waffle","Lantern"],"potions_floor_usage":[18,18,35,55],"damage_taken":[{"damage":2,"enemies":"Jaw Worm","floor":1,"turns":8},{"damage":0,"enemies":"Cultist","floor":3,"turns":5},{"damage":0,"enemies":"2 Louse","floor":4,"turns":4},{"damage":0,"enemies":"Looter","floor":8,"turns":4},{"damage":4,"enemies":"3 Sentries","floor":11,"turns":15},{"damage":3,"enemies":"Lagavulin","floor":13,"turns":11},{"damage":4,"enemies":"Exordium Wildlife","floor":14,"turns":6},{"damage":28,"enemies":"Slime Boss","floor":16,"turns":17},{"damage":0,"enemies":"2 Thieves","floor":18,"turns":5},{"damage":7,"enemies":"Spheric Guardian","floor":20,"turns":7},{"damage":3,"enemies":"Snake Plant","floor":21,"turns":4},{"damage":4,"enemies":"Shelled Parasite and Fungi","floor":22,"turns":5},{"damage":4,"enemies":"Book of Stabbing","floor":23,"turns":6},{"damage":0,"enemies":"Sentry and Sphere","floor":24,"turns":7},{"damage":16,"enemies":"Slavers","floor":25,"turns":6},{"damage":7,"enemies":"Centurion and Healer","floor":28,"turns":6},{"damage":6,"enemies":"Book of Stabbing","floor":29,"turns":5},{"damage":6,"enemies":"Snake Plant","floor":30,"turns":3},{"damage":5,"enemies":"Champ","floor":33,"turns":11},{"damage":17,"enemies":"3 Shapes","floor":35,"turns":4},{"damage":7,"enemies":"Orb Walker","floor":37,"turns":4},{"damage":3,"enemies":"4 Shapes","floor":38,"turns":4},{"damage":8,"enemies":"Jaw Worm Horde","floor":39,"turns":6},{"damage":15,"enemies":"Nemesis","floor":40,"turns":7},{"damage":2,"enemies":"Sphere and 2 Shapes","floor":41,"turns":5},{"damage":12,"enemies":"Maw","floor":46,"turns":5},{"damage":4,"enemies":"Spire Growth","floor":47,"turns":4},{"damage":61,"enemies":"Awakened One","floor":50,"turns":11},{"damage":8,"enemies":"Shield and Spear","floor":54,"turns":7},{"damage":86,"enemies":"The Heart","floor":55,"turns":3}],"seed_played":"8008342864389175302","potions_obtained":[{"floor":1,"key":"Block Potion"},{"floor":13,"key":"SkillPotion"},{"floor":16,"key":"Strength Potion"},{"floor":18,"key":"LiquidBronze"},{"floor":22,"key":"Poison Potion"},{"floor":24,"key":"PowerPotion"}],"is_trial":false,"path_per_floor":["M","?","M","M","?","?","R","M","T","$","E","R","E","M","R","B",null,"M","?","M","M","M","E","M","E","T","R","M","E","M","T","R","B",null,"M","?","M","M","M","E","M","R","T","T","$","M","M","$","R","B",null,"R","$","E","B"],"character_chosen":"THE_SILENT","items_purchased":["Bandage Up","Bottled Tornado","Lee\u0027s Waffle","Dramatic Entrance"],"campfire_rested":0,"item_purchase_floors":[10,45,45,45],"current_hp_per_floor":[47,47,47,47,52,37,37,37,37,37,37,37,38,38,38,14,75,75,75,68,69,69,69,73,61,61,61,58,56,54,54,54,53,75,58,58,55,52,48,37,39,39,39,39,82,74,76,76,76,21,82,82,82,78,0],"gold":96,"neow_bonus":"TRANSFORM_TWO_CARDS","is_prod":false,"is_daily":false,"chose_seed":false,"campfire_upgraded":7,"win_rate":0,"timestamp":1544764730,"path_taken":["M","?","M","?","?","?","R","M","T","$","E","R","E","M","R","BOSS","M","?","M","M","?","E","M","E","T","R","M","E","M","?","R","BOSS","M","?","?","M","M","E","M","R","T","?","$","M","M","?","R","BOSS","R","$","E","BOSS"],"build_version":"2018-12-13","purchased_purges":2,"victory":false,"max_hp_per_floor":[70,70,70,70,75,75,75,75,75,75,75,75,75,75,75,75,75,75,75,75,75,75,75,75,75,75,75,75,75,75,75,75,75,75,75,75,75,75,75,75,75,75,75,75,82,82,82,82,82,82,82,82,82,82,82],"card_choices":[{"not_picked":["Poisoned Stab","Distraction"],"picked":"Cloak And Dagger","floor":1},{"not_picked":["Distraction","Caltrops"],"picked":"Escape Plan","floor":3},{"not_picked":["Outmaneuver","Blade Dance"],"picked":"Dash","floor":4},{"not_picked":["Quick Slash","Backflip"],"picked":"Footwork","floor":8},{"not_picked":["Footwork","Storm of Steel","Slice"],"picked":"SKIP","floor":11},{"not_picked":["Escape Plan","Terror"],"picked":"Poisoned Stab","floor":13},{"not_picked":["PiercingWail","Crippling Poison"],"picked":"Catalyst","floor":14},{"not_picked":["Wraith Form v2","Storm of Steel"],"picked":"Envenom","floor":16},{"not_picked":["Blade Dance","Eviscerate+1"],"picked":"Backflip","floor":18},{"not_picked":["PiercingWail+1","Dagger Spray+1"],"picked":"Deadly Poison+1","floor":20},{"not_picked":["Deflect","Dagger Throw+1"],"picked":"Bouncing Flask","floor":21},{"not_picked":["Flechettes+1","Dagger Throw","Quick Slash"],"picked":"SKIP","floor":22},{"not_picked":["Backflip+1","Phantasmal Killer"],"picked":"Infinite Blades","floor":23},{"not_picked":["Prepared","PiercingWail+1"],"picked":"Noxious Fumes+1","floor":24},{"not_picked":["Cloak And Dagger","Slice"],"picked":"Blur","floor":25},{"not_picked":["Poisoned Stab","Eviscerate","Cloak And Dagger"],"picked":"SKIP","floor":28},{"not_picked":["Outmaneuver+1","Deflect"],"picked":"Adrenaline","floor":29},{"not_picked":["Escape Plan","Skewer+1"],"picked":"Bullet Time","floor":30},{"not_picked":["A Thousand Cuts","Glass Knife"],"picked":"Corpse Explosion","floor":33},{"not_picked":["Dagger Throw+1","Flying Knee"],"picked":"Distraction+1","floor":35},{"not_picked":["Acrobatics+1","Flying Knee"],"picked":"Riddle With Holes","floor":37},{"not_picked":["Underhanded Strike","Outmaneuver"],"picked":"Flying Knee+1","floor":38},{"not_picked":["Doppelganger","Cloak And Dagger+1","Dagger Spray"],"picked":"SKIP","floor":39},{"not_picked":["Burst","Unload","A Thousand Cuts"],"picked":"SKIP","floor":40},{"not_picked":["Quick Slash","Acrobatics+1","Deflect+1"],"picked":"SKIP","floor":41},{"not_picked":["Reflex","Masterful Stab"],"picked":"PiercingWail+1","floor":46},{"not_picked":["Quick Slash","Dash","Deflect+1"],"picked":"SKIP","floor":47},{"not_picked":["Bouncing Flask","Dagger Spray","Glass Knife"],"picked":"SKIP","floor":54}],"player_experience":120889,"relics_obtained":[{"floor":9,"key":"Bottled Lightning"},{"floor":11,"key":"Ginger"},{"floor":13,"key":"Letter Opener"},{"floor":23,"key":"Calipers"},{"floor":25,"key":"Bag of Marbles"},{"floor":26,"key":"Boot"},{"floor":29,"key":"Whetstone"},{"floor":40,"key":"Matryoshka"},{"floor":43,"key":"PreservedInsect"},{"floor":43,"key":"Centennial Puzzle"},{"floor":44,"key":"Blood Vial"},{"floor":44,"key":"Regal Pillow"},{"floor":54,"key":"Lantern"}],"event_choices":[{"damage_healed":0,"gold_gain":0,"player_choice":"Trade","damage_taken":0,"relics_obtained":["GremlinMask"],"max_hp_gain":0,"max_hp_loss":0,"event_name":"FaceTrader","floor":2,"gold_loss":0},{"damage_healed":0,"gold_gain":0,"player_choice":"Donut","damage_taken":0,"max_hp_gain":5,"max_hp_loss":0,"event_name":"Big Fish","floor":5,"gold_loss":0},{"damage_healed":0,"gold_gain":0,"player_choice":"Entered Light","damage_taken":15,"max_hp_gain":0,"max_hp_loss":0,"event_name":"Shining Light","floor":6,"gold_loss":0,"cards_upgraded":["Dash","Defend_G"]},{"damage_healed":0,"gold_gain":0,"player_choice":"Traded Relic","damage_taken":0,"relics_obtained":["Nloth\u0027s Gift"],"max_hp_gain":0,"max_hp_loss":0,"event_name":"N\u0027loth","floor":19,"relics_lost":["GremlinMask"],"gold_loss":0},{"damage_healed":0,"gold_gain":0,"player_choice":"Got Potions","damage_taken":0,"max_hp_gain":0,"max_hp_loss":0,"event_name":"Lab","floor":36,"gold_loss":0}],"is_beta":false,"boss_relics":[{"not_picked":["Fusion Hammer","Busted Crown"],"picked":"Cursed Key"},{"not_picked":["Velvet Choker","WristBlade"],"picked":"Sozu"}],"items_purged_floors":[10,45],"is_endless":false,"potions_floor_spawned":[1,13,16,18,22,24,28,29,35,37,39,41,47],"killed_by":"The Heart","ascension_level":0}