{"gold_per_floor":[109,123,143,156,169,169,49,49,94,111,111,142,112,112,112,212,212,231,244,159,159,11,11,37,37,62,62,72,82,82,93,93,193,193,213,213,225,173,173,173,202,202,202,215,215,215,228,243,243,243],"floor_reached":50,"playtime":2315,"items_purged":["Strike_G"],"score":566,"play_id":"3fd8dace-2ec9-42a6-8b1b-483e26523cd6","local_time":"20190226214603","is_ascension_mode":true,"campfire_choices":[{"data":"Footwork","floor":6,"key":"SMITH"},{"data":"Footwork","floor":11,"key":"SMITH"},{"data":"Cloak And Dagger","floor":15,"key":"SMITH"},{"data":"Night Terror","floor":23,"key":"SMITH"},{"data":"Cloak And Dagger","floor":27,"key":"SMITH"},{"data":"Accuracy","floor":30,"key":"SMITH"},{"floor":32,"key":"REST"},{"data":"Reflex","floor":40,"key":"SMITH"},{"floor":42,"key":"REST"},{"data":"Endless Agony","floor":46,"key":"SMITH"},{"floor":49,"key":"REST"}],"neow_cost":"NONE","seed_source_timestamp":48125102311733,"circlet_count":0,"master_deck":["Defend_G","Defend_G","Defend_G","Defend_G+1","Defend_G","Strike_G","Strike_G+1","Strike_G+1","Strike_G","Survivor","Neutralize","Footwork+1","Deflect","Cloak And Dagger+1","Slice+1","Footwork+1","Slice","Accuracy+1","Adrenaline","Night Terror+1","Decay","Writhe","Decay","Cloak And Dagger+1","Footwork+1","Decay","Endless Agony","Endless Agony+1","Reflex+1","Slice","Quick Slash+1","Calculated Gamble+1"],"relics":["WristBlade","Pen Nib","Pear","Strawberry","Calling Bell","PreservedInsect","Shuriken","Du-Vu Doll","Blood Vial","Vajra","Happy Flower","Whetstone","HoveringKite","Mercury Hourglass","Dodecahedron"],"potions_floor_usage":[12,19,24,29,41,44,50],"damage_taken":[{"damage":0,"enemies":"Cultist","floor":1,"turns":4},{"damage":0,"enemies":"2 Louse","floor":2,"turns":3},{"damage":16,"enemies":"Jaw Worm","floor":3,"turns":6},{"damage":4,"enemies":"3 Louse","floor":4,"turns":5},{"damage":1,"enemies":"Blue Slaver","floor":5,"turns":4},{"damage":1,"enemies":"Large Slime","floor":10,"turns":7},{"damage":11,"enemies":"Lagavulin","floor":12,"turns":9},{"damage":0,"enemies":"Looter","floor":13,"turns":4},{"damage":4,"enemies":"The Guardian","floor":16,"turns":12},{"damage":8,"enemies":"3 Byrds","floor":18,"turns":6},{"damage":34,"enemies":"Shell Parasite","floor":19,"turns":5},{"damage":19,"enemies":"Book of Stabbing","floor":24,"turns":3},{"damage":9,"enemies":"Cultist and Chosen","floor":28,"turns":5},{"damage":12,"enemies":"Centurion and Healer","floor":29,"turns":5},{"damage":17,"enemies":"Snecko","floor":31,"turns":8},{"damage":10,"enemies":"Champ","floor":33,"turns":11},{"damage":20,"enemies":"3 Darklings","floor":35,"turns":5},{"damage":10,"enemies":"Orb Walker","floor":37,"turns":4},{"damage":37,"enemies":"Nemesis","floor":41,"turns":7},{"damage":33,"enemies":"Jaw Worm Horde","floor":44,"turns":5},{"damage":14,"enemies":"Transient","floor":47,"turns":5},{"damage":19,"enemies":"3 Darklings","floor":48,"turns":5},{"damage":72,"enemies":"Time Eater","floor":50,"turns":4}],"seed_played":"-6497761446523184874","potions_obtained":[{"floor":3,"key":"GhostInAJar"},{"floor":5,"key":"Explosive Potion"},{"floor":10,"key":"EssenceOfSteel"},{"floor":12,"key":"FearPotion"},{"floor":16,"key":"Regen Potion"},{"floor":28,"key":"FearPotion"},{"floor":29,"key":"PowerPotion"},{"floor":41,"key":"GamblersBrew"},{"floor":44,"key":"Swift Potion"}],"is_trial":false,"path_per_floor":["M","M","M","M","M","R","$","?","T","M","R","E","M","?","R","B",null,"M","M","?","?","$","R","E","T","T","R","M","M","R","M","R","B",null,"M","?","M","$","?","R","E","R","T","M","?","R","M","M","R","B"],"character_chosen":"THE_SILENT","items_purchased":["Slice","Accuracy","Regen Potion","Slice"],"campfire_rested":3,"item_purchase_floors":[7,7,22,38],"current_hp_per_floor":[70,70,54,50,49,49,49,35,35,34,34,33,33,37,37,33,87,79,57,57,57,57,57,40,40,40,40,33,37,37,22,48,40,87,67,67,59,59,59,59,24,50,50,19,76,76,62,45,67,0],"gold":243,"neow_bonus":"BOSS_RELIC","is_prod":false,"is_daily":false,"chose_seed":false,"campfire_upgraded":8,"win_rate":0,"timestamp":1551188763,"path_taken":["M","M","M","M","M","R","$","?","T","M","R","E","M","?","R","BOSS","M","M","?","?","$","R","E","?","T","R","M","M","R","M","R","BOSS","M","?","M","$","?","R","E","R","T","?","?","R","M","M","R","BOSS"],"build_version":"2019-01-23","purchased_purges":1,"victory":false,"max_hp_per_floor":[70,70,70,70,70,70,70,70,70,70,70,80,80,87,87,87,87,87,87,87,87,87,87,87,87,87,87,87,87,87,87,87,87,87,87,87,87,87,87,87,87,87,87,87,76,76,76,76,76,76],"card_choices":[{"not_picked":["Underhanded Strike","Tactician"],"picked":"Footwork","floor":1},{"not_picked":["Prepared","Tactician"],"picked":"Deflect","floor":2},{"not_picked":["Crippling Poison","Expertise"],"picked":"Cloak And Dagger","floor":3},{"not_picked":["Prepared","Dagger Spray"],"picked":"Slice","floor":4},{"not_picked":["Bane","Terror"],"picked":"Footwork","floor":5},{"not_picked":["Sucker Punch","Deflect","Burst"],"picked":"SKIP","floor":10},{"not_picked":["Underhanded Strike","All Out Attack"],"picked":"Adrenaline","floor":12},{"not_picked":["Backflip","Distraction","Underhanded Strike"],"picked":"SKIP","floor":13},{"not_picked":["Die Die Die","Wraith Form v2"],"picked":"Night Terror","floor":16},{"not_picked":["Dagger Spray","Noxious Fumes+1"],"picked":"Cloak And Dagger","floor":18},{"not_picked":["Finisher+1","PiercingWail"],"picked":"Footwork+1","floor":19},{"not_picked":["Wraith Form v2","Bane","Outmaneuver"],"picked":"SKIP","floor":24},{"not_picked":["Flying Knee","Deadly Poison","Flechettes"],"picked":"SKIP","floor":28},{"not_picked":["Poisoned Stab","Unload","Backflip"],"picked":"SKIP","floor":29},{"not_picked":["Eviscerate","Underhanded Strike"],"picked":"Endless Agony","floor":31},{"not_picked":["Expertise","Bane"],"picked":"Endless Agony","floor":35},{"not_picked":["Acrobatics","Poisoned Stab+1"],"picked":"Reflex","floor":37},{"not_picked":["All Out Attack","Distraction"],"picked":"Quick Slash+1","floor":41},{"not_picked":["Dagger Spray+1","Dodge and Roll+1","Eviscerate"],"picked":"SKIP","floor":44},{"not_picked":["Crippling Poison","Poisoned Stab+1"],"picked":"Calculated Gamble+1","floor":47},{"not_picked":["Prepared+1","Flechettes+1","Predator+1"],"picked":"SKIP","floor":48}],"player_experience":193836,"relics_obtained":[{"floor":9,"key":"Pen Nib"},{"floor":12,"key":"Pear"},{"floor":17,"key":"PreservedInsect"},{"floor":17,"key":"Shuriken"},{"floor":17,"key":"Du-Vu Doll"},{"floor":24,"key":"Vajra"},{"floor":25,"key":"Happy Flower"},{"floor":26,"key":"Whetstone"},{"floor":41,"key":"Mercury Hourglass"},{"floor":43,"key":"Dodecahedron"}],"event_choices":[{"damage_healed":0,"gold_gain":0,"player_choice":"Entered Light","damage_taken":14,"max_hp_gain":0,"max_hp_loss":0,"event_name":"Shining Light","floor":8,"gold_loss":0,"cards_upgraded":["Defend_G","Strike_G"]},{"damage_healed":0,"gold_gain":0,"player_choice":"Success","damage_taken":3,"relics_obtained":["Strawberry"],"max_hp_gain":0,"max_hp_loss":0,"event_name":"Scrap Ooze","floor":14,"gold_loss":0},{"damage_healed":0,"gold_gain":0,"player_choice":"Obtained Relic","damage_taken":0,"relics_obtained":["Blood Vial"],"max_hp_gain":0,"max_hp_loss":0,"event_name":"Addict","floor":20,"gold_loss":85},{"damage_healed":0,"gold_gain":0,"player_choice":"Smashed Altar","damage_taken":0,"max_hp_gain":0,"max_hp_loss":0,"event_name":"Forgotten Altar","floor":21,"gold_loss":0,"cards_obtained":["Decay"]},{"damage_healed":0,"gold_gain":0,"player_choice":"Ignored","damage_taken":0,"max_hp_gain":0,"max_hp_loss":0,"event_name":"Mysterious Sphere","floor":36,"gold_loss":0},{"damage_healed":0,"gold_gain":0,"player_choice":"Ignored","damage_taken":0,"max_hp_gain":0,"max_hp_loss":0,"event_name":"SecretPortal","floor":39,"gold_loss":0},{"damage_healed":76,"gold_gain":0,"player_choice":"Heal","damage_taken":0,"max_hp_gain":0,"max_hp_loss":11,"event_name":"The Moai Head","floor":45,"gold_loss":0}],"is_beta":false,"boss_relics":[{"not_picked":["Ectoplasm","Cursed Key"],"picked":"Calling Bell"},{"not_picked":["Orrery","Runic Pyramid"],"picked":"HoveringKite"}],"items_purged_floors":[22],"is_endless":false,"potions_floor_spawned":[3,5,10,12,16,28,29,35,41,44,48],"killed_by":"Time Eater","ascension_level":3}