{"gold_per_floor":[119,39,49,69,69,69,88,88,114,130,145,145,159,175,175,270,270,287,287,6,22,33,33,48,0,0,14,14,14,33,33,33,33],"floor_reached":33,"playtime":1594,"items_purged":["Decay"],"score":243,"play_id":"432348a8-19b0-4a50-8873-489a58079784","local_time":"20190321195021","is_ascension_mode":false,"campfire_choices":[{"data":"Infinite Blades","floor":6.0,"key":"SMITH"},{"floor":8.0,"key":"REST"},{"data":"Cloak And Dagger","floor":12.0,"key":"SMITH"},{"data":"Storm of Steel","floor":15.0,"key":"SMITH"},{"floor":23,"key":"REST"},{"floor":32,"key":"REST"}],"neow_cost":"NONE","seed_source_timestamp":154392910524718,"circlet_count":0,"master_deck":["Defend_G+1","Defend_G","Defend_G","Defend_G","Defend_G","Strike_G","Strike_G","Strike_G","Strike_G","Survivor","Neutralize","Dash+1","Infinite Blades+1","Dagger Throw","Sucker Punch","Quick Slash","Cloak And Dagger+1","Acrobatics","Storm of Steel+1","Dodge and Roll","Envenom","Infinite Blades+1","Escape Plan","Dodge and Roll","Quick Slash","Quick Slash","PiercingWail","Accuracy","Reflex","Leg Sweep"],"special_seed":0,"relics":["Ring of the Snake","Dream Catcher","White Beast Statue","Toy Ornithopter","Mummified Hand"],"potions_floor_usage":[16,16,21,22,24,27,33,33],"damage_taken":[{"damage":2.0,"enemies":"Small Slimes","floor":1.0,"turns":4.0},{"damage":0.0,"enemies":"2 Louse","floor":3.0,"turns":3.0},{"damage":0.0,"enemies":"Jaw Worm","floor":4.0,"turns":4.0},{"damage":2.0,"enemies":"2 Fungi Beasts","floor":7.0,"turns":2.0},{"damage":7.0,"enemies":"Lots of Slimes","floor":10.0,"turns":4.0},{"damage":2.0,"enemies":"3 Louse","floor":11.0,"turns":3.0},{"damage":3.0,"enemies":"Exordium Thugs","floor":13.0,"turns":3.0},{"damage":0.0,"enemies":"Exordium Wildlife","floor":14.0,"turns":2.0},{"damage":47,"enemies":"Slime Boss","floor":16,"turns":11},{"damage":14,"enemies":"3 Byrds","floor":18,"turns":7},{"damage":7,"enemies":"Shell Parasite","floor":21,"turns":6},{"damage":30,"enemies":"Snake Plant","floor":22,"turns":7},{"damage":31,"enemies":"Shelled Parasite and Fungi","floor":24,"turns":7},{"damage":19,"enemies":"Snecko","floor":27,"turns":5},{"damage":6,"enemies":"Centurion and Healer","floor":30,"turns":7},{"damage":69,"enemies":"Champ","floor":33,"turns":13}],"seed_played":"-8751117233289153616","potions_obtained":[{"floor":1.0,"key":"Fire Potion"},{"floor":3.0,"key":"Swift Potion"},{"floor":10.0,"key":"AttackPotion"},{"floor":18,"key":"Weak Potion"},{"floor":21,"key":"Regen Potion"},{"floor":22,"key":"Energy Potion"},{"floor":24,"key":"EssenceOfSteel"},{"floor":27,"key":"Ancient Potion"},{"floor":30,"key":"EssenceOfSteel"}],"is_trial":false,"path_per_floor":["M","$","M","M","?","R","M","R","T","M","M","R","M","M","R","B",null,"M","?","$","M","M","R","M","?","T","M","$","?","M","?","R","B"],"character_chosen":"THE_SILENT","items_purchased":["Infinite Blades","Toy Ornithopter"],"campfire_rested":3,"item_purchase_floors":[2,20],"current_hp_per_floor":[75,75,75,75,60,60,58,77,77,70,68,68,65,65,65,18,77,63,63,63,61,51,74,46,46,46,32,32,32,26,26,49,0],"gold":33,"neow_bonus":"TEN_PERCENT_HP_BONUS","is_prod":false,"is_daily":false,"chose_seed":false,"campfire_upgraded":3,"win_rate":0.0,"timestamp":1553194221,"path_taken":["M","$","M","M","?","R","M","R","T","M","M","R","M","M","R","BOSS","M","?","$","M","M","R","M","?","T","M","$","?","M","?","R","BOSS"],"build_version":"2019-01-23","purchased_purges":1,"victory":false,"max_hp_per_floor":[77,77,77,77,77,77,77,77,77,77,77,77,77,77,77,77,77,77,77,77,77,77,77,77,77,77,77,77,77,77,77,77,77],"card_choices":[{"not_picked":["PiercingWail","Accuracy"],"picked":"Dash","floor":1.0},{"not_picked":["Underhanded Strike","Calculated Gamble"],"picked":"Dagger Throw","floor":3.0},{"not_picked":["Prepared","Deadly Poison"],"picked":"Sucker Punch","floor":4.0},{"not_picked":["Poisoned Stab","Underhanded Strike"],"picked":"Quick Slash","floor":7.0},{"not_picked":["Skewer","Backflip"],"picked":"Cloak And Dagger","floor":10.0},{"not_picked":["Bane","All Out Attack"],"picked":"Acrobatics","floor":11.0},{"not_picked":["Crippling Poison","Blade Dance"],"picked":"Storm of Steel","floor":13.0},{"not_picked":["All Out Attack","Concentrate"],"picked":"Dodge and Roll","floor":14.0},{"not_picked":["Die Die Die","Corpse Explosion"],"picked":"Envenom","floor":16},{"not_picked":["Escape Plan","Dodge and Roll"],"picked":"Infinite Blades+1","floor":18},{"not_picked":["Dodge and Roll","Acrobatics+1"],"picked":"Escape Plan","floor":21},{"not_picked":["Deadly Poison","Bouncing Flask"],"picked":"Dodge and Roll","floor":22},{"not_picked":["Outmaneuver+1","Poisoned Stab"],"picked":"Quick Slash","floor":23},{"not_picked":["Riddle With Holes","Infinite Blades"],"picked":"Quick Slash","floor":24},{"not_picked":["Deadly Poison+1","Outmaneuver"],"picked":"PiercingWail","floor":27},{"not_picked":["Catalyst","Blade Dance"],"picked":"Accuracy","floor":30},{"not_picked":["Reflex","Deflect"],"picked":"Leg Sweep","floor":32}],"player_experience":349703,"relics_obtained":[{"floor":9.0,"key":"Dream Catcher"},{"floor":26,"key":"Mummified Hand"}],"event_choices":[{"damage_healed":0.0,"max_hp_gain":0.0,"max_hp_loss":0.0,"gold_gain":0.0,"event_name":"Shining Light","player_choice":"Entered Light","floor":5.0,"gold_loss":0.0,"damage_taken":15.0,"cards_upgraded":["Defend_G","Dash"]},{"damage_healed":0,"gold_gain":0,"player_choice":"Smashed Altar","damage_taken":0,"max_hp_gain":0,"max_hp_loss":0,"event_name":"Forgotten Altar","floor":19,"gold_loss":0,"cards_obtained":["Decay"]},{"damage_healed":0,"gold_gain":0,"player_choice":"Paid Fearfully","damage_taken":0,"max_hp_gain":0,"max_hp_loss":0,"event_name":"Masked Bandits","floor":25,"gold_loss":48},{"damage_healed":0,"gold_gain":0,"player_choice":"Ignored","damage_taken":0,"max_hp_gain":0,"max_hp_loss":0,"event_name":"Ghosts","floor":29,"gold_loss":0},{"damage_healed":0,"gold_gain":0,"cards_transformed":["Strike_G"],"player_choice":"Transformed","damage_taken":0,"max_hp_gain":0,"max_hp_loss":0,"event_name":"Transmorgrifier","floor":31,"gold_loss":0,"cards_obtained":["Reflex"]}],"is_beta":false,"boss_relics":[{"not_picked":["Runic Pyramid","Calling Bell"],"picked":"White Beast Statue"}],"items_purged_floors":[20],"is_endless":false,"potions_floor_spawned":[1,3,10,18,21,22,24,27,30],"killed_by":"Champ","ascension_level":0}