{"gold_per_floor":[213,24,42,60,73,73,98,98,98,108,108,128,141,167,167,265,265,282,292,137,137,137,170,170,85,85,100,135,153,153,186,186,283,283,299,316,77,129,140,171,171,171],"floor_reached":42,"playtime":2524,"items_purged":["Strike_G"],"score":607,"play_id":"9dbf94ac-4d84-4f53-b4bc-7a940aa90c5f","local_time":"20190224142417","is_ascension_mode":true,"campfire_choices":[{"data":"Dagger Spray","floor":6,"key":"SMITH"},{"data":"Footwork","floor":8,"key":"SMITH"},{"data":"Backflip","floor":15,"key":"SMITH"},{"data":"Footwork","floor":24,"key":"SMITH"},{"data":"Survivor","floor":30,"key":"SMITH"},{"data":"A Thousand Cuts","floor":32,"key":"SMITH"}],"neow_cost":"NONE","seed_source_timestamp":0,"circlet_count":0,"master_deck":["Defend_G","Defend_G","Defend_G","Defend_G","Defend_G","Strike_G","Strike_G","Strike_G","Survivor+1","Neutralize","PiercingWail","Skewer","Dagger Spray+1","Backstab","Poisoned Stab","Footwork+1","Backflip+1","Corpse Explosion","Bouncing Flask","A Thousand Cuts+1","Crippling Poison","Footwork+1","Writhe","Corpse Explosion","Madness","PiercingWail","Deadly Poison+1","Terror","Setup+1","Bullet Time","Bane+1","Poisoned Stab+1","Backflip","Burst"],"special_seed":0,"relics":["Ring of the Snake","Anchor","FossilizedHelix","Torii","Paper Crane","Velvet Choker","Blood Vial","Gremlin Horn","Juzu Bracelet","Mercury Hourglass","Red Mask","Bag of Marbles","Sozu","Pear","Ice Cream","Oddly Smooth Stone"],"potions_floor_usage":[7,23,31],"damage_taken":[{"damage":0,"enemies":"Cultist","floor":1,"turns":5},{"damage":0,"enemies":"Small Slimes","floor":3,"turns":5},{"damage":0,"enemies":"2 Louse","floor":4,"turns":2},{"damage":0,"enemies":"Exordium Wildlife","floor":5,"turns":2},{"damage":24,"enemies":"Lagavulin","floor":7,"turns":7},{"damage":1,"enemies":"Exordium Thugs","floor":10,"turns":7},{"damage":0,"enemies":"2 Fungi Beasts","floor":12,"turns":1},{"damage":0,"enemies":"Blue Slaver","floor":13,"turns":3},{"damage":10,"enemies":"3 Sentries","floor":14,"turns":3},{"damage":1,"enemies":"Hexaghost","floor":16,"turns":11},{"damage":0,"enemies":"3 Byrds","floor":18,"turns":2},{"damage":0,"enemies":"Chosen","floor":19,"turns":4},{"damage":23,"enemies":"Book of Stabbing","floor":23,"turns":6},{"damage":1,"enemies":"Snecko","floor":27,"turns":5},{"damage":12,"enemies":"Masked Bandits","floor":28,"turns":4},{"damage":0,"enemies":"Chosen and Byrds","floor":29,"turns":5},{"damage":0,"enemies":"Slavers","floor":31,"turns":4},{"damage":39,"enemies":"Automaton","floor":33,"turns":11},{"damage":16,"enemies":"Orb Walker","floor":35,"turns":4},{"damage":12,"enemies":"3 Darklings","floor":36,"turns":4},{"damage":8,"enemies":"2 Orb Walkers","floor":38,"turns":3},{"damage":0,"enemies":"Sphere and 2 Shapes","floor":39,"turns":3},{"damage":20,"enemies":"Reptomancer","floor":40,"turns":7},{"damage":65,"enemies":"Giant Head","floor":42,"turns":7}],"seed_played":"4583108213692645518","potions_obtained":[{"floor":1,"key":"Dexterity Potion"},{"floor":5,"key":"AttackPotion"},{"floor":7,"key":"LiquidBronze"},{"floor":13,"key":"Swift Potion"},{"floor":23,"key":"PowerPotion"},{"floor":31,"key":"FearPotion"}],"is_trial":false,"path_per_floor":["M","$","M","M","M","R","E","R","T","M","?","M","M","E","R","B",null,"M","M","$","?","?","E","R","$","T","M","?","M","R","E","R","B",null,"M","M","$","?","M","E","?","E"],"character_chosen":"THE_SILENT","items_purchased":["Anchor","Skewer","Footwork","Madness","Pear"],"campfire_rested":0,"item_purchase_floors":[2,2,20,25,37],"current_hp_per_floor":[70,70,70,70,70,70,46,46,46,45,45,45,45,35,35,34,70,70,70,70,70,70,47,47,47,47,48,38,40,40,42,42,5,70,54,44,54,48,50,32,32,0],"gold":171,"neow_bonus":"HUNDRED_GOLD","is_prod":false,"is_daily":false,"chose_seed":false,"campfire_upgraded":6,"win_rate":0,"timestamp":1550989457,"path_taken":["M","$","M","M","M","R","E","R","T","?","?","M","M","E","R","BOSS","M","M","$","?","?","E","R","$","T","M","?","M","R","E","R","BOSS","M","M","$","?","M","E","?","E"],"build_version":"2019-01-23","purchased_purges":1,"victory":false,"max_hp_per_floor":[70,70,70,70,70,70,70,70,70,70,70,70,70,70,70,70,70,70,70,70,70,70,70,70,70,70,70,70,70,70,70,70,70,70,70,70,80,80,80,80,80,80],"card_choices":[{"not_picked":["Setup","Deadly Poison"],"picked":"PiercingWail","floor":1},{"not_picked":["Deadly Poison","Deflect"],"picked":"Dagger Spray","floor":3},{"not_picked":["Blur","Skewer"],"picked":"Backstab","floor":4},{"not_picked":["Blade Dance","Quick Slash"],"picked":"Poisoned Stab","floor":5},{"not_picked":["Prepared","Tactician"],"picked":"Footwork","floor":7},{"not_picked":["Sucker Punch","Finisher","Acrobatics"],"picked":"SKIP","floor":10},{"not_picked":["Deadly Poison","Prepared"],"picked":"Backflip","floor":12},{"not_picked":["Caltrops","Slice"],"picked":"Corpse Explosion","floor":13},{"not_picked":["Skewer","Infinite Blades"],"picked":"Bouncing Flask","floor":14},{"not_picked":["Glass Knife","Storm of Steel"],"picked":"A Thousand Cuts","floor":16},{"not_picked":["Dagger Throw","Quick Slash"],"picked":"Crippling Poison","floor":18},{"not_picked":["Dagger Spray","Quick Slash"],"picked":"Poisoned Stab","floor":19},{"not_picked":["Reflex","Slice"],"picked":"Corpse Explosion","floor":23},{"not_picked":["Poisoned Stab+1","Acrobatics"],"picked":"PiercingWail","floor":27},{"not_picked":["Dagger Throw","Flying Knee"],"picked":"Deadly Poison+1","floor":28},{"not_picked":["Setup","Concentrate"],"picked":"Terror","floor":29},{"not_picked":["Acrobatics","Cloak And Dagger+1"],"picked":"Setup+1","floor":31},{"not_picked":["Grand Finale","Glass Knife"],"picked":"Bullet Time","floor":33},{"not_picked":["Blade Dance+1","Quick Slash+1"],"picked":"Bane+1","floor":35},{"not_picked":["Deflect","Bane"],"picked":"Poisoned Stab+1","floor":36},{"not_picked":["Heel Hook","Dagger Spray"],"picked":"Backflip","floor":39},{"not_picked":["Predator","Expertise"],"picked":"Burst","floor":40}],"player_experience":175646,"relics_obtained":[{"floor":7,"key":"FossilizedHelix"},{"floor":9,"key":"Torii"},{"floor":14,"key":"Paper Crane"},{"floor":23,"key":"Juzu Bracelet"},{"floor":26,"key":"Mercury Hourglass"},{"floor":28,"key":"Red Mask"},{"floor":31,"key":"Bag of Marbles"},{"floor":38,"key":"Ice Cream"},{"floor":40,"key":"Oddly Smooth Stone"}],"event_choices":[{"damage_healed":0,"gold_gain":0,"player_choice":"Ignored","damage_taken":0,"max_hp_gain":0,"max_hp_loss":0,"event_name":"Golden Idol","floor":11,"gold_loss":0},{"damage_healed":0,"gold_gain":0,"player_choice":"Opened","damage_taken":0,"relics_obtained":["Blood Vial"],"max_hp_gain":0,"max_hp_loss":0,"event_name":"The Mausoleum","floor":21,"gold_loss":0,"cards_obtained":["Writhe"]},{"cards_removed":["Poisoned Stab"],"damage_healed":0,"gold_gain":0,"player_choice":"Gave Card","damage_taken":0,"relics_obtained":["Gremlin Horn"],"max_hp_gain":0,"max_hp_loss":0,"event_name":"WeMeetAgain","floor":22,"gold_loss":0},{"damage_healed":0,"gold_gain":0,"player_choice":"Fought Bandits","damage_taken":0,"max_hp_gain":0,"max_hp_loss":0,"event_name":"Masked Bandits","floor":28,"gold_loss":0},{"damage_healed":0,"gold_gain":0,"player_choice":"Fight","damage_taken":0,"max_hp_gain":0,"max_hp_loss":0,"event_name":"Mysterious Sphere","floor":38,"gold_loss":0},{"cards_removed":["Strike_G"],"damage_healed":0,"gold_gain":0,"player_choice":"Purged","damage_taken":0,"max_hp_gain":0,"max_hp_loss":0,"event_name":"Purifier","floor":41,"gold_loss":0}],"is_beta":false,"boss_relics":[{"not_picked":["Philosopher\u0027s Stone","Busted Crown"],"picked":"Velvet Choker"},{"not_picked":["Eternal Feather","Astrolabe"],"picked":"Sozu"}],"items_purged_floors":[20],"is_endless":false,"potions_floor_spawned":[1,5,7,13,16,19,23,27,31,35,39],"killed_by":"Giant Head","ascension_level":3}