{"gold_per_floor":[109,63,63,73,89,89,108,108,108,122,47,72,84,94,94,199,199,210,191,124,141,111,111],"floor_reached":23,"playtime":13295,"items_purged":[],"score":195,"play_id":"183cc94d-1df9-4f95-833c-efad439a5b81","local_time":"20181027212122","is_ascension_mode":false,"campfire_choices":[{"data":"Neutralize","floor":6.0,"key":"SMITH"},{"data":"Underhanded Strike","floor":8.0,"key":"SMITH"},{"floor":15.0,"key":"REST"}],"neow_cost":"NONE","seed_source_timestamp":0,"circlet_count":0,"master_deck":["Defend_G","Defend_G","Defend_G","Defend_G","Defend_G","Strike_G","Strike_G+1","Strike_G+1","Strike_G","Strike_G","Survivor","Neutralize+1","Prepared","Acrobatics","Acrobatics","Underhanded Strike+1","Quick Slash","Prepared+1","Distraction+1","Flying Knee","Underhanded Strike","Backflip+1","Bullet Time+1","PiercingWail+1","Blade Dance+1","Well Laid Plans","Flying Knee"],"special_seed":0,"relics":["Ring of the Serpent","Toxic Egg 2","Whetstone"],"potions_floor_usage":[21,23,23],"damage_taken":[{"damage":1.0,"enemies":"Cultist","floor":1.0,"turns":4.0},{"damage":2.0,"enemies":"Small Slimes","floor":4.0,"turns":4.0},{"damage":0.0,"enemies":"2 Louse","floor":5.0,"turns":2.0},{"damage":19.0,"enemies":"Gremlin Gang","floor":7.0,"turns":8.0},{"damage":14.0,"enemies":"Exordium Thugs","floor":10.0,"turns":7.0},{"damage":6.0,"enemies":"Lagavulin","floor":12.0,"turns":6.0},{"damage":2.0,"enemies":"Blue Slaver","floor":13.0,"turns":3.0},{"damage":0.0,"enemies":"3 Louse","floor":14.0,"turns":2.0},{"damage":22.0,"enemies":"Hexaghost","floor":16.0,"turns":9.0},{"damage":5.0,"enemies":"3 Byrds","floor":18.0,"turns":7.0},{"damage":7.0,"enemies":"2 Thieves","floor":19.0,"turns":4.0},{"damage":8,"enemies":"Shelled Parasite and Fungi","floor":21,"turns":5},{"damage":34,"enemies":"Slavers","floor":23,"turns":4}],"seed_played":"8692894415993769605","potions_obtained":[{"floor":5.0,"key":"Energy Potion"},{"floor":10.0,"key":"GhostInAJar"},{"floor":12.0,"key":"FearPotion"},{"floor":19,"key":"FearPotion"},{"floor":21,"key":"FearPotion"},{"floor":22,"key":"Dexterity Potion"},{"floor":22,"key":"Explosive Potion"}],"is_trial":false,"path_per_floor":["M","$","?","M","M","R","M","R","T","M","$","E","M","M","R","B",null,"M","M","$","M","?"],"character_chosen":"THE_SILENT","items_purchased":["Acrobatics","Distraction+1","Well Laid Plans"],"campfire_rested":1,"item_purchase_floors":[2,11,20],"current_hp_per_floor":[69,69,69,67,67,67,48,48,48,34,34,28,26,26,47,25,70,65,58,58,50,50,16],"gold":111,"neow_bonus":"THREE_CARDS","is_prod":false,"is_daily":false,"chose_seed":false,"campfire_upgraded":2,"win_rate":0.0,"timestamp":1540668082,"path_taken":["M","$","?","?","M","R","?","R","T","M","$","E","M","M","R","BOSS","M","M","$","M","?","E"],"build_version":"2018-10-25v2","purchased_purges":0,"victory":false,"max_hp_per_floor":[70,70,70,70,70,70,70,70,70,70,70,70,70,70,70,70,70,70,70,70,70,70,70],"card_choices":[{"not_picked":["Dodge and Roll","Riddle With Holes"],"picked":"Prepared","floor":0.0},{"not_picked":["Dagger Spray","Sucker Punch"],"picked":"Acrobatics","floor":1.0},{"not_picked":["Slice","Footwork"],"picked":"Underhanded Strike","floor":4.0},{"not_picked":["Blur","Crippling Poison","Corpse Explosion"],"picked":"SKIP","floor":5.0},{"not_picked":["Bouncing Flask","Acrobatics"],"picked":"Quick Slash","floor":7.0},{"not_picked":["Dodge and Roll+1","Bane"],"picked":"Prepared+1","floor":10.0},{"not_picked":["Wraith Form v2","PiercingWail+1"],"picked":"Flying Knee","floor":12.0},{"not_picked":["Terror+1","Bane"],"picked":"Underhanded Strike","floor":13.0},{"not_picked":["Riddle With Holes","Blur+1"],"picked":"Backflip+1","floor":14.0},{"not_picked":["Corpse Explosion+1","A Thousand Cuts"],"picked":"Bullet Time+1","floor":16.0},{"not_picked":["Expertise+1","Backflip+1"],"picked":"PiercingWail+1","floor":18.0},{"not_picked":["Outmaneuver+1","Leg Sweep+1"],"picked":"Blade Dance+1","floor":19},{"not_picked":["Backflip+1","Prepared+1"],"picked":"Flying Knee","floor":21}],"player_experience":264791,"relics_obtained":[{"floor":9.0,"key":"Toxic Egg 2"},{"floor":12.0,"key":"Whetstone"}],"event_choices":[{"damage_healed":0.0,"max_hp_gain":0.0,"max_hp_loss":0.0,"gold_gain":0.0,"event_name":"Match and Keep!","player_choice":"0 cards matched","floor":3.0,"gold_loss":0.0,"damage_taken":0.0,"cards_obtained":[]},{"damage_healed":0,"gold_gain":0,"player_choice":"Bought 2 Potions","damage_taken":0,"max_hp_gain":0,"max_hp_loss":0,"event_name":"The Woman in Blue","floor":22,"gold_loss":0}],"is_beta":false,"boss_relics":[{"not_picked":["Ectoplasm","Velvet Choker"],"picked":"Ring of the Serpent"}],"items_purged_floors":[],"is_endless":false,"potions_floor_spawned":[5,10,12,19,21],"killed_by":"Slavers","ascension_level":0}