{"gold_per_floor":[114,134,134,150,150,150,250,270,270,370,386,386,403,421,421,517,517,528,324,324],"floor_reached":20,"playtime":1162,"items_purged":[],"score":166,"play_id":"7377fb9d-80c8-4d2b-b594-80448a389ecb","local_time":"20181002220952","is_ascension_mode":false,"campfire_choices":[{"data":"Heavy Blade","floor":6,"key":"SMITH"},{"data":"Cleave","floor":12,"key":"SMITH"},{"data":"Rampage","floor":15,"key":"SMITH"}],"neow_cost":"","seed_source_timestamp":18452249741290,"circlet_count":0,"master_deck":["Strike_R","Strike_R","Strike_R","Strike_R","Strike_R","Defend_R","Defend_R","Defend_R","Defend_R","Bash","Battle Trance","Headbutt","Heavy Blade+1","Cleave+1","Clothesline","Cleave","Rampage+1","Impervious","Dropkick","Shrug It Off"],"relics":["Burning Blood","Bag of Preparation"],"potions_floor_usage":[14,14,16],"damage_taken":[{"damage":10,"enemies":"Small Slimes","floor":1,"turns":3},{"damage":8,"enemies":"Jaw Worm","floor":2,"turns":3},{"damage":1,"enemies":"Cultist","floor":4,"turns":3},{"damage":17,"enemies":"Large Slime","floor":8,"turns":8},{"damage":3,"enemies":"Red Slaver","floor":11,"turns":4},{"damage":7,"enemies":"Looter","floor":13,"turns":3},{"damage":16,"enemies":"Lots of Slimes","floor":14,"turns":3},{"damage":70,"enemies":"The Guardian","floor":16,"turns":11},{"damage":13,"enemies":"3 Byrds","floor":18,"turns":5}],"seed_played":"5031524350211627122","potions_obtained":[{"floor":8,"key":"LiquidBronze"},{"floor":11,"key":"BloodPotion"},{"floor":14,"key":"Fruit Juice"},{"floor":16,"key":"Poison Potion"},{"floor":18,"key":"GamblersBrew"}],"is_trial":false,"path_per_floor":["M","M","?","M","$","R","?","M","T","?","M","R","M","M","R","B",null,"M","$"],"character_chosen":"IRONCLAD","items_purchased":["Shrug It Off","Bag of Preparation"],"campfire_rested":0,"item_purchase_floors":[19,19],"current_hp_per_floor":[76,74,74,79,79,79,79,68,68,68,71,71,70,68,68,9,85,78,78,78],"gold":324,"neow_bonus":"","is_prod":false,"is_daily":false,"chose_seed":false,"campfire_upgraded":3,"win_rate":0,"timestamp":1538510992,"path_taken":["M","M","?","?","$","R","?","?","T","?","M","R","M","M","R","BOSS","M","$","?"],"build_version":"2018-09-27","purchased_purges":0,"victory":false,"max_hp_per_floor":[80,80,80,80,80,80,80,80,80,80,80,80,80,80,80,85,85,85,85,85],"card_choices":[{"not_picked":["Armaments","True Grit"],"picked":"Battle Trance","floor":1},{"not_picked":["Power Through","Thunderclap"],"picked":"Headbutt","floor":2},{"not_picked":["Fiend Fire","Fire Breathing"],"picked":"Heavy Blade","floor":4},{"not_picked":["Shockwave","Wild Strike"],"picked":"Cleave","floor":8},{"not_picked":["Pummel","Iron Wave"],"picked":"Clothesline","floor":11},{"not_picked":["True Grit","Clothesline"],"picked":"Cleave","floor":13},{"not_picked":["Iron Wave","Armaments"],"picked":"Rampage","floor":14},{"not_picked":["Fiend Fire","Reaper"],"picked":"Impervious","floor":16},{"not_picked":["Clash","Corruption"],"picked":"Dropkick","floor":18}],"player_experience":214130,"relics_obtained":[],"event_choices":[{"event_name":"The Cleric","player_choice":"Leave","floor":3,"damage_taken":0},{"event_name":"Golden Shrine","player_choice":"Pray","floor":7,"damage_taken":0},{"event_name":"Wheel of Change","player_choice":"Gold","floor":10,"damage_taken":0}],"is_beta":false,"boss_relics":[{"not_picked":["Fusion Hammer","Runic Dome","Snecko Eye"]}],"items_purged_floors":[],"is_endless":false,"potions_floor_spawned":[8,11,14,16,18],"ascension_level":0}