{"gold_per_floor":[12,31,46,46,64,76,89,69,69,82,82,98,114,179,179,179],"floor_reached":16,"playtime":1036,"items_purged":[],"score":98,"play_id":"3a3d7710-bbf8-495c-9fb4-732e9928b7a9","local_time":"20181002191058","is_ascension_mode":false,"campfire_choices":[{"data":"Bash","floor":11,"key":"SMITH"},{"floor":15,"key":"REST"}],"neow_cost":"NO_GOLD","seed_source_timestamp":7844996051423,"circlet_count":0,"master_deck":["Strike_R","Strike_R","Strike_R","Strike_R","Defend_R","Defend_R","Defend_R","Bash+1","Rage","Armaments","Shrug It Off","Shrug It Off"],"relics":["Burning Blood","Dream Catcher"],"potions_floor_usage":[5,12],"damage_taken":[{"damage":9,"enemies":"Small Slimes","floor":1,"turns":4},{"damage":11,"enemies":"Jaw Worm","floor":2,"turns":4},{"damage":0,"enemies":"2 Louse","floor":3,"turns":2},{"damage":1,"enemies":"Blue Slaver","floor":5,"turns":4},{"damage":9,"enemies":"Lots of Slimes","floor":6,"turns":6},{"damage":5,"enemies":"Red Slaver","floor":7,"turns":3},{"damage":7,"enemies":"2 Fungi Beasts","floor":10,"turns":4},{"damage":0,"enemies":"Exordium Wildlife","floor":12,"turns":6},{"damage":23,"enemies":"Exordium Thugs","floor":13,"turns":7},{"damage":0,"enemies":"The Guardian","floor":16,"turns":1}],"seed_played":"3299803748424534649","potions_obtained":[{"floor":2,"key":"Fruit Juice"},{"floor":3,"key":"Ancient Potion"},{"floor":6,"key":"Poison Potion"},{"floor":8,"key":"Ancient Potion"},{"floor":13,"key":"Regen Potion"}],"is_trial":false,"path_per_floor":["M","M","M","?","M","M","M","?","T","M","R","M","M","?","R"],"character_chosen":"IRONCLAD","items_purchased":[],"campfire_rested":1,"item_purchase_floors":[],"current_hp_per_floor":[77,72,78,83,90,87,88,88,88,87,87,90,73,73,90,90],"gold":179,"neow_bonus":"TRANSFORM_TWO_CARDS","is_prod":false,"is_daily":false,"chose_seed":false,"campfire_upgraded":1,"win_rate":0,"timestamp":1538500258,"path_taken":["M","M","M","?","M","M","M","?","T","M","R","M","?","?","R","BOSS"],"build_version":"2018-09-27","purchased_purges":0,"victory":false,"max_hp_per_floor":[80,80,80,85,90,90,90,90,90,90,90,90,90,90,90,90],"card_choices":[{"not_picked":["Armaments","Iron Wave"],"picked":"Shrug It Off","floor":1},{"not_picked":["Rage","Combust","Rampage"],"picked":"SKIP","floor":2},{"not_picked":["Perfected Strike","Heavy Blade","Havoc"],"picked":"SKIP","floor":3},{"not_picked":["Shrug It Off","Pommel Strike","Clothesline"],"picked":"SKIP","floor":5},{"not_picked":["Clothesline","Flex","Rupture"],"picked":"SKIP","floor":6},{"not_picked":["Disarm","Pummel","Anger"],"picked":"SKIP","floor":7},{"not_picked":["Wild Strike","Havoc","Thunderclap"],"picked":"SKIP","floor":10},{"not_picked":["Reaper","Wild Strike","Evolve"],"picked":"SKIP","floor":12},{"not_picked":["Perfected Strike","Blood for Blood","Rupture"],"picked":"SKIP","floor":13},{"not_picked":["Heavy Blade","Corruption"],"picked":"Shrug It Off","floor":15}],"player_experience":206665,"relics_obtained":[{"floor":9,"key":"Dream Catcher"}],"event_choices":[{"event_name":"Big Fish","player_choice":"Donut","floor":4,"damage_taken":0},{"event_name":"The Woman in Blue","player_choice":"Bought 1 Potion","floor":8,"damage_taken":0},{"event_name":"Golden Wing","player_choice":"Gained Gold","floor":14,"damage_taken":0}],"is_beta":false,"boss_relics":[],"items_purged_floors":[],"is_endless":false,"potions_floor_spawned":[2,3,6,13],"killed_by":"The Guardian","ascension_level":0}