{"gold_per_floor":[111,127,0,12,24,24,43,43,70,81,91,91,117,179,179,276,276,276,276,276,276,276,276,276,276,276,276,276,276,276,2,2,2],"floor_reached":33,"playtime":2215,"items_purged":["Strike_R"],"score":285,"play_id":"badf1907-d2ac-4287-b65a-da42bb1510b6","local_time":"20181201233346","is_ascension_mode":true,"campfire_choices":[{"data":"True Grit","floor":6,"key":"SMITH"},{"data":"Bash","floor":8,"key":"SMITH"},{"data":"Whirlwind","floor":12,"key":"SMITH"},{"data":"Defend_R","floor":15,"key":"SMITH"},{"data":"RitualDagger","floor":24,"key":"SMITH"},{"data":"Defend_R","floor":25,"key":"SMITH"},{"data":"Defend_R","floor":27,"key":"SMITH"},{"data":"Defend_R","floor":30,"key":"SMITH"},{"data":"Demon Form","floor":32,"key":"SMITH"}],"neow_cost":"TEN_PERCENT_HP_LOSS","seed_source_timestamp":48111269379504,"circlet_count":0,"master_deck":["Strike_R","Strike_R","Strike_R","Strike_R","Defend_R+1","Defend_R+1","Defend_R+1","Defend_R+1","Bash+1","True Grit+1","Anger","Whirlwind+1","Flex","Demon Form+1","RitualDagger+1","Shrug It Off+1","Cleave+1","Cleave","Whirlwind+1"],"relics":["Burning Blood","Thread and Needle","Art of War","Regal Pillow","Vajra","Ectoplasm","WingedGreaves","Meat on the Bone","DollysMirror"],"potions_floor_usage":[13,13,14,28,28,33,33],"damage_taken":[{"damage":0,"enemies":"Cultist","floor":1,"turns":4},{"damage":0,"enemies":"Jaw Worm","floor":2,"turns":6},{"damage":0,"enemies":"Small Slimes","floor":4,"turns":4},{"damage":23,"enemies":"Exordium Thugs","floor":5,"turns":7},{"damage":0,"enemies":"Looter","floor":7,"turns":4},{"damage":0,"enemies":"3 Louse","floor":10,"turns":4},{"damage":0,"enemies":"2 Fungi Beasts","floor":11,"turns":3},{"damage":11,"enemies":"Lagavulin","floor":13,"turns":7},{"damage":0,"enemies":"3 Sentries","floor":14,"turns":5},{"damage":56,"enemies":"The Guardian","floor":16,"turns":8},{"damage":8,"enemies":"Shell Parasite","floor":18,"turns":4},{"damage":0,"enemies":"3 Byrds","floor":19,"turns":3},{"damage":14,"enemies":"Snecko","floor":21,"turns":5},{"damage":4,"enemies":"Chosen and Byrds","floor":22,"turns":5},{"damage":29,"enemies":"Slavers","floor":23,"turns":4},{"damage":0,"enemies":"Snake Plant","floor":28,"turns":1},{"damage":11,"enemies":"Snecko","floor":29,"turns":5},{"damage":50,"enemies":"Collector","floor":33,"turns":7}],"seed_played":"-8103452590801525734","potions_obtained":[{"floor":2,"key":"EssenceOfSteel"},{"floor":4,"key":"Weak Potion"},{"floor":13,"key":"Fire Potion"},{"floor":14,"key":"Energy Potion"},{"floor":19,"key":"PowerPotion"},{"floor":21,"key":"Energy Potion"},{"floor":29,"key":"Dexterity Potion"}],"is_trial":false,"path_per_floor":["M","M","$","M","M","R","M","R","T","M","M","R","E","?","R","B",null,"M","M","?","M","M","E","R","R","T","R","M","M","R","$","R","B"],"character_chosen":"IRONCLAD","items_purchased":["True Grit","Regen Potion","DollysMirror"],"campfire_rested":0,"item_purchase_floors":[3,3,31],"current_hp_per_floor":[72,72,72,72,55,55,61,61,61,67,72,72,72,72,72,22,72,70,72,66,58,60,37,37,37,37,37,43,50,50,50,50,0],"gold":2,"neow_bonus":"ONE_RARE_RELIC","is_prod":false,"is_daily":false,"chose_seed":false,"campfire_upgraded":9,"win_rate":0,"timestamp":1543674826,"path_taken":["M","M","$","M","M","R","M","R","T","M","?","R","E","?","R","BOSS","M","M","?","M","M","E","R","R","T","R","M","M","R","$","R","BOSS"],"build_version":"2018-11-15","purchased_purges":1,"victory":false,"max_hp_per_floor":[72,72,72,72,72,72,72,72,72,72,72,72,72,72,72,72,72,72,72,72,72,72,72,72,72,72,72,72,72,72,72,72,72],"card_choices":[{"not_picked":["Havoc","Heavy Blade","Thunderclap"],"picked":"SKIP","floor":1},{"not_picked":["Heavy Blade","Battle Trance","Sentinel"],"picked":"SKIP","floor":2},{"not_picked":["Searing Blow","Ghostly Armor"],"picked":"Anger","floor":4},{"not_picked":["Clash","Searing Blow","Body Slam"],"picked":"SKIP","floor":5},{"not_picked":["Corruption","Clash","Burning Pact"],"picked":"SKIP","floor":7},{"not_picked":["Heavy Blade","Sword Boomerang","Pummel"],"picked":"SKIP","floor":10},{"not_picked":["Heavy Blade","Sword Boomerang","Pummel"],"picked":"SKIP","floor":10},{"not_picked":["Heavy Blade","Metallicize"],"picked":"Whirlwind","floor":11},{"not_picked":["Sever Soul","Iron Wave","Carnage"],"picked":"SKIP","floor":13},{"not_picked":["Hemokinesis","Sword Boomerang"],"picked":"Flex","floor":14},{"not_picked":["Juggernaut","Offering"],"picked":"Demon Form","floor":16},{"not_picked":["Headbutt+1","Evolve","Blood for Blood"],"picked":"SKIP","floor":18},{"not_picked":["Body Slam","Fire Breathing","Warcry"],"picked":"SKIP","floor":19},{"not_picked":["Havoc","Iron Wave"],"picked":"Shrug It Off+1","floor":21},{"not_picked":["Carnage+1","Iron Wave","Clothesline+1"],"picked":"SKIP","floor":22},{"not_picked":["Dark Embrace","Clothesline+1"],"picked":"Cleave+1","floor":23},{"not_picked":["Headbutt","Wild Strike"],"picked":"Cleave","floor":28},{"not_picked":["Flex","Twin Strike","Second Wind"],"picked":"SKIP","floor":29}],"player_experience":131053,"relics_obtained":[{"floor":9,"key":"Art of War"},{"floor":13,"key":"Regal Pillow"},{"floor":14,"key":"Vajra"},{"floor":23,"key":"WingedGreaves"},{"floor":26,"key":"Meat on the Bone"}],"event_choices":[{"damage_healed":0,"gold_gain":0,"player_choice":"Searched \u00271\u0027 times","damage_taken":0,"max_hp_gain":0,"max_hp_loss":0,"event_name":"Dead Adventurer","floor":14,"gold_loss":0},{"damage_healed":0,"gold_gain":0,"player_choice":"Joined the Cult","damage_taken":6,"max_hp_gain":0,"max_hp_loss":0,"event_name":"Nest","floor":20,"gold_loss":0,"cards_obtained":["RitualDagger"]}],"is_beta":false,"boss_relics":[{"not_picked":["Empty Cage","White Beast Statue"],"picked":"Ectoplasm"}],"items_purged_floors":[31],"is_endless":false,"potions_floor_spawned":[2,4,10,13,14,19,21,29],"killed_by":"Collector","ascension_level":1}