{"gold_per_floor":[367,385,86,86,86,86,97,97,97,111,123,123,151,167,167,267,267,249,269,297,297,297],"floor_reached":22,"playtime":866,"items_purged":["Decay"],"score":288,"play_id":"b8207546-02a9-4de6-aa19-262701b511c6","local_time":"20190324170327","is_ascension_mode":true,"campfire_choices":[{"data":"Inflame","floor":6.0,"key":"SMITH"},{"data":"Cleave","floor":8.0,"key":"SMITH"},{"data":"Limit Break","floor":12.0,"key":"SMITH"},{"data":"Warcry","floor":15.0,"key":"SMITH"}],"neow_cost":"CURSE","seed_source_timestamp":18554680467007,"circlet_count":0,"master_deck":["AscendersBane","Strike_R","Strike_R","Strike_R","Strike_R","Defend_R","Defend_R","Defend_R","Defend_R","Bash","Cleave+1","Twin Strike","Inflame+1","Disarm","Anger","Limit Break+1","Warcry+1","Battle Trance"],"special_seed":0,"relics":["Black Blood","Anchor","Dodecahedron","Molten Egg 2","Red Mask","MutagenicStrength"],"potions_floor_usage":[],"damage_taken":[{"damage":5.0,"enemies":"2 Louse","floor":1.0,"turns":4.0},{"damage":15.0,"enemies":"Small Slimes","floor":2.0,"turns":4.0},{"damage":1.0,"enemies":"Cultist","floor":7.0,"turns":3.0},{"damage":6.0,"enemies":"Large Slime","floor":10.0,"turns":5.0},{"damage":11.0,"enemies":"Exordium Thugs","floor":11.0,"turns":4.0},{"damage":10.0,"enemies":"3 Sentries","floor":13.0,"turns":6.0},{"damage":6.0,"enemies":"Blue Slaver","floor":14.0,"turns":5.0},{"damage":8.0,"enemies":"Slime Boss","floor":16.0,"turns":6.0},{"damage":19.0,"enemies":"2 Thieves","floor":18.0,"turns":4.0},{"damage":9.0,"enemies":"Chosen","floor":19.0,"turns":6.0},{"damage":61.0,"enemies":"Masked Bandits","floor":20.0,"turns":5.0},{"damage":6,"enemies":"Shelled Parasite and Fungi","floor":22,"turns":4}],"seed_played":"-8463689552398267256","potions_obtained":[{"floor":7.0,"key":"FearPotion"},{"floor":10.0,"key":"LiquidBronze"},{"floor":19.0,"key":"Ancient Potion"}],"is_trial":false,"path_per_floor":["M","M","$","?","?","R","M","R","T","M","M","R","E","M","R","B",null,"M","M","?","?","M"],"character_chosen":"IRONCLAD","items_purchased":["Anchor","Inflame"],"campfire_rested":0,"item_purchase_floors":[3,3],"current_hp_per_floor":[73,64,64,64,64,64,69,69,69,69,64,64,60,60,60,58,75,66,67,16,16,10],"gold":297,"neow_bonus":"TWO_FIFTY_GOLD","is_prod":false,"is_daily":false,"chose_seed":false,"campfire_upgraded":4,"win_rate":0,"timestamp":1553414607,"path_taken":["M","M","$","?","?","R","M","R","T","M","?","R","E","M","R","BOSS","M","M","?","?","M"],"build_version":"2019-01-23","purchased_purges":1,"victory":false,"max_hp_per_floor":[80,80,80,80,80,80,80,80,80,80,80,80,80,80,80,80,80,80,80,80,80,80],"card_choices":[{"not_picked":["Havoc","Pummel"],"picked":"Cleave","floor":1.0},{"not_picked":["Evolve","Headbutt"],"picked":"Twin Strike","floor":2.0},{"not_picked":["Warcry","Heavy Blade"],"picked":"Disarm","floor":7.0},{"not_picked":["Hemokinesis","Warcry"],"picked":"Anger","floor":10.0},{"not_picked":["Sword Boomerang","Shrug It Off"],"picked":"Limit Break","floor":11.0},{"not_picked":["Uppercut","Corruption"],"picked":"Warcry","floor":13.0},{"not_picked":["Dropkick+1","True Grit","Shrug It Off"],"picked":"SKIP","floor":14.0},{"not_picked":["Anger+1","Perfected Strike+1","Second Wind+1"],"picked":"SKIP","floor":18.0},{"not_picked":["Body Slam+1","Second Wind"],"picked":"Battle Trance","floor":19.0}],"player_experience":387004,"relics_obtained":[{"floor":9.0,"key":"Dodecahedron"},{"floor":13.0,"key":"Molten Egg 2"},{"floor":20.0,"key":"Red Mask"}],"event_choices":[{"damage_healed":0.0,"max_hp_gain":0.0,"max_hp_loss":0.0,"gold_gain":0.0,"event_name":"Golden Idol","player_choice":"Ignored","floor":4.0,"gold_loss":0.0,"damage_taken":0.0},{"cards_removed":["Strike_R"],"damage_healed":0.0,"max_hp_gain":0.0,"max_hp_loss":0.0,"gold_gain":0.0,"event_name":"Purifier","player_choice":"Purged","floor":5.0,"gold_loss":0.0,"damage_taken":0.0},{"damage_healed":0.0,"max_hp_gain":0.0,"max_hp_loss":0.0,"gold_gain":0.0,"event_name":"Masked Bandits","player_choice":"Fought Bandits","floor":20.0,"gold_loss":0.0,"damage_taken":0.0},{"damage_healed":0.0,"max_hp_gain":0.0,"max_hp_loss":0.0,"gold_gain":0.0,"event_name":"Drug Dealer","player_choice":"Inject Mutagens","floor":21.0,"gold_loss":0.0,"damage_taken":0.0,"relics_obtained":["MutagenicStrength"]}],"is_beta":false,"boss_relics":[{"not_picked":["Runic Cube","Snecko Eye"],"picked":"Black Blood"}],"items_purged_floors":[3],"is_endless":false,"potions_floor_spawned":[7,10,19],"killed_by":"Shelled Parasite and Fungi","ascension_level":11}