{"gold_per_floor":[116,116,135,26,44,44,76,86,86,159,173,173,189,202,202,306,306,324,189,99,99,112,112,112],"floor_reached":24,"playtime":785,"items_purged":["Strike_R","Defend_R"],"score":297,"play_id":"78c94425-639d-4528-93c3-1d1f939760f3","local_time":"20190320180015","is_ascension_mode":true,"campfire_choices":[{"data":"Uppercut","floor":6.0,"key":"SMITH"},{"data":"Demon Form","floor":12.0,"key":"SMITH"},{"data":"Iron Wave","floor":15.0,"key":"SMITH"},{"floor":23.0,"key":"REST"}],"neow_cost":"NONE","seed_source_timestamp":10943020116014,"circlet_count":0,"master_deck":["AscendersBane","Strike_R","Strike_R","Defend_R","Defend_R","Defend_R","Bash","Uppercut+1","Iron Wave","Inflame","Iron Wave","Metallicize","Iron Wave+1","Demon Form+1","Inflame","Thunderclap+1","Cleave","Inflame"],"special_seed":0,"relics":["Black Blood","NeowsBlessing","Dodecahedron","Ornamental Fan","Bottled Tornado"],"potions_floor_usage":[24],"damage_taken":[{"damage":0.0,"enemies":"2 Louse","floor":1.0,"turns":1.0},{"damage":0.0,"enemies":"Jaw Worm","floor":3.0,"turns":1.0},{"damage":0.0,"enemies":"Small Slimes","floor":5.0,"turns":1.0},{"damage":23.0,"enemies":"Gremlin Nob","floor":7.0,"turns":4.0},{"damage":25.0,"enemies":"Exordium Thugs","floor":8.0,"turns":6.0},{"damage":5.0,"enemies":"Lots of Slimes","floor":11.0,"turns":2.0},{"damage":0.0,"enemies":"2 Fungi Beasts","floor":13.0,"turns":5.0},{"damage":7.0,"enemies":"Exordium Thugs","floor":14.0,"turns":4.0},{"damage":42.0,"enemies":"The Guardian","floor":16.0,"turns":7.0},{"damage":33.0,"enemies":"Spheric Guardian","floor":18.0,"turns":6.0},{"damage":19.0,"enemies":"3 Byrds","floor":22.0,"turns":6.0},{"damage":55,"enemies":"Slavers","floor":24,"turns":4}],"seed_played":"1102725269412778990","potions_obtained":[{"floor":1.0,"key":"Explosive Potion"},{"floor":3.0,"key":"Dexterity Potion"},{"floor":8.0,"key":"Block Potion"},{"floor":13.0,"key":"Poison Potion"}],"is_trial":false,"path_per_floor":["M","?","M","$","M","R","E","M","T","T","M","R","M","M","R","B",null,"M","$","?","$","M","R","E"],"character_chosen":"IRONCLAD","items_purchased":["Inflame","Inflame"],"campfire_rested":1,"item_purchase_floors":[4,19],"current_hp_per_floor":[78,71,77,77,80,80,63,44,44,44,45,45,51,50,50,14,64,41,41,41,41,32,56,1],"gold":112,"neow_bonus":"THREE_ENEMY_KILL","is_prod":false,"is_daily":false,"chose_seed":false,"campfire_upgraded":3,"win_rate":0,"timestamp":1553072415,"path_taken":["M","?","M","$","M","R","E","M","T","?","M","R","M","M","R","BOSS","M","$","?","$","M","R","E"],"build_version":"2019-01-23","purchased_purges":2,"victory":false,"max_hp_per_floor":[80,80,80,80,80,80,80,80,80,80,80,80,80,80,80,80,80,80,80,80,80,80,80,80],"card_choices":[{"not_picked":["Pummel","Bloodletting"],"picked":"Uppercut","floor":1.0},{"not_picked":["Clash","Shrug It Off"],"picked":"Iron Wave","floor":3.0},{"not_picked":["Pommel Strike","Rage"],"picked":"Iron Wave","floor":5.0},{"not_picked":["Havoc","Flame Barrier"],"picked":"Metallicize","floor":7.0},{"not_picked":["Clash","Evolve"],"picked":"Iron Wave","floor":8.0},{"not_picked":["Flex","Twin Strike"],"picked":"Demon Form","floor":11.0},{"not_picked":["Second Wind","Flex"],"picked":"Inflame","floor":13.0},{"not_picked":["Twin Strike","Flex"],"picked":"Thunderclap","floor":14.0},{"not_picked":["Shrug It Off","Infernal Blade+1"],"picked":"Cleave","floor":18.0},{"not_picked":["Flex","Infernal Blade","Pommel Strike"],"picked":"SKIP","floor":22.0}],"player_experience":360171,"relics_obtained":[{"floor":7.0,"key":"Dodecahedron"},{"floor":9.0,"key":"Ornamental Fan"},{"floor":10.0,"key":"Bottled Tornado"}],"event_choices":[{"cards_removed":["Strike_R"],"damage_healed":0.0,"max_hp_gain":0.0,"max_hp_loss":0.0,"gold_gain":0.0,"event_name":"Golden Wing","player_choice":"Card Removal","floor":2.0,"gold_loss":0.0,"damage_taken":7.0},{"cards_removed":["Strike_R"],"damage_healed":0.0,"max_hp_gain":0.0,"max_hp_loss":0.0,"gold_gain":0.0,"event_name":"Designer","player_choice":"Upgrade and Remove","floor":20.0,"gold_loss":90.0,"damage_taken":0.0,"cards_upgraded":["Thunderclap"]}],"is_beta":false,"boss_relics":[{"not_picked":["Ectoplasm","Philosopher\u0027s Stone"],"picked":"Black Blood"}],"items_purged_floors":[4,19],"is_endless":false,"potions_floor_spawned":[1,3,8,13],"killed_by":"Slavers","ascension_level":10}