{"gold_per_floor":[117,137,70,87,106,106,125,125,125,125,137,62,62,81,81,180,180,200,212,212,259,277,277],"floor_reached":23,"playtime":743,"items_purged":["Strike_G"],"score":185,"play_id":"64ff297e-e418-4599-b372-4eca066b56ea","local_time":"20190322123027","is_ascension_mode":false,"campfire_choices":[{"data":"Footwork","floor":6,"key":"SMITH"},{"data":"Survivor","floor":10,"key":"SMITH"},{"data":"Burst","floor":13,"key":"SMITH"},{"data":"Defend_G","floor":15,"key":"SMITH"}],"neow_cost":"NONE","seed_source_timestamp":10149557030192,"circlet_count":0,"master_deck":["Defend_G","Defend_G","Defend_G","Defend_G+1","Defend_G","Strike_G","Strike_G","Strike_G","Strike_G","Survivor+1","Neutralize+1","Deadly Poison+1","Footwork+1","Calculated Gamble","Burst+1","Corpse Explosion","Calculated Gamble"],"relics":["Ring of the Snake"],"potions_floor_usage":[7,18,19,22],"damage_taken":[{"damage":0,"enemies":"Jaw Worm","floor":1,"turns":4},{"damage":1,"enemies":"Cultist","floor":2,"turns":4},{"damage":0,"enemies":"2 Louse","floor":4,"turns":3},{"damage":7,"enemies":"Exordium Thugs","floor":5,"turns":5},{"damage":0,"enemies":"Gremlin Gang","floor":7,"turns":8},{"damage":0,"enemies":"3 Louse","floor":11,"turns":5},{"damage":0,"enemies":"Large Slime","floor":14,"turns":10},{"damage":56,"enemies":"Slime Boss","floor":16,"turns":16},{"damage":16,"enemies":"Chosen","floor":18,"turns":6},{"damage":10,"enemies":"3 Byrds","floor":19,"turns":4},{"damage":8,"enemies":"Snake Plant","floor":22,"turns":4},{"damage":26,"enemies":"Slavers","floor":23,"turns":2}],"seed_played":"355239987078168881","potions_obtained":[{"floor":2,"key":"Poison Potion"},{"floor":5,"key":"SteroidPotion"},{"floor":14,"key":"GamblersBrew"},{"floor":16,"key":"SkillPotion"},{"floor":22,"key":"LiquidBronze"}],"is_trial":false,"path_per_floor":["M","M","$","M","M","R","M","?","T","R","M","$","R","M","R","B",null,"M","M","?","T","M","E"],"character_chosen":"THE_SILENT","items_purchased":["Footwork"],"campfire_rested":0,"item_purchase_floors":[3],"current_hp_per_floor":[70,69,69,69,62,62,62,62,62,62,62,62,62,62,62,6,70,54,44,31,31,23,0],"gold":277,"neow_bonus":"UPGRADE_CARD","is_prod":false,"is_daily":false,"chose_seed":false,"campfire_upgraded":4,"win_rate":0,"timestamp":1553225427,"path_taken":["M","M","$","M","M","R","M","?","T","R","M","$","R","?","R","BOSS","M","M","?","?","M","E"],"build_version":"2019-01-23","purchased_purges":1,"victory":false,"max_hp_per_floor":[70,70,70,70,70,70,70,70,70,70,70,70,70,70,70,70,70,70,70,75,75,75,75],"card_choices":[{"not_picked":["Acrobatics","Quick Slash","Setup"],"picked":"SKIP","floor":1},{"not_picked":["Bane","Setup"],"picked":"Deadly Poison","floor":2},{"not_picked":["Bane","Flying Knee"],"picked":"Calculated Gamble","floor":4},{"not_picked":["Acrobatics","Underhanded Strike","Quick Slash"],"picked":"SKIP","floor":5},{"not_picked":["Choke","Concentrate","Dagger Spray"],"picked":"SKIP","floor":7},{"not_picked":["Flying Knee","Eviscerate"],"picked":"Burst","floor":11},{"not_picked":["Acrobatics","Dagger Throw","Bane"],"picked":"SKIP","floor":14},{"not_picked":["Adrenaline","A Thousand Cuts"],"picked":"Corpse Explosion","floor":16},{"not_picked":["Masterful Stab","Sucker Punch","Prepared"],"picked":"SKIP","floor":18},{"not_picked":["Cloak And Dagger+1","Slice","Accuracy+1"],"picked":"SKIP","floor":19},{"not_picked":["Slice","Riddle With Holes"],"picked":"Calculated Gamble","floor":22}],"player_experience":374853,"relics_obtained":[],"event_choices":[{"damage_healed":0,"gold_gain":0,"player_choice":"Upgraded","damage_taken":0,"max_hp_gain":0,"max_hp_loss":0,"event_name":"Upgrade Shrine","floor":8,"gold_loss":0,"cards_upgraded":["Deadly Poison"]},{"damage_healed":0,"gold_gain":0,"player_choice":"Shed Blood","damage_taken":18,"max_hp_gain":5,"max_hp_loss":0,"event_name":"Forgotten Altar","floor":20,"gold_loss":0}],"is_beta":false,"boss_relics":[{"not_picked":["Empty Cage","Ring of the Serpent","Fusion Hammer"]}],"items_purged_floors":[12],"is_endless":false,"potions_floor_spawned":[2,5,14,16,22],"killed_by":"Slavers","ascension_level":0}