{"gold_per_floor":[116,41,58,75,85,85,111,111,184,202,215,227,227,242,242,339,339,353,353,365,50,61,95,95,3,52,67,67,84,99,111,111,214,214,229,104,124,137,151,151,171,201,201,23,41,56,0,16,16,16],"floor_reached":51,"playtime":4167,"items_purged":["Strike_R","Defend_R","Defend_R"],"score":734,"play_id":"1eb918c3-54d4-4bcb-8b41-d1c1381f1427","local_time":"20181124140539","is_ascension_mode":false,"campfire_choices":[{"data":"Feed","floor":6,"key":"SMITH"},{"data":"Battle Trance","floor":15,"key":"SMITH"},{"data":"Flex","floor":24,"key":"SMITH"},{"data":"Flex","floor":28,"key":"SMITH"},{"data":"Madness","floor":32,"key":"SMITH"},{"data":"Sword Boomerang","floor":40,"key":"SMITH"},{"floor":49,"key":"REST"}],"neow_cost":"NONE","seed_source_timestamp":14842504125401,"circlet_count":0,"master_deck":["Strike_R","Defend_R","Defend_R","Bash","Feed+1","Anger","Twin Strike","Battle Trance+1","Sword Boomerang+1","Dual Wield","Twin Strike","Anger","Flex+1","Flex+1","Impervious","Cleave","Infernal Blade","Heavy Blade+1","Thunderclap+1","Madness+1","Cleave+1","Offering","Clash","Headbutt","Reaper","Inflame","Spot Weakness+1","Armaments+1","Flex+1","Spot Weakness","Mayhem","Cleave+1","Pommel Strike+1","Pommel Strike+1"],"relics":["Black Blood","Ice Cream","Dodecahedron","MawBank","Blood Vial","Bag of Marbles","Vajra","Runic Pyramid","Juzu Bracelet","Gremlin Horn","Red Mask"],"potions_floor_usage":[23,33,42,50],"damage_taken":[{"damage":11,"enemies":"Jaw Worm","floor":1,"turns":4},{"damage":5,"enemies":"Cultist","floor":3,"turns":4},{"damage":0,"enemies":"Small Slimes","floor":4,"turns":2},{"damage":9,"enemies":"2 Fungi Beasts","floor":5,"turns":4},{"damage":35,"enemies":"3 Sentries","floor":7,"turns":8},{"damage":10,"enemies":"Exordium Wildlife","floor":10,"turns":2},{"damage":0,"enemies":"Looter","floor":11,"turns":2},{"damage":2,"enemies":"Blue Slaver","floor":12,"turns":3},{"damage":0,"enemies":"3 Louse","floor":14,"turns":3},{"damage":33,"enemies":"Slime Boss","floor":16,"turns":11},{"damage":17,"enemies":"Shell Parasite","floor":18,"turns":4},{"damage":10,"enemies":"2 Thieves","floor":22,"turns":3},{"damage":28,"enemies":"Book of Stabbing","floor":23,"turns":4},{"damage":24,"enemies":"Centurion and Healer","floor":27,"turns":7},{"damage":0,"enemies":"3 Cultists","floor":29,"turns":2},{"damage":16,"enemies":"Chosen and Byrds","floor":30,"turns":3},{"damage":6,"enemies":"Snake Plant","floor":31,"turns":2},{"damage":65,"enemies":"Collector","floor":33,"turns":4},{"damage":33,"enemies":"3 Shapes","floor":35,"turns":14},{"damage":13,"enemies":"3 Darklings","floor":37,"turns":2},{"damage":35,"enemies":"Maw","floor":38,"turns":7},{"damage":27,"enemies":"Jaw Worm Horde","floor":39,"turns":4},{"damage":6,"enemies":"Sphere and 2 Shapes","floor":41,"turns":1},{"damage":19,"enemies":"Giant Head","floor":42,"turns":4},{"damage":9,"enemies":"Transient","floor":45,"turns":5},{"damage":81,"enemies":"Writhing Mass","floor":46,"turns":6},{"damage":30,"enemies":"4 Shapes","floor":48,"turns":4},{"damage":106,"enemies":"Donu and Deca","floor":50,"turns":7}],"seed_played":"-1232919690053595129","potions_obtained":[{"floor":4,"key":"Energy Potion"},{"floor":5,"key":"Explosive Potion"},{"floor":7,"key":"LiquidBronze"},{"floor":10,"key":"PowerPotion"},{"floor":11,"key":"Fire Potion"},{"floor":27,"key":"GamblersBrew"},{"floor":37,"key":"AttackPotion"},{"floor":46,"key":"Swift Potion"}],"is_trial":false,"path_per_floor":["M","$","M","M","M","R","E","?","T","M","M","M","?","M","R","B",null,"M","?","?","$","M","E","R","$","T","M","R","M","M","M","R","B",null,"M","$","M","M","M","R","M","E","T","$","M","M","?","M","R","B",null],"character_chosen":"IRONCLAD","items_purchased":["Infernal Blade","Blood Vial","Madness","Mayhem"],"campfire_rested":1,"item_purchase_floors":[21,21,25,44],"current_hp_per_floor":[78,78,82,89,89,89,64,64,64,64,74,78,71,81,81,58,112,105,105,105,105,111,95,95,95,95,87,87,99,99,109,109,56,128,110,110,123,113,106,106,112,118,118,118,133,64,64,78,122,46],"gold":16,"neow_bonus":"TRANSFORM_CARD","is_prod":false,"is_daily":false,"chose_seed":false,"campfire_upgraded":6,"win_rate":0.0,"timestamp":1543035939,"path_taken":["M","$","M","M","M","R","E","?","T","M","M","M","?","M","R","BOSS","M","?","?","$","?","E","R","$","T","M","R","M","M","M","R","BOSS","M","$","M","M","M","R","M","E","T","$","M","M","?","M","R","BOSS"],"build_version":"2018-11-15","purchased_purges":3,"victory":true,"max_hp_per_floor":[83,83,86,89,92,92,96,96,96,100,104,104,104,108,108,112,112,112,112,112,112,116,116,116,116,116,120,120,120,124,128,128,128,128,128,128,128,132,140,140,140,144,144,144,144,144,144,148,148,148],"card_choices":[{"not_picked":["Twin Strike","Shrug It Off"],"picked":"Anger","floor":1},{"not_picked":["Carnage","Second Wind"],"picked":"Twin Strike","floor":3},{"not_picked":["Warcry","Burning Pact"],"picked":"Battle Trance","floor":4},{"not_picked":["Barricade","Bloodletting"],"picked":"Sword Boomerang","floor":5},{"not_picked":["Ghostly Armor","Armaments"],"picked":"Dual Wield","floor":7},{"not_picked":["Body Slam","Thunderclap"],"picked":"Twin Strike","floor":10},{"not_picked":["Thunderclap","Heavy Blade"],"picked":"Anger","floor":11},{"not_picked":["Burning Pact","Sword Boomerang"],"picked":"Flex","floor":12},{"not_picked":["True Grit","Iron Wave"],"picked":"Flex","floor":14},{"not_picked":["Berserk","Fiend Fire"],"picked":"Impervious","floor":16},{"not_picked":["Heavy Blade","Thunderclap"],"picked":"Cleave","floor":18},{"not_picked":["Limit Break","Carnage"],"picked":"Heavy Blade+1","floor":22},{"not_picked":["Body Slam","Perfected Strike"],"picked":"Thunderclap+1","floor":23},{"not_picked":["Clash","Sword Boomerang"],"picked":"Cleave+1","floor":27},{"not_picked":["Pommel Strike","Headbutt"],"picked":"Offering","floor":29},{"not_picked":["Iron Wave","Metallicize"],"picked":"Clash","floor":30},{"not_picked":["Blood for Blood","Twin Strike"],"picked":"Headbutt","floor":31},{"not_picked":["Impervious","Berserk"],"picked":"Reaper","floor":33},{"not_picked":["Shrug It Off","Entrench"],"picked":"Inflame","floor":35},{"not_picked":["Cleave","Inflame+1"],"picked":"Spot Weakness+1","floor":37},{"not_picked":["Flame Barrier+1","Clothesline+1"],"picked":"Armaments+1","floor":38},{"not_picked":["Warcry","Cleave+1"],"picked":"Flex+1","floor":39},{"not_picked":["Intimidate","True Grit+1","Perfected Strike"],"picked":"SKIP","floor":41},{"not_picked":["Entrench","Flex+1"],"picked":"Spot Weakness","floor":42},{"not_picked":["Ghostly Armor","Anger"],"picked":"Cleave+1","floor":45},{"not_picked":["Power Through","Twin Strike+1"],"picked":"Pommel Strike+1","floor":46},{"not_picked":["Reckless Charge","Body Slam+1"],"picked":"Pommel Strike+1","floor":48}],"player_experience":40620,"relics_obtained":[{"floor":7,"key":"Ice Cream"},{"floor":9,"key":"Dodecahedron"},{"floor":23,"key":"Bag of Marbles"},{"floor":26,"key":"Vajra"},{"floor":42,"key":"Juzu Bracelet"},{"floor":43,"key":"Gremlin Horn"}],"event_choices":[{"cards_removed":["Strike_R"],"damage_healed":0,"gold_gain":0,"player_choice":"Forget","damage_taken":0,"max_hp_gain":0,"max_hp_loss":0,"event_name":"Living Wall","floor":8,"gold_loss":0},{"cards_removed":["Strike_R"],"damage_healed":0,"gold_gain":0,"player_choice":"Card Removal","damage_taken":7,"max_hp_gain":0,"max_hp_loss":0,"event_name":"Golden Wing","floor":13,"gold_loss":0},{"damage_healed":0,"gold_gain":0,"player_choice":"Opened","damage_taken":0,"relics_obtained":["MawBank"],"max_hp_gain":0,"max_hp_loss":0,"event_name":"The Mausoleum","floor":19,"gold_loss":0,"cards_obtained":["Writhe"]},{"cards_removed":["Writhe"],"damage_healed":0,"gold_gain":0,"player_choice":"Card Removal","damage_taken":0,"max_hp_gain":0,"max_hp_loss":0,"event_name":"Wheel of Change","floor":20,"gold_loss":0},{"damage_healed":0,"gold_gain":0,"player_choice":"Paid","damage_taken":0,"relics_obtained":["Red Mask"],"max_hp_gain":0,"max_hp_loss":0,"event_name":"Tomb of Lord Red Mask","floor":47,"gold_loss":56}],"is_beta":false,"boss_relics":[{"not_picked":["White Beast Statue","Busted Crown"],"picked":"Black Blood"},{"not_picked":["Velvet Choker","Tiny House"],"picked":"Runic Pyramid"}],"items_purged_floors":[2,21,36],"is_endless":false,"potions_floor_spawned":[4,5,7,10,11,22,27,37,38,39,46,48],"ascension_level":0}