{"gold_per_floor":[112,62,81,181,194,194,225,225,225,278,304,323,341,36,36,133,133,144,144,154,154,54,54,80,98,98,98,110,122,122,134,134,236,236,248,248,260,260,278,278,295,295,295,306,306,318,338,350,350,350],"floor_reached":51,"playtime":2407,"items_purged":[],"score":1015,"play_id":"01a5178a-562a-4842-875b-a5c99872a8ed","local_time":"20190319213242","is_ascension_mode":true,"campfire_choices":[{"data":"Juggernaut","floor":6.0,"key":"SMITH"},{"data":"Havoc","floor":8.0,"key":"SMITH"},{"data":"True Grit","floor":15.0,"key":"SMITH"},{"floor":27.0,"key":"REST"},{"data":"Feel No Pain","floor":30.0,"key":"SMITH"},{"data":"Shrug It Off","floor":32.0,"key":"SMITH"},{"data":"Metallicize","floor":40.0,"key":"SMITH"},{"data":"Impervious","floor":42.0,"key":"SMITH"},{"floor":45.0,"key":"REST"},{"floor":49.0,"key":"REST"}],"neow_cost":"NONE","seed_source_timestamp":16247247516151,"circlet_count":0,"master_deck":["Strike_R+1","Strike_R+1","Defend_R+1","Defend_R+1","Defend_R+1","Defend_R+1","Bash","Juggernaut+1","Havoc+1","Body Slam","Ghostly Armor","Clothesline","True Grit+1","Demon Form","Feel No Pain+1","Havoc+1","Impervious","Havoc+1","Shrug It Off+1","Entrench+1","Burning Pact+1","Feel No Pain+1","Impervious+1","Body Slam+1","Good Instincts","Metallicize+1","Body Slam+1","Havoc+1","Shockwave+1","Corruption","Warcry+1"],"special_seed":0,"relics":["Burning Blood","The Courier","Centennial Puzzle","Tiny Chest","Odd Mushroom","Bottled Tornado","Mark of Pain","Bottled Flame","Omamori","War Paint","Blood Vial","Empty Cage","Dream Catcher"],"potions_floor_usage":[50,50],"damage_taken":[{"damage":2.0,"enemies":"Small Slimes","floor":1.0,"turns":4.0},{"damage":8.0,"enemies":"Jaw Worm","floor":3.0,"turns":5.0},{"damage":1.0,"enemies":"Cultist","floor":5.0,"turns":4.0},{"damage":41.0,"enemies":"Lagavulin","floor":7.0,"turns":8.0},{"damage":18.0,"enemies":"The Mushroom Lair","floor":11.0,"turns":5.0},{"damage":14.0,"enemies":"Exordium Thugs","floor":12.0,"turns":4.0},{"damage":5.0,"enemies":"2 Fungi Beasts","floor":13.0,"turns":5.0},{"damage":24.0,"enemies":"Hexaghost","floor":16.0,"turns":9.0},{"damage":2.0,"enemies":"Spheric Guardian","floor":18.0,"turns":3.0},{"damage":9.0,"enemies":"2 Thieves","floor":20.0,"turns":4.0},{"damage":28.0,"enemies":"Gremlin Leader","floor":24.0,"turns":9.0},{"damage":21.0,"enemies":"Sentry and Sphere","floor":25.0,"turns":5.0},{"damage":8.0,"enemies":"Snake Plant","floor":28.0,"turns":4.0},{"damage":0.0,"enemies":"3 Cultists","floor":29.0,"turns":6.0},{"damage":8.0,"enemies":"Snecko","floor":31.0,"turns":5.0},{"damage":38.0,"enemies":"Automaton","floor":33.0,"turns":10.0},{"damage":3.0,"enemies":"3 Shapes","floor":35.0,"turns":4.0},{"damage":12.0,"enemies":"3 Darklings","floor":37.0,"turns":5.0},{"damage":12.0,"enemies":"Sphere and 2 Shapes","floor":39.0,"turns":5.0},{"damage":15.0,"enemies":"Transient","floor":41.0,"turns":5.0},{"damage":16.0,"enemies":"3 Darklings","floor":44.0,"turns":3.0},{"damage":1.0,"enemies":"Sphere and 2 Shapes","floor":46.0,"turns":4.0},{"damage":11.0,"enemies":"Maw","floor":47.0,"turns":6.0},{"damage":29.0,"enemies":"Writhing Mass","floor":48.0,"turns":6.0},{"damage":74,"enemies":"Donu and Deca","floor":50,"turns":12}],"seed_played":"5703987622447163749","potions_obtained":[{"floor":3.0,"key":"FearPotion"},{"floor":7.0,"key":"SteroidPotion"},{"floor":12.0,"key":"Weak Potion"},{"floor":16.0,"key":"PowerPotion"},{"floor":18.0,"key":"SpeedPotion"},{"floor":20.0,"key":"LiquidBronze"},{"floor":25.0,"key":"SkillPotion"},{"floor":28.0,"key":"Poison Potion"},{"floor":31.0,"key":"FearPotion"},{"floor":37.0,"key":"EssenceOfSteel"},{"floor":44.0,"key":"Swift Potion"},{"floor":47.0,"key":"PowerPotion"}],"is_trial":false,"path_per_floor":["M","?","M","?","M","R","E","R","T","T","?","M","M","$","R","B",null,"M","?","M","T","$","T","E","M","T","R","M","M","R","M","R","B",null,"M","?","M","?","M","R","M","R","T","M","R","M","M","M","R","B",null],"character_chosen":"IRONCLAD","items_purchased":["Bottled Tornado","Feel No Pain","Havoc","Shrug It Off","Entrench"],"campfire_rested":3,"item_purchase_floors":[14,14,14,22,22],"current_hp_per_floor":[76,76,74,74,79,79,44,44,44,44,32,24,25,25,25,7,62,66,66,63,63,63,63,41,26,26,50,50,58,58,58,58,28,67,72,72,68,68,64,64,57,57,57,49,73,80,75,54,78,12],"gold":350,"neow_bonus":"ONE_RANDOM_RARE_CARD","is_prod":false,"is_daily":false,"chose_seed":false,"campfire_upgraded":7,"win_rate":0,"timestamp":1552998762,"path_taken":["M","?","M","?","?","R","E","R","T","?","?","M","M","$","R","BOSS","M","?","M","?","$","?","E","M","T","R","M","?","R","M","R","BOSS","M","?","M","?","M","R","M","R","T","M","R","M","M","M","R","BOSS"],"build_version":"2019-01-23","purchased_purges":0,"victory":true,"max_hp_per_floor":[80,80,80,80,80,80,80,80,80,80,80,80,80,80,80,80,80,80,80,80,80,80,80,80,80,80,80,80,80,80,80,80,80,80,80,80,80,80,80,80,80,80,80,80,80,80,80,80,80,80],"card_choices":[{"not_picked":["Twin Strike","Thunderclap","Inflame"],"picked":"SKIP","floor":1.0},{"not_picked":["Twin Strike","Flex"],"picked":"Havoc","floor":3.0},{"not_picked":["Spot Weakness","Fiend Fire"],"picked":"Body Slam","floor":5.0},{"not_picked":["Havoc","Thunderclap"],"picked":"Ghostly Armor","floor":7.0},{"not_picked":["Dropkick","Cleave"],"picked":"Clothesline","floor":11.0},{"not_picked":["Dropkick","Rupture"],"picked":"True Grit","floor":12.0},{"not_picked":["Dropkick","Flex"],"picked":"Demon Form","floor":13.0},{"not_picked":["Double Tap","Brutality"],"picked":"Impervious","floor":16.0},{"not_picked":["Warcry","Armaments+1"],"picked":"Havoc+1","floor":18.0},{"not_picked":["Carnage","Infernal Blade","Fire Breathing"],"picked":"SKIP","floor":20.0},{"not_picked":["Rampage+1","Entrench"],"picked":"Burning Pact+1","floor":24.0},{"not_picked":["Sever Soul","Twin Strike","Heavy Blade"],"picked":"SKIP","floor":25.0},{"not_picked":["Flex+1","Power Through"],"picked":"Feel No Pain+1","floor":28.0},{"not_picked":["Flex","Whirlwind","Searing Blow"],"picked":"SKIP","floor":29.0},{"not_picked":["Clothesline","Bloodletting+1","True Grit"],"picked":"SKIP","floor":31.0},{"not_picked":["Offering","Double Tap"],"picked":"Impervious","floor":33.0},{"not_picked":["Corruption","Inflame"],"picked":"Body Slam+1","floor":35.0},{"not_picked":["Jack Of All Trades","Swift Strike"],"picked":"Good Instincts","floor":36.0},{"not_picked":["Shockwave","True Grit"],"picked":"Metallicize","floor":37.0},{"not_picked":["Armaments","True Grit+1"],"picked":"Body Slam+1","floor":39.0},{"not_picked":["Rampage","Armaments+1"],"picked":"Havoc+1","floor":41.0},{"not_picked":["Reaper","Clash+1"],"picked":"Shockwave+1","floor":44.0},{"not_picked":["Clash+1","Power Through","Whirlwind"],"picked":"SKIP","floor":46.0},{"not_picked":["Flex","Iron Wave+1"],"picked":"Corruption","floor":47.0},{"not_picked":["Anger+1","True Grit+1","Perfected Strike+1"],"picked":"SKIP","floor":48.0},{"not_picked":["Headbutt","Hemokinesis+1"],"picked":"Warcry+1","floor":49.0}],"player_experience":351281,"relics_obtained":[{"floor":7.0,"key":"The Courier"},{"floor":9.0,"key":"Centennial Puzzle"},{"floor":10.0,"key":"Tiny Chest"},{"floor":11.0,"key":"Odd Mushroom"},{"floor":21.0,"key":"Bottled Flame"},{"floor":23.0,"key":"Omamori"},{"floor":24.0,"key":"War Paint"},{"floor":26.0,"key":"Blood Vial"},{"floor":43.0,"key":"Dream Catcher"}],"event_choices":[{"cards_removed":["Strike_R"],"damage_healed":0.0,"max_hp_gain":0.0,"max_hp_loss":0.0,"gold_gain":0.0,"event_name":"The Cleric","player_choice":"Card Removal","floor":2.0,"gold_loss":50.0,"damage_taken":0.0},{"damage_healed":0.0,"max_hp_gain":0.0,"max_hp_loss":0.0,"gold_gain":100.0,"event_name":"Wheel of Change","player_choice":"Gold","floor":4.0,"gold_loss":0.0,"damage_taken":0.0},{"damage_healed":0.0,"max_hp_gain":0.0,"max_hp_loss":0.0,"gold_gain":0.0,"event_name":"Mushrooms","player_choice":"Fought Mushrooms","floor":11.0,"gold_loss":0.0,"damage_taken":0.0},{"damage_healed":0.0,"max_hp_gain":0.0,"max_hp_loss":0.0,"gold_gain":0.0,"event_name":"Back to Basics","player_choice":"Simplicity","floor":19.0,"gold_loss":0.0,"damage_taken":0.0,"cards_upgraded":["Strike_R","Strike_R","Strike_R","Strike_R","Defend_R","Defend_R","Defend_R","Defend_R"]},{"damage_healed":0.0,"max_hp_gain":0.0,"max_hp_loss":0.0,"gold_gain":0.0,"event_name":"SensoryStone","player_choice":"Memory 1","floor":36.0,"gold_loss":0.0,"damage_taken":0.0},{"damage_healed":0.0,"max_hp_gain":0.0,"max_hp_loss":0.0,"gold_gain":0.0,"event_name":"Lab","player_choice":"Got Potions","floor":38.0,"gold_loss":0.0,"damage_taken":0.0}],"is_beta":false,"boss_relics":[{"not_picked":["Runic Cube","Philosopher\u0027s Stone"],"picked":"Mark of Pain"},{"not_picked":["Snecko Eye","Runic Dome"],"picked":"Empty Cage"}],"items_purged_floors":[],"is_endless":false,"potions_floor_spawned":[3,7,12,16,18,20,25,28,31,37,41,44,47],"ascension_level":9}