{"gold_per_floor":[115,69,69,69,69,97,97,108,158,169,181,181,235,245,245,347,347,357,357,337,348,368,368],"floor_reached":23,"playtime":637,"items_purged":[],"score":216,"play_id":"052428bb-e7c4-48bf-ac4f-23d44648265b","local_time":"20190320203427","is_ascension_mode":false,"campfire_choices":[{"floor":7.0,"key":"REST"},{"data":"Rampage","floor":15.0,"key":"SMITH"}],"neow_cost":"NONE","seed_source_timestamp":71296879246539,"circlet_count":0,"master_deck":["Strike_R","Strike_R+1","Strike_R","Strike_R","Strike_R","Defend_R+1","Defend_R","Defend_R","Defend_R","Bash","Feed+1","Thunderclap","Thunderclap","Wild Strike","Rampage+1","Twin Strike","Feed","Wild Strike","J.A.X.","Cleave","Wild Strike"],"special_seed":0,"relics":["Black Blood"],"potions_floor_usage":[16,16,18,21,22],"damage_taken":[{"damage":6.0,"enemies":"Cultist","floor":1.0,"turns":3.0},{"damage":36.0,"enemies":"3 Sentries","floor":6.0,"turns":8.0},{"damage":3.0,"enemies":"Small Slimes","floor":8.0,"turns":4.0},{"damage":0.0,"enemies":"2 Louse","floor":10.0,"turns":2.0},{"damage":10.0,"enemies":"Looter","floor":11.0,"turns":2.0},{"damage":1.0,"enemies":"2 Fungi Beasts","floor":14.0,"turns":2.0},{"damage":40,"enemies":"The Guardian","floor":16,"turns":6},{"damage":45,"enemies":"Shell Parasite","floor":18,"turns":6},{"damage":13,"enemies":"3 Byrds","floor":21,"turns":4},{"damage":54,"enemies":"Sentry and Sphere","floor":22,"turns":6},{"damage":0,"enemies":"Slavers","floor":23,"turns":1}],"seed_played":"1292173527625338260","potions_obtained":[{"floor":6.0,"key":"SpeedPotion"},{"floor":10.0,"key":"PowerPotion"},{"floor":14.0,"key":"PowerPotion"},{"floor":16,"key":"Weak Potion"},{"floor":18,"key":"Fire Potion"},{"floor":20,"key":"SneckoOil"}],"is_trial":false,"path_per_floor":["M","$","$","?","?","E","R","M","T","M","M","?","?","M","R","B",null,"M","?","?","M","M","E"],"character_chosen":"IRONCLAD","items_purchased":["Twin Strike"],"campfire_rested":1,"item_purchase_floors":[2],"current_hp_per_floor":[83,83,83,83,83,57,83,90,90,95,91,72,72,77,77,43,95,60,60,60,60,16,16],"gold":368,"neow_bonus":"ONE_RANDOM_RARE_CARD","is_prod":false,"is_daily":false,"chose_seed":false,"campfire_upgraded":1,"win_rate":0,"timestamp":1553110467,"path_taken":["M","?","$","?","?","E","R","M","T","?","M","?","?","M","R","BOSS","M","?","?","?","M","E"],"build_version":"2019-01-23","purchased_purges":0,"victory":false,"max_hp_per_floor":[83,83,83,83,83,87,87,91,91,95,95,95,95,95,95,95,95,95,95,95,98,98,98],"card_choices":[{"not_picked":["Havoc","Feel No Pain"],"picked":"Thunderclap","floor":1.0},{"not_picked":["Disarm","Rupture","Blood for Blood"],"picked":"SKIP","floor":6.0},{"not_picked":["Reckless Charge","Clothesline"],"picked":"Thunderclap","floor":8.0},{"not_picked":["Havoc","Body Slam"],"picked":"Wild Strike","floor":10.0},{"not_picked":["Sever Soul","Warcry"],"picked":"Rampage","floor":11.0},{"not_picked":["Feel No Pain","Anger"],"picked":"Twin Strike","floor":14.0},{"not_picked":["Reaper","Demon Form"],"picked":"Feed","floor":16},{"not_picked":["Clash+1","Thunderclap"],"picked":"Wild Strike","floor":18},{"not_picked":["Sword Boomerang","Evolve+1"],"picked":"Cleave","floor":21},{"not_picked":["Carnage","Bloodletting"],"picked":"Wild Strike","floor":22}],"player_experience":331671,"relics_obtained":[],"event_choices":[{"damage_healed":0.0,"max_hp_gain":0.0,"max_hp_loss":0.0,"gold_gain":0.0,"event_name":"Living Wall","player_choice":"Grow","floor":4.0,"gold_loss":0.0,"damage_taken":0.0,"cards_upgraded":["Feed"]},{"cards_removed":["Twin Strike"],"damage_healed":5.0,"max_hp_gain":0.0,"max_hp_loss":0.0,"gold_gain":0.0,"event_name":"Bonfire Elementals","player_choice":"Offered Common","floor":5.0,"gold_loss":0.0,"damage_taken":0.0},{"cards_removed":["Twin Strike"],"damage_healed":5.0,"max_hp_gain":0.0,"max_hp_loss":0.0,"gold_gain":0.0,"event_name":"Bonfire Elementals","player_choice":"Offered Special","floor":5.0,"gold_loss":0.0,"damage_taken":0.0},{"damage_healed":0.0,"max_hp_gain":0.0,"max_hp_loss":0.0,"gold_gain":0.0,"event_name":"Shining Light","player_choice":"Entered Light","floor":12.0,"gold_loss":0.0,"damage_taken":19.0,"cards_upgraded":["Strike_R","Defend_R"]},{"damage_healed":0.0,"max_hp_gain":0.0,"max_hp_loss":0.0,"gold_gain":54.0,"event_name":"Golden Wing","player_choice":"Gained Gold","floor":13.0,"gold_loss":0.0,"damage_taken":0.0},{"damage_healed":0,"gold_gain":0,"player_choice":"Obtain J.A.X.","damage_taken":0,"max_hp_gain":0,"max_hp_loss":0,"event_name":"Drug Dealer","floor":19,"gold_loss":0,"cards_obtained":["J.A.X."]},{"damage_healed":0,"gold_gain":0,"player_choice":"Bought 1 Potion","damage_taken":0,"max_hp_gain":0,"max_hp_loss":0,"event_name":"The Woman in Blue","floor":20,"gold_loss":0}],"is_beta":false,"boss_relics":[{"not_picked":["Pandora\u0027s Box","Astrolabe"],"picked":"Black Blood"}],"items_purged_floors":[],"is_endless":false,"potions_floor_spawned":[6,10,14,16,18],"killed_by":"Slavers","ascension_level":0}