{"gold_per_floor":[368,83,101,117,133,133,153,153,204,217,246,246,256,275,275,379,379,396,495,508,508,520,520],"floor_reached":23,"playtime":1083,"items_purged":[],"score":256,"play_id":"a721d22f-56d4-48d7-bb8c-32a1bc56e563","local_time":"20190308151323","is_ascension_mode":true,"campfire_choices":[{"data":"Accuracy","floor":6,"key":"SMITH"},{"data":"Accuracy","floor":8,"key":"SMITH"},{"data":"Neutralize","floor":12,"key":"SMITH"},{"data":"Envenom","floor":15,"key":"SMITH"}],"neow_cost":"TEN_PERCENT_HP_LOSS","seed_source_timestamp":6366981030204,"circlet_count":0,"master_deck":["Defend_G","Defend_G","Defend_G","Defend_G","Defend_G+1","Strike_G","Strike_G","Strike_G","Strike_G","Strike_G","Survivor","Neutralize+1","Accuracy+1","Accuracy+1","Cloak And Dagger","Poisoned Stab","Cloak And Dagger+1","Envenom+1","Heel Hook","Burst","Cloak And Dagger","Acrobatics+1","Bane"],"relics":["Ring of the Snake","Snake Skull","War Paint","Pantograph","Busted Crown","Strawberry"],"potions_floor_usage":[7,11,18,18,22,23],"damage_taken":[{"damage":10,"enemies":"Jaw Worm","floor":1,"turns":7},{"damage":0,"enemies":"Small Slimes","floor":3,"turns":4},{"damage":0,"enemies":"2 Louse","floor":4,"turns":3},{"damage":0,"enemies":"Large Slime","floor":5,"turns":6},{"damage":3,"enemies":"Looter","floor":7,"turns":4},{"damage":0,"enemies":"3 Louse","floor":10,"turns":2},{"damage":17,"enemies":"Gremlin Nob","floor":11,"turns":4},{"damage":0,"enemies":"Red Slaver","floor":13,"turns":3},{"damage":0,"enemies":"Blue Slaver","floor":14,"turns":3},{"damage":27,"enemies":"The Guardian","floor":16,"turns":9},{"damage":8,"enemies":"3 Byrds","floor":18,"turns":5},{"damage":20,"enemies":"Spheric Guardian","floor":20,"turns":6},{"damage":11,"enemies":"Snecko","floor":22,"turns":5},{"damage":26,"enemies":"Gremlin Leader","floor":23,"turns":5}],"seed_played":"7848911329462953194","potions_obtained":[{"floor":1,"key":"GhostInAJar"},{"floor":4,"key":"SkillPotion"},{"floor":5,"key":"Swift Potion"},{"floor":11,"key":"AttackPotion"},{"floor":13,"key":"Fire Potion"},{"floor":16,"key":"Block Potion"},{"floor":20,"key":"Block Potion"}],"is_trial":false,"path_per_floor":["M","$","M","M","M","R","M","R","T","M","E","R","M","M","R","B",null,"M","?","M","?","M","E"],"character_chosen":"THE_SILENT","items_purchased":["Accuracy","Cloak And Dagger","Snake Skull"],"campfire_rested":0,"item_purchase_floors":[2,2,2],"current_hp_per_floor":[53,53,53,53,53,53,50,50,50,50,33,33,33,33,33,31,55,47,47,27,34,23,0],"gold":520,"neow_bonus":"TWO_FIFTY_GOLD","is_prod":false,"is_daily":false,"chose_seed":false,"campfire_upgraded":4,"win_rate":0,"timestamp":1552029203,"path_taken":["M","$","M","M","M","R","M","R","T","M","E","R","M","M","R","BOSS","M","?","M","?","M","E"],"build_version":"2019-01-23","purchased_purges":0,"victory":false,"max_hp_per_floor":[63,63,63,63,63,63,63,63,63,63,63,63,63,63,63,63,63,63,63,63,70,70,70],"card_choices":[{"not_picked":["Setup","Bouncing Flask"],"picked":"Accuracy","floor":1},{"not_picked":["Dodge and Roll","Underhanded Strike","PiercingWail"],"picked":"SKIP","floor":3},{"not_picked":["Bane","Underhanded Strike"],"picked":"Poisoned Stab","floor":4},{"not_picked":["Underhanded Strike","Tactician"],"picked":"Cloak And Dagger","floor":5},{"not_picked":["Noxious Fumes","PiercingWail"],"picked":"Envenom","floor":7},{"not_picked":["Sucker Punch","Riddle With Holes","Masterful Stab"],"picked":"SKIP","floor":10},{"not_picked":["Dash","Prepared"],"picked":"Heel Hook","floor":11},{"not_picked":["Backflip","Quick Slash","Flying Knee"],"picked":"SKIP","floor":13},{"not_picked":["PiercingWail","Outmaneuver","Acrobatics"],"picked":"SKIP","floor":14},{"not_picked":["Glass Knife","Die Die Die"],"picked":"Burst","floor":16},{"not_picked":[],"picked":"Cloak And Dagger","floor":18},{"not_picked":[],"picked":"Acrobatics+1","floor":20},{"not_picked":[],"picked":"Bane","floor":22}],"player_experience":257763,"relics_obtained":[{"floor":9,"key":"War Paint"},{"floor":11,"key":"Pantograph"}],"event_choices":[{"damage_healed":0,"gold_gain":99,"player_choice":"Stole From Cult","damage_taken":0,"max_hp_gain":0,"max_hp_loss":0,"event_name":"Nest","floor":19,"gold_loss":0},{"damage_healed":0,"gold_gain":0,"player_choice":"Opened","damage_taken":0,"relics_obtained":["Strawberry"],"max_hp_gain":0,"max_hp_loss":0,"event_name":"The Mausoleum","floor":21,"gold_loss":0}],"is_beta":false,"boss_relics":[{"not_picked":["Calling Bell","Sozu"],"picked":"Busted Crown"}],"items_purged_floors":[],"is_endless":false,"potions_floor_spawned":[1,4,5,11,13,16,20],"killed_by":"Gremlin Leader","ascension_level":6}