{"gold_per_floor":[118,136,147,158,170,170,203,219,219,219,239,239,270,195,195,292,292,292,38,38,38,38,38,38,38,38,38,38,38,38,38,38,38,38,38,38,38,38,0,0,0,0,0,0,0,0,0,0,0,0],"floor_reached":51,"playtime":8747,"items_purged":["Strike_G"],"score":639,"play_id":"24326329-7fc2-431a-9e39-b38ca61113be","local_time":"20190201144649","is_ascension_mode":false,"campfire_choices":[{"data":"Footwork","floor":6,"key":"SMITH"},{"data":"Dagger Spray","floor":10,"key":"SMITH"},{"data":"Neutralize","floor":12,"key":"SMITH"},{"data":"Sucker Punch","floor":15,"key":"SMITH"},{"data":"Prepared","floor":23,"key":"SMITH"},{"floor":32,"key":"REST"},{"data":"A Thousand Cuts","floor":40,"key":"SMITH"},{"data":"Footwork","floor":42,"key":"SMITH"},{"floor":49,"key":"REST"}],"neow_cost":"NONE","seed_source_timestamp":2582842887504,"circlet_count":0,"master_deck":["Defend_G","Defend_G","Defend_G","Defend_G","Defend_G","Strike_G","Strike_G","Survivor","Neutralize+1","Dagger Spray+1","Footwork+1","Tools of the Trade","Tactician","Flying Knee","Backflip","Sucker Punch+1","Phantasmal Killer","Reflex","Noxious Fumes","Reflex","Dodge and Roll","Prepared+1","Burst","Dash","Bouncing Flask+1","Acrobatics","Outmaneuver+1","Blur+1","Malaise","A Thousand Cuts+1","Backflip","Backflip+1","Parasite","Footwork+1"],"relics":["Ring of the Snake","Ancient Tea Set","Mercury Hourglass","Oddly Smooth Stone","Ectoplasm","Vajra","Bottled Flame","Prayer Wheel","Pen Nib","MutagenicStrength","Empty Cage","Red Mask","Dead Branch"],"potions_floor_usage":[7,20,24,25,33,33,50,50],"damage_taken":[{"damage":0,"enemies":"Cultist","floor":1,"turns":4},{"damage":0,"enemies":"2 Louse","floor":2,"turns":2},{"damage":0,"enemies":"Jaw Worm","floor":3,"turns":4},{"damage":0,"enemies":"Looter","floor":4,"turns":4},{"damage":2,"enemies":"3 Louse","floor":5,"turns":5},{"damage":4,"enemies":"3 Sentries","floor":7,"turns":9},{"damage":0,"enemies":"Large Slime","floor":8,"turns":10},{"damage":0,"enemies":"Exordium Wildlife","floor":11,"turns":3},{"damage":9,"enemies":"Gremlin Nob","floor":13,"turns":5},{"damage":12,"enemies":"The Guardian","floor":16,"turns":14},{"damage":0,"enemies":"Chosen","floor":18,"turns":6},{"damage":17,"enemies":"3 Byrds","floor":20,"turns":4},{"damage":0,"enemies":"Cultist and Chosen","floor":21,"turns":6},{"damage":3,"enemies":"Snake Plant","floor":22,"turns":5},{"damage":22,"enemies":"Gremlin Leader","floor":24,"turns":6},{"damage":0,"enemies":"Snecko","floor":25,"turns":6},{"damage":1,"enemies":"Sentry and Sphere","floor":28,"turns":5},{"damage":9,"enemies":"Snake Plant","floor":29,"turns":3},{"damage":0,"enemies":"Snecko","floor":31,"turns":5},{"damage":22,"enemies":"Automaton","floor":33,"turns":12},{"damage":1,"enemies":"Orb Walker","floor":35,"turns":4},{"damage":1,"enemies":"3 Shapes","floor":36,"turns":3},{"damage":5,"enemies":"Writhing Mass","floor":37,"turns":8},{"damage":4,"enemies":"Maw","floor":41,"turns":10},{"damage":0,"enemies":"Spire Growth","floor":44,"turns":5},{"damage":21,"enemies":"Transient","floor":45,"turns":5},{"damage":1,"enemies":"4 Shapes","floor":48,"turns":6},{"damage":31,"enemies":"Time Eater","floor":50,"turns":17}],"seed_played":"-8892356627247160","potions_obtained":[{"floor":1,"key":"Fire Potion"},{"floor":3,"key":"FearPotion"},{"floor":5,"key":"PowerPotion"},{"floor":16,"key":"EssenceOfSteel"},{"floor":20,"key":"LiquidBronze"},{"floor":24,"key":"Weak Potion"},{"floor":25,"key":"LiquidBronze"},{"floor":44,"key":"Strength Potion"},{"floor":45,"key":"Ancient Potion"}],"is_trial":false,"path_per_floor":["M","T","?","?","?","?","?"],"character_chosen":"THE_SILENT","items_purchased":["Vajra","Noxious Fumes","Reflex"],"campfire_rested":2,"item_purchase_floors":[19,19,19],"current_hp_per_floor":[77,77,77,77,75,75,71,71,71,71,71,71,62,62,62,50,77,77,77,60,60,57,57,35,35,35,35,34,25,25,25,48,26,77,76,75,70,70,70,70,66,66,66,66,45,45,45,44,67,36],"gold":0,"neow_bonus":"TEN_PERCENT_HP_BONUS","is_prod":false,"is_daily":false,"chose_seed":false,"campfire_upgraded":7,"win_rate":0.0,"timestamp":1549050409,"path_taken":["M","M","M","M","M","R","E","M","T","R","M","R","E","$","R","BOSS","M","$","M","M","?","R","E","M","T","?","M","M","?","M","R","BOSS","M","M","M","?","?","R","M","R","T","M","M","?","?","M","R","BOSS"],"build_version":"2019-01-23","purchased_purges":1,"victory":true,"max_hp_per_floor":[77,77,77,77,77,77,77,77,77,77,77,77,77,77,77,77,77,77,77,77,77,77,77,77,77,77,77,77,77,77,77,77,77,77,77,77,77,77,77,77,77,77,77,77,77,77,77,77,77,77],"card_choices":[{"not_picked":["Leg Sweep","Underhanded Strike"],"picked":"Dagger Spray","floor":1},{"not_picked":["Skewer","Acrobatics","PiercingWail"],"picked":"SKIP","floor":2},{"not_picked":["Flying Knee","PiercingWail"],"picked":"Footwork","floor":3},{"not_picked":["Flying Knee","Blade Dance"],"picked":"Tools of the Trade","floor":4},{"not_picked":["Blur","Escape Plan"],"picked":"Tactician","floor":5},{"not_picked":["Quick Slash","Blade Dance"],"picked":"Flying Knee","floor":7},{"not_picked":["Sucker Punch","Outmaneuver"],"picked":"Backflip","floor":8},{"not_picked":["Dagger Throw","Blur"],"picked":"Sucker Punch","floor":11},{"not_picked":["Blade Dance","Phantasmal Killer","Flying Knee"],"picked":"SKIP","floor":13},{"not_picked":["Venomology","Die Die Die"],"picked":"Phantasmal Killer","floor":16},{"not_picked":["Prepared","Eviscerate+1"],"picked":"Reflex","floor":18},{"not_picked":["Crippling Poison","Deadly Poison","Slice"],"picked":"SKIP","floor":20},{"not_picked":["PiercingWail","Caltrops"],"picked":"Dodge and Roll","floor":21},{"not_picked":["Deflect+1","Infinite Blades"],"picked":"Prepared","floor":22},{"not_picked":["Prepared","PiercingWail"],"picked":"Burst","floor":24},{"not_picked":["Prepared+1","Dodge and Roll"],"picked":"Dash","floor":25},{"not_picked":["Underhanded Strike","Adrenaline"],"picked":"Bouncing Flask+1","floor":28},{"not_picked":["Leg Sweep","Prepared"],"picked":"Acrobatics","floor":28},{"not_picked":["Dodge and Roll","Prepared"],"picked":"Outmaneuver+1","floor":29},{"not_picked":["Dagger Throw+1","PiercingWail"],"picked":"Blur+1","floor":29},{"not_picked":["Dash","Prepared"],"picked":"Malaise","floor":31},{"not_picked":["All Out Attack+1","Acrobatics","Dagger Throw"],"picked":"SKIP","floor":31},{"not_picked":["Glass Knife","Tools of the Trade"],"picked":"A Thousand Cuts","floor":33},{"not_picked":["Flechettes","Slice"],"picked":"Quick Slash+1","floor":35},{"not_picked":["Deadly Poison+1","Deflect","Underhanded Strike+1"],"picked":"SKIP","floor":35},{"not_picked":["Reflex","Blade Dance+1"],"picked":"Backflip","floor":36},{"not_picked":["Underhanded Strike","Deadly Poison"],"picked":"Backflip+1","floor":36},{"not_picked":["PiercingWail+1","Underhanded Strike","Tools of the Trade"],"picked":"SKIP","floor":37},{"not_picked":["Underhanded Strike","Outmaneuver+1","Expertise"],"picked":"SKIP","floor":37},{"not_picked":["Blur","Predator+1"],"picked":"Footwork","floor":41},{"not_picked":["Blade Dance","Caltrops","Underhanded Strike+1"],"picked":"SKIP","floor":41},{"not_picked":["Deadly Poison+1","Poisoned Stab","Deflect+1"],"picked":"SKIP","floor":44},{"not_picked":["Heel Hook+1","Slice+1","Dagger Throw+1"],"picked":"SKIP","floor":44},{"not_picked":["Acrobatics+1","Night Terror","Flechettes+1"],"picked":"SKIP","floor":45},{"not_picked":["Deflect","Dagger Throw+1","Acrobatics+1"],"picked":"SKIP","floor":45},{"not_picked":["Dagger Spray+1","Choke","Prepared+1"],"picked":"SKIP","floor":48},{"not_picked":["Quick Slash+1","Slice","Flying Knee+1"],"picked":"SKIP","floor":48}],"player_experience":51268,"relics_obtained":[{"floor":7,"key":"Ancient Tea Set"},{"floor":9,"key":"Mercury Hourglass"},{"floor":13,"key":"Oddly Smooth Stone"},{"floor":24,"key":"Bottled Flame"},{"floor":26,"key":"Prayer Wheel"},{"floor":27,"key":"Pen Nib"},{"floor":43,"key":"Dead Branch"}],"event_choices":[{"damage_healed":0,"gold_gain":0,"player_choice":"Inject Mutagens","damage_taken":0,"relics_obtained":["MutagenicStrength"],"max_hp_gain":0,"max_hp_loss":0,"event_name":"Drug Dealer","floor":30,"gold_loss":0},{"cards_removed":["Quick Slash"],"damage_healed":0,"gold_gain":0,"player_choice":"Removed Attack","damage_taken":0,"max_hp_gain":0,"max_hp_loss":0,"event_name":"Falling","floor":38,"gold_loss":0},{"damage_healed":0,"gold_gain":0,"player_choice":"Paid","damage_taken":0,"relics_obtained":["Red Mask"],"max_hp_gain":0,"max_hp_loss":0,"event_name":"Tomb of Lord Red Mask","floor":39,"gold_loss":38},{"damage_healed":0,"gold_gain":0,"player_choice":"Memory 1","damage_taken":0,"max_hp_gain":0,"max_hp_loss":0,"event_name":"SensoryStone","floor":46,"gold_loss":0},{"damage_healed":0,"gold_gain":0,"player_choice":"Ignored","damage_taken":0,"max_hp_gain":0,"max_hp_loss":0,"event_name":"Mysterious Sphere","floor":47,"gold_loss":0}],"is_beta":false,"boss_relics":[{"not_picked":["HoveringKite","Coffee Dripper"],"picked":"Ectoplasm"},{"not_picked":["Calling Bell","WristBlade"],"picked":"Empty Cage"}],"items_purged_floors":[14],"is_endless":false,"potions_floor_spawned":[1,3,5,16,20,24,25,31,44,45],"ascension_level":0}