{"gold_per_floor":[119,119,131,131,160,172,197,209,268,280,292,157,157,172,172,275,325,345,345,365,379,189,189,288,288,288,288,302,302,317,334,334,431,431,446,446,458,458,458],"floor_reached":39,"playtime":3467,"items_purged":[],"score":396,"play_id":"2b4e8c0d-2bf8-4b35-af8a-e394355b2786","local_time":"20190321183629","is_ascension_mode":false,"campfire_choices":[{"data":"Choke","floor":6.0,"key":"SMITH"},{"data":"Neutralize","floor":8.0,"key":"SMITH"},{"data":"Sucker Punch","floor":10.0,"key":"SMITH"},{"data":"Tools of the Trade","floor":13.0,"key":"SMITH"},{"floor":15.0,"key":"REST"},{"floor":23.0,"key":"REST"},{"floor":25.0,"key":"REST"},{"floor":27.0,"key":"REST"},{"floor":32,"key":"REST"}],"neow_cost":"NONE","seed_source_timestamp":148127772982864,"circlet_count":0,"master_deck":["Defend_G","Defend_G","Defend_G","Defend_G","Defend_G","Strike_G+1","Strike_G","Strike_G","Strike_G","Strike_G","Survivor","Neutralize+1","Forethought","Skewer+1","Footwork","Choke+1","Sucker Punch+1","Tools of the Trade+1","All Out Attack","Die Die Die","Underhanded Strike","Underhanded Strike","Phantasmal Killer","Backflip+1","Reflex+1","Necronomicurse","Reflex+1","Prepared+1","After Image","Dash+1","Master of Strategy","Underhanded Strike+1"],"special_seed":0,"relics":["Ring of the Snake","MawBank","Boot","Tiny House","MealTicket","Question Card","Necronomicon","Cursed Key"],"potions_floor_usage":[30,33,33,37,37],"damage_taken":[{"damage":1.0,"enemies":"Small Slimes","floor":1.0,"turns":3.0},{"damage":0.0,"enemies":"Cultist","floor":3.0,"turns":4.0},{"damage":0.0,"enemies":"2 Louse","floor":5.0,"turns":4.0},{"damage":9.0,"enemies":"Gremlin Gang","floor":7.0,"turns":6.0},{"damage":12.0,"enemies":"Blue Slaver","floor":14.0,"turns":3.0},{"damage":33.0,"enemies":"Hexaghost","floor":16.0,"turns":13.0},{"damage":17.0,"enemies":"2 Thieves","floor":18.0,"turns":4.0},{"damage":5.0,"enemies":"Spheric Guardian","floor":20.0,"turns":3.0},{"damage":35.0,"enemies":"3 Cultists","floor":21.0,"turns":5.0},{"damage":12.0,"enemies":"Snake Plant","floor":28.0,"turns":5.0},{"damage":32,"enemies":"Shelled Parasite and Fungi","floor":30,"turns":3},{"damage":0,"enemies":"Snecko","floor":31,"turns":2},{"damage":40,"enemies":"Champ","floor":33,"turns":9},{"damage":18,"enemies":"Orb Walker","floor":35,"turns":4},{"damage":25,"enemies":"3 Darklings","floor":37,"turns":4},{"damage":51,"enemies":"Jaw Worm Horde","floor":39,"turns":4}],"seed_played":"-4254032890671546528","potions_obtained":[{"floor":3.0,"key":"Explosive Potion"},{"floor":5.0,"key":"Strength Potion"},{"floor":17.0,"key":"SteroidPotion"},{"floor":21.0,"key":"SteroidPotion"},{"floor":30,"key":"Fire Potion"},{"floor":31,"key":"LiquidBronze"},{"floor":35,"key":"PowerPotion"}],"is_trial":false,"path_per_floor":["M","?","M","?","M","R","M","R","T","R","?","$","R","M","R","B",null,"M","?","M","M","$","R","?","R","T","R","M","?","M","M","R","B",null,"M","?","M","?","M"],"character_chosen":"THE_SILENT","items_purchased":["Tools of the Trade","MealTicket"],"campfire_rested":5,"item_purchase_floors":[12,22],"current_hp_per_floor":[69,69,69,69,69,69,60,60,60,60,65,65,65,53,75,42,80,63,48,43,8,8,33,33,58,58,83,71,55,23,23,48,8,85,67,67,42,42,0],"gold":458,"neow_bonus":"RANDOM_COLORLESS","is_prod":false,"is_daily":false,"chose_seed":false,"campfire_upgraded":4,"win_rate":0.0,"timestamp":1553189789,"path_taken":["M","?","?","?","?","R","M","R","T","R","?","?","R","M","R","BOSS","M","?","M","M","$","R","?","R","T","R","M","?","M","?","R","BOSS","M","?","M","?","M"],"build_version":"2019-01-23","purchased_purges":0,"victory":false,"max_hp_per_floor":[70,70,70,70,70,70,70,70,70,70,75,75,75,75,75,75,80,80,85,85,85,85,85,85,85,85,85,85,85,85,85,85,85,85,85,85,85,85,85],"card_choices":[{"not_picked":["Slice","Sucker Punch"],"picked":"Skewer","floor":1.0},{"not_picked":["Terror","Deadly Poison"],"picked":"Footwork","floor":3.0},{"not_picked":["Deadly Poison","Cloak And Dagger"],"picked":"Choke","floor":5.0},{"not_picked":["Poisoned Stab","Blade Dance"],"picked":"Sucker Punch","floor":7.0},{"not_picked":["Bane","Dodge and Roll"],"picked":"All Out Attack","floor":14.0},{"not_picked":["Wraith Form v2","Tools of the Trade"],"picked":"Die Die Die","floor":16.0},{"not_picked":["PiercingWail","Dash"],"picked":"Underhanded Strike","floor":17.0},{"not_picked":["Outmaneuver+1","Acrobatics"],"picked":"Underhanded Strike","floor":18.0},{"not_picked":["Poisoned Stab","Cloak And Dagger"],"picked":"Phantasmal Killer","floor":20.0},{"not_picked":["Infinite Blades","All Out Attack+1"],"picked":"Backflip+1","floor":21.0},{"not_picked":["Deadly Poison+1","Cloak And Dagger+1","Flying Knee"],"picked":"Reflex+1","floor":28.0},{"not_picked":["Prepared+1","Blade Dance+1","Malaise"],"picked":"Reflex+1","floor":30},{"not_picked":["Poisoned Stab","Distraction","Deadly Poison"],"picked":"Prepared+1","floor":31},{"not_picked":["Night Terror","Wraith Form v2","Grand Finale"],"picked":"After Image","floor":33},{"not_picked":["Outmaneuver+1","PiercingWail+1","Accuracy+1"],"picked":"Dash+1","floor":35},{"not_picked":["HandOfGreed","Good Instincts","Violence"],"picked":"Master of Strategy","floor":36},{"not_picked":["Blur","Quick Slash","Dodge and Roll"],"picked":"Underhanded Strike+1","floor":37}],"player_experience":343921,"relics_obtained":[{"floor":9.0,"key":"Boot"},{"floor":26.0,"key":"Question Card"},{"floor":29.0,"key":"Necronomicon"}],"event_choices":[{"damage_healed":0.0,"max_hp_gain":0.0,"max_hp_loss":0.0,"gold_gain":0.0,"event_name":"Accursed Blacksmith","player_choice":"Forge","floor":2.0,"gold_loss":0.0,"damage_taken":0.0,"cards_upgraded":["Skewer"]},{"damage_healed":0.0,"max_hp_gain":0.0,"max_hp_loss":0.0,"gold_gain":0.0,"event_name":"WeMeetAgain","player_choice":"Gave Potion","floor":4.0,"gold_loss":0.0,"damage_taken":0.0,"relics_obtained":["MawBank"]},{"damage_healed":0.0,"max_hp_gain":5.0,"max_hp_loss":0.0,"gold_gain":0.0,"event_name":"Big Fish","player_choice":"Donut","floor":11.0,"gold_loss":0.0,"damage_taken":0.0},{"damage_healed":0.0,"max_hp_gain":5.0,"max_hp_loss":0.0,"gold_gain":0.0,"event_name":"Forgotten Altar","player_choice":"Shed Blood","floor":19.0,"gold_loss":0.0,"damage_taken":20.0},{"damage_healed":0.0,"max_hp_gain":0.0,"max_hp_loss":0.0,"gold_gain":99.0,"event_name":"Nest","player_choice":"Stole From Cult","floor":24.0,"gold_loss":0.0,"damage_taken":0.0},{"damage_healed":0.0,"max_hp_gain":0.0,"max_hp_loss":0.0,"gold_gain":0.0,"event_name":"Cursed Tome","player_choice":"Obtained Book","floor":29.0,"gold_loss":0.0,"damage_taken":16.0},{"damage_healed":0,"gold_gain":0,"player_choice":"Memory 1","damage_taken":0,"max_hp_gain":0,"max_hp_loss":0,"event_name":"SensoryStone","floor":36,"gold_loss":0},{"damage_healed":0,"gold_gain":0,"player_choice":"0 cards matched","damage_taken":0,"max_hp_gain":0,"max_hp_loss":0,"event_name":"Match and Keep!","floor":38,"gold_loss":0,"cards_obtained":[]}],"is_beta":false,"boss_relics":[{"not_picked":["Coffee Dripper","Runic Dome"],"picked":"Tiny House"},{"not_picked":["Black Star","Empty Cage"],"picked":"Cursed Key"}],"items_purged_floors":[],"is_endless":false,"potions_floor_spawned":[3,5,21,30,31,35],"killed_by":"Jaw Worm Horde","ascension_level":0}