{"gold_per_floor":[110,110,110,120,295,295,322,322,391,416,434,462,472,486,486,584,584,598,523,523,43,56,56,56,56,56,56,89,89,106,132,132,229,229,241,86,99,99,99,131,149,149,149,49,49,75,75,86,86,86],"floor_reached":50,"playtime":2474,"items_purged":["Strike_R","Shame"],"score":755,"play_id":"6c53ac01-0ae9-4a9f-a4f7-1f30d70a140a","local_time":"20190307164724","is_ascension_mode":true,"campfire_choices":[{"data":"Bash","floor":6.0,"key":"SMITH"},{"data":"Anger","floor":8.0,"key":"SMITH"},{"data":"Shockwave","floor":15.0,"key":"SMITH"},{"data":"Immolate","floor":23.0,"key":"SMITH"},{"data":"Fire Breathing","floor":25.0,"key":"SMITH"},{"data":"Rage","floor":29.0,"key":"SMITH"},{"data":"Iron Wave","floor":32.0,"key":"SMITH"},{"data":"Panacea","floor":42,"key":"SMITH"},{"data":"Limit Break","floor":45,"key":"SMITH"},{"floor":49,"key":"RECALL"}],"neow_cost":"NONE","seed_source_timestamp":15903783733862,"circlet_count":0,"master_deck":["Strike_R+1","Strike_R+1","Strike_R+1","Defend_R+1","Defend_R+1","Defend_R+1","Defend_R+1","Bash+1","Clash+1","Sword Boomerang+1","Anger+1","Infernal Blade+1","Shockwave+1","Heavy Blade+1","Thunderclap+1","Cleave+1","Immolate+1","Dropkick+1","Fire Breathing+1","Iron Wave+1","Thunderclap+1","Shame","Rage+1","Limit Break+1","Carnage+1","True Grit+1","Panacea+1","Battle Trance+1","Spot Weakness+1","Wild Strike+1"],"special_seed":0,"relics":["Burning Blood","NeowsBlessing","Pantograph","Whetstone","Dodecahedron","Pen Nib","Pocketwatch","Orrery","Orichalcum","Sling","MutagenicStrength","Question Card","Art of War","Incense Burner","Sundial","Cursed Key","Lantern","Boot","Ornamental Fan","FossilizedHelix","Mark of the Bloom"],"potions_floor_usage":[39,46,46],"damage_taken":[{"damage":0.0,"enemies":"Small Slimes","floor":1.0,"turns":1.0},{"damage":0.0,"enemies":"Jaw Worm","floor":4.0,"turns":1.0},{"damage":0.0,"enemies":"Lagavulin","floor":7.0,"turns":1.0},{"damage":26.0,"enemies":"Gremlin Nob","floor":10.0,"turns":4.0},{"damage":0.0,"enemies":"Cultist","floor":11.0,"turns":2.0},{"damage":10.0,"enemies":"Lagavulin","floor":12.0,"turns":4.0},{"damage":0.0,"enemies":"Large Slime","floor":13.0,"turns":3.0},{"damage":4.0,"enemies":"3 Louse","floor":14.0,"turns":2.0},{"damage":50.0,"enemies":"The Guardian","floor":16.0,"turns":8.0},{"damage":5.0,"enemies":"3 Byrds","floor":18.0,"turns":4.0},{"damage":14.0,"enemies":"Shell Parasite","floor":22.0,"turns":4.0},{"damage":18.0,"enemies":"Book of Stabbing","floor":28.0,"turns":3.0},{"damage":2.0,"enemies":"Cultist and Chosen","floor":30.0,"turns":4.0},{"damage":7.0,"enemies":"Gremlin Leader","floor":31.0,"turns":4.0},{"damage":67.0,"enemies":"Champ","floor":33.0,"turns":11.0},{"damage":12,"enemies":"3 Darklings","floor":35,"turns":5},{"damage":0,"enemies":"3 Shapes","floor":37,"turns":1},{"damage":0,"enemies":"Transient","floor":39,"turns":2},{"damage":3,"enemies":"Giant Head","floor":40,"turns":6},{"damage":12,"enemies":"Sphere and 2 Shapes","floor":41,"turns":3},{"damage":28,"enemies":"Reptomancer","floor":46,"turns":5},{"damage":0,"enemies":"Spire Growth","floor":48,"turns":3},{"damage":61,"enemies":"Donu and Deca","floor":50,"turns":5}],"seed_played":"4956362019621819581","potions_obtained":[{"floor":4.0,"key":"Dexterity Potion"},{"floor":7.0,"key":"Energy Potion"},{"floor":12.0,"key":"Fruit Juice"},{"floor":22.0,"key":"Energy Potion"},{"floor":28.0,"key":"Ancient Potion"},{"floor":31.0,"key":"AttackPotion"},{"floor":35,"key":"SmokeBomb"},{"floor":40,"key":"BloodPotion"},{"floor":41,"key":"Block Potion"}],"is_trial":false,"path_per_floor":["M","?","?","M","?","R","E","R","T","E","M","E","M","M","R","B",null,"M","?","?","$","M","R","?","R","T","?","E","R","M","E","R","B",null,"M","$","M","?","M","E","M","R","T","$","R","E","?","M","R","B"],"character_chosen":"IRONCLAD","items_purchased":["Orichalcum","Sling","Energy Potion","Lantern"],"campfire_rested":0,"item_purchase_floors":[21,21,21,36],"current_hp_per_floor":[78,75,59,65,65,65,71,71,71,51,57,58,64,66,66,41,74,75,75,75,75,67,67,67,67,67,67,55,55,59,58,58,22,69,63,63,69,69,75,78,72,72,72,72,72,58,58,58,58,0],"gold":86,"neow_bonus":"THREE_ENEMY_KILL","is_prod":false,"is_daily":false,"chose_seed":false,"campfire_upgraded":9,"win_rate":0,"timestamp":1551948444,"path_taken":["M","?","?","M","?","R","E","R","T","E","M","E","M","M","R","BOSS","M","?","?","$","?","R","?","R","T","?","E","R","M","E","R","BOSS","M","$","M","?","M","E","M","R","T","$","R","E","?","M","R","BOSS"],"build_version":"2019-01-23","purchased_purges":2,"victory":false,"max_hp_per_floor":[80,80,80,80,80,80,80,80,80,80,80,85,85,85,85,85,85,85,85,85,85,85,85,85,85,85,85,85,85,85,85,85,85,85,85,85,85,85,85,85,85,85,85,85,85,85,85,85,85,85],"card_choices":[{"not_picked":["Warcry","Burning Pact"],"picked":"Clash","floor":1.0},{"not_picked":["Dual Wield","Headbutt"],"picked":"Sword Boomerang","floor":4.0},{"not_picked":["Searing Blow","Warcry"],"picked":"Anger","floor":7.0},{"not_picked":["Clothesline","Headbutt"],"picked":"Infernal Blade","floor":10.0},{"not_picked":["Warcry","Dual Wield"],"picked":"Shockwave","floor":11.0},{"not_picked":["Searing Blow","Metallicize"],"picked":"Heavy Blade","floor":12.0},{"not_picked":["Flex","Disarm"],"picked":"Thunderclap","floor":13.0},{"not_picked":["Disarm","True Grit"],"picked":"Cleave","floor":14.0},{"not_picked":["Offering","Limit Break"],"picked":"Immolate","floor":16.0},{"not_picked":["Burning Pact","Pummel"],"picked":"Dropkick","floor":17.0},{"not_picked":["Perfected Strike","Intimidate"],"picked":"Fire Breathing","floor":17.0},{"not_picked":["Uppercut","Pummel"],"picked":"Iron Wave","floor":17.0},{"not_picked":["Fire Breathing","Armaments"],"picked":"Thunderclap+1","floor":18.0},{"not_picked":["Pommel Strike","Ghostly Armor","Sever Soul+1"],"picked":"SKIP","floor":22.0},{"not_picked":["Pommel Strike","Ghostly Armor","Sever Soul+1"],"picked":"SKIP","floor":22.0},{"not_picked":["Havoc","Uppercut+1","Headbutt+1"],"picked":"Rage","floor":28.0},{"not_picked":["Sword Boomerang","Thunderclap","Clothesline+1","Perfected Strike+1"],"picked":"SKIP","floor":30.0},{"not_picked":["Burning Pact","Shockwave","Headbutt","Corruption+1"],"picked":"SKIP","floor":31.0},{"not_picked":["Reaper","Brutality","Impervious"],"picked":"Limit Break","floor":33.0},{"not_picked":["Perfected Strike+1","Headbutt","Flex"],"picked":"Carnage+1","floor":35},{"not_picked":["Rampage","Cleave+1","Anger+1"],"picked":"True Grit","floor":37},{"not_picked":["Thinking Ahead","Mind Blast","Swift Strike"],"picked":"Panacea","floor":38},{"not_picked":["Hemokinesis+1","Twin Strike","Uppercut"],"picked":"Battle Trance+1","floor":40},{"not_picked":["Body Slam+1","Sword Boomerang","Rampage+1","Headbutt+1"],"picked":"SKIP","floor":41},{"not_picked":["Searing Blow","Corruption+1","Iron Wave"],"picked":"Spot Weakness+1","floor":46},{"not_picked":["Anger+1","Headbutt+1","Flex"],"picked":"Wild Strike+1","floor":48}],"player_experience":248058,"relics_obtained":[{"floor":7.0,"key":"Whetstone"},{"floor":9.0,"key":"Dodecahedron"},{"floor":10.0,"key":"Pen Nib"},{"floor":12.0,"key":"Pocketwatch"},{"floor":26.0,"key":"Question Card"},{"floor":28.0,"key":"Incense Burner"},{"floor":31.0,"key":"Sundial"},{"floor":40,"key":"Boot"},{"floor":43,"key":"Ornamental Fan"},{"floor":46,"key":"FossilizedHelix"}],"event_choices":[{"damage_healed":0.0,"max_hp_gain":0.0,"max_hp_loss":0.0,"gold_gain":0.0,"event_name":"Scrap Ooze","player_choice":"Success","floor":2.0,"gold_loss":0.0,"damage_taken":3.0,"relics_obtained":["Pantograph"]},{"damage_healed":0.0,"max_hp_gain":0.0,"max_hp_loss":0.0,"gold_gain":0.0,"event_name":"Shining Light","player_choice":"Entered Light","floor":3.0,"gold_loss":0.0,"damage_taken":16.0,"cards_upgraded":["Defend_R","Defend_R"]},{"damage_healed":0.0,"max_hp_gain":0.0,"max_hp_loss":0.0,"gold_gain":175.0,"event_name":"Liars Game","player_choice":"AGREE","floor":5.0,"gold_loss":0.0,"damage_taken":0.0,"cards_obtained":["Doubt"]},{"cards_removed":["Doubt"],"damage_healed":0.0,"max_hp_gain":0.0,"max_hp_loss":0.0,"gold_gain":0.0,"event_name":"Beggar","player_choice":"Gave Gold","floor":19.0,"gold_loss":75.0,"damage_taken":0.0},{"cards_removed":["Strike_R"],"damage_healed":0.0,"max_hp_gain":0.0,"max_hp_loss":0.0,"gold_gain":0.0,"event_name":"Bonfire Elementals","player_choice":"Offered Basic","floor":20.0,"gold_loss":0.0,"damage_taken":0.0},{"damage_healed":0.0,"max_hp_gain":0.0,"max_hp_loss":0.0,"gold_gain":0.0,"event_name":"Drug Dealer","player_choice":"Inject Mutagens","floor":24.0,"gold_loss":0.0,"damage_taken":0.0,"relics_obtained":["MutagenicStrength"]},{"damage_healed":0.0,"max_hp_gain":0.0,"max_hp_loss":0.0,"gold_gain":0.0,"event_name":"Addict","player_choice":"Stole Relic","floor":27.0,"gold_loss":0.0,"damage_taken":0.0,"relics_obtained":["Art of War"],"cards_obtained":["Shame"]},{"damage_healed":0,"gold_gain":0,"player_choice":"Memory 1","damage_taken":0,"max_hp_gain":0,"max_hp_loss":0,"event_name":"SensoryStone","floor":38,"gold_loss":0},{"damage_healed":0,"gold_gain":0,"player_choice":"Upgrade","damage_taken":0,"relics_obtained":["Mark of the Bloom"],"max_hp_gain":0,"max_hp_loss":0,"event_name":"MindBloom","floor":47,"gold_loss":0,"cards_upgraded":["Strike_R","Strike_R","Defend_R","Defend_R","Clash","Infernal Blade","Heavy Blade","Thunderclap","Cleave","Dropkick","True Grit"]}],"is_beta":false,"boss_relics":[{"not_picked":["Runic Dome","Astrolabe"],"picked":"Orrery"},{"not_picked":["Calling Bell","White Beast Statue"],"picked":"Cursed Key"}],"items_purged_floors":[21,44],"is_endless":false,"potions_floor_spawned":[4,7,12,22,28,31,35,40,41],"killed_by":"Donu and Deca","ascension_level":6}