{"gold_per_floor":[116,126,126,51,51,79,95,95,95,114,114,14,40,40,40,40],"floor_reached":16,"playtime":441,"items_purged":["Strike_R","Strike_R"],"score":167,"play_id":"4e6ef283-8d48-4ed9-b946-a0f6ee939862","local_time":"20190324013135","is_ascension_mode":true,"campfire_choices":[{"data":"Flex","floor":8,"key":"SMITH"},{"data":"Armaments","floor":11,"key":"SMITH"},{"data":"Twin Strike","floor":15,"key":"SMITH"}],"neow_cost":"NONE","seed_source_timestamp":33127658575290,"circlet_count":0,"master_deck":["AscendersBane","Strike_R+1","Strike_R","Strike_R","Defend_R","Defend_R","Defend_R","Defend_R","Bash+1","Offering","Cleave","Infernal Blade+1","Flex+1","Twin Strike+1","Armaments+1","Metallicize"],"relics":["Burning Blood","Kunai","Question Card","Ancient Tea Set"],"potions_floor_usage":[13,13],"damage_taken":[{"damage":8,"enemies":"Small Slimes","floor":1,"turns":4},{"damage":0,"enemies":"2 Louse","floor":2,"turns":2},{"damage":31,"enemies":"3 Sentries","floor":6,"turns":7},{"damage":6,"enemies":"Jaw Worm","floor":7,"turns":2},{"damage":5,"enemies":"2 Fungi Beasts","floor":10,"turns":3},{"damage":17,"enemies":"Lagavulin","floor":13,"turns":7},{"damage":29,"enemies":"Hexaghost","floor":16,"turns":9}],"seed_played":"4550224970931994029","potions_obtained":[{"floor":1,"key":"PowerPotion"},{"floor":7,"key":"Block Potion"}],"is_trial":false,"path_per_floor":["M","M","?","$","?","E","M","R","T","M","R","$","E","$","R","B"],"character_chosen":"IRONCLAD","items_purchased":[],"campfire_rested":0,"item_purchase_floors":[],"current_hp_per_floor":[70,76,76,76,60,35,35,35,35,36,36,36,25,25,25,0],"gold":40,"neow_bonus":"ONE_RANDOM_RARE_CARD","is_prod":false,"is_daily":false,"chose_seed":false,"campfire_upgraded":3,"win_rate":0,"timestamp":1553358695,"path_taken":["M","M","?","$","?","E","M","R","T","M","R","$","E","?","R","BOSS"],"build_version":"2019-01-23","purchased_purges":2,"victory":false,"max_hp_per_floor":[80,80,80,80,80,80,80,80,80,80,80,80,80,80,80,80],"card_choices":[{"not_picked":["Shrug It Off","Twin Strike"],"picked":"Cleave","floor":1},{"not_picked":["Flame Barrier","Havoc"],"picked":"Infernal Blade","floor":2},{"not_picked":["Dual Wield","Second Wind"],"picked":"Flex","floor":6},{"not_picked":["Bludgeon","True Grit"],"picked":"Twin Strike","floor":7},{"not_picked":["Sentinel","Dual Wield","Heavy Blade"],"picked":"Armaments","floor":10},{"not_picked":["Entrench","Thunderclap","Seeing Red"],"picked":"Metallicize","floor":13}],"player_experience":386563,"relics_obtained":[{"floor":6,"key":"Kunai"},{"floor":9,"key":"Question Card"},{"floor":13,"key":"Ancient Tea Set"}],"event_choices":[{"damage_healed":0,"gold_gain":0,"player_choice":"Grow","damage_taken":0,"max_hp_gain":0,"max_hp_loss":0,"event_name":"Living Wall","floor":3,"gold_loss":0,"cards_upgraded":["Bash"]},{"damage_healed":0,"gold_gain":0,"player_choice":"Entered Light","damage_taken":16,"max_hp_gain":0,"max_hp_loss":0,"event_name":"Shining Light","floor":5,"gold_loss":0,"cards_upgraded":["Strike_R","Infernal Blade"]}],"is_beta":false,"boss_relics":[],"items_purged_floors":[4,12],"is_endless":false,"potions_floor_spawned":[1,7],"killed_by":"Hexaghost","ascension_level":11}