{"gold_per_floor":[114,114,114,128,91,91,118,118,118,118,138,138,172,247,247,343,343,358,376,393,404,66,66,66,93,93,107,107,107,107,137,149,258,270,299,5,16,31,43,43,43],"floor_reached":41,"playtime":2038,"items_purged":[],"score":521,"play_id":"93c318de-d8b0-48b7-81d2-8d478f8ded61","local_time":"20190224193246","is_ascension_mode":true,"campfire_choices":[{"data":"Cleave","floor":6.0,"key":"SMITH"},{"data":"Carnage","floor":8.0,"key":"SMITH"},{"data":"Bash","floor":12.0,"key":"SMITH"},{"data":"Inflame","floor":15.0,"key":"SMITH"},{"data":"Demon Form","floor":23.0,"key":"SMITH"},{"data":"Bite","floor":29,"key":"SMITH"},{"data":"Bite","floor":32,"key":"SMITH"},{"data":"Reaper","floor":40,"key":"SMITH"}],"neow_cost":"NONE","seed_source_timestamp":23050988900869,"circlet_count":0,"master_deck":["Defend_R","Defend_R","Defend_R","Defend_R","Bash+1","Intimidate","Cleave+1","Carnage+1","Headbutt","Inflame+1","Demon Form+1","Warcry+1","Pummel+1","Seeing Red+1","Clash+1","Bandage Up","Bite+1","Bite+1","Bite+1","Bite","Bite","Reaper+1","Twin Strike+1","Offering","Blood for Blood","Bloodletting+1","Cleave+1","Clash"],"special_seed":0,"relics":["Black Blood","Pen Nib","Kunai","Odd Mushroom","Singing Bowl","Darkstone Periapt","Omamori","Astrolabe","Meat on the Bone","Potion Belt","Mercury Hourglass","MawBank","Centennial Puzzle"],"potions_floor_usage":[27,30,35,35],"damage_taken":[{"damage":3.0,"enemies":"Jaw Worm","floor":1.0,"turns":6.0},{"damage":4.0,"enemies":"Small Slimes","floor":4.0,"turns":3.0},{"damage":17.0,"enemies":"The Mushroom Lair","floor":7.0,"turns":3.0},{"damage":3.0,"enemies":"2 Louse","floor":11.0,"turns":2.0},{"damage":20.0,"enemies":"3 Sentries","floor":13.0,"turns":4.0},{"damage":51.0,"enemies":"The Guardian","floor":16.0,"turns":13.0},{"damage":29.0,"enemies":"Spheric Guardian","floor":18.0,"turns":5.0},{"damage":18.0,"enemies":"3 Byrds","floor":19.0,"turns":5.0},{"damage":18.0,"enemies":"Snake Plant","floor":20.0,"turns":3.0},{"damage":2.0,"enemies":"Snecko","floor":21.0,"turns":3.0},{"damage":56.0,"enemies":"Gremlin Leader","floor":25.0,"turns":4.0},{"damage":43,"enemies":"Cultist and Chosen","floor":27,"turns":6},{"damage":0,"enemies":"Snake Plant","floor":30,"turns":2},{"damage":22,"enemies":"Slavers","floor":31,"turns":4},{"damage":59,"enemies":"Champ","floor":33,"turns":7},{"damage":46,"enemies":"3 Darklings","floor":35,"turns":6},{"damage":20,"enemies":"Orb Walker","floor":37,"turns":3},{"damage":41,"enemies":"4 Shapes","floor":38,"turns":9},{"damage":66,"enemies":"Spire Growth","floor":39,"turns":4},{"damage":36,"enemies":"Nemesis","floor":41,"turns":2}],"seed_played":"7446268279316495679","potions_obtained":[{"floor":1.0,"key":"SmokeBomb"},{"floor":4.0,"key":"GamblersBrew"},{"floor":25.0,"key":"Regen Potion"},{"floor":27,"key":"Fire Potion"}],"is_trial":false,"path_per_floor":["M","?","?","M","$","R","?","R","T","T","M","R","E","?","R","B",null,"M","M","M","M","$","R","?","E","T","M","?","R","M","E","R","B",null,"M","$","M","M","M","R","E"],"character_chosen":"IRONCLAD","items_purchased":["Carnage","Meat on the Bone","Bandage Up","Offering","Blood for Blood","Centennial Puzzle"],"campfire_rested":0,"item_purchase_floors":[5,22,22,36,36,36],"current_hp_per_floor":[80,85,82,84,84,84,73,73,73,73,78,78,64,53,53,8,87,66,56,44,50,50,50,50,22,22,34,34,34,46,48,48,29,71,54,54,58,54,25,25,0],"gold":43,"neow_bonus":"RANDOM_COMMON_RELIC","is_prod":false,"is_daily":false,"chose_seed":false,"campfire_upgraded":8,"win_rate":0,"timestamp":1551007966,"path_taken":["M","?","?","M","?","R","?","R","T","?","?","R","E","?","R","BOSS","M","M","M","M","$","R","?","E","T","M","?","R","M","E","R","BOSS","M","$","M","M","?","R","E"],"build_version":"2019-01-23","purchased_purges":0,"victory":false,"max_hp_per_floor":[80,85,85,85,85,85,85,85,85,85,87,87,87,87,87,87,87,89,91,91,93,93,93,65,67,67,69,69,69,69,71,71,71,71,71,71,71,71,71,71,71],"card_choices":[{"not_picked":["Fire Breathing","Warcry"],"picked":"Intimidate","floor":1.0},{"not_picked":["Body Slam","Sword Boomerang"],"picked":"Cleave","floor":4.0},{"not_picked":["Entrench","Offering"],"picked":"Headbutt","floor":7.0},{"not_picked":["Metallicize","Body Slam","Heavy Blade"],"picked":"Singing Bowl","floor":11.0},{"not_picked":["Flex","Seeing Red"],"picked":"Inflame","floor":13.0},{"not_picked":["Reaper","Impervious"],"picked":"Demon Form","floor":16.0},{"not_picked":["Havoc","Seeing Red","Thunderclap"],"picked":"Singing Bowl","floor":18.0},{"not_picked":["Second Wind","Uppercut","Shockwave"],"picked":"Singing Bowl","floor":19.0},{"not_picked":["Warcry+1","Clothesline"],"picked":"Clash+1","floor":20.0},{"not_picked":["Carnage","Havoc","Ghostly Armor"],"picked":"Singing Bowl","floor":21.0},{"not_picked":["Perfected Strike","Dropkick","Heavy Blade"],"picked":"Singing Bowl","floor":25.0},{"not_picked":["Barricade","Clash","Warcry"],"picked":"Singing Bowl","floor":27},{"not_picked":["Burning Pact","Pummel","Twin Strike"],"picked":"Singing Bowl","floor":31},{"not_picked":["Dark Embrace","Exhume"],"picked":"Reaper","floor":33},{"not_picked":["Warcry+1","Metallicize"],"picked":"Twin Strike+1","floor":35},{"not_picked":["Intimidate","Sword Boomerang+1"],"picked":"Bloodletting+1","floor":37},{"not_picked":["Twin Strike+1","Clothesline+1"],"picked":"Cleave+1","floor":38},{"not_picked":["Iron Wave","Anger"],"picked":"Clash","floor":39}],"player_experience":179503,"relics_obtained":[{"floor":7.0,"key":"Odd Mushroom"},{"floor":9.0,"key":"Singing Bowl"},{"floor":10.0,"key":"Darkstone Periapt"},{"floor":13.0,"key":"Omamori"},{"floor":25.0,"key":"Potion Belt"},{"floor":26.0,"key":"Mercury Hourglass"},{"floor":31,"key":"MawBank"}],"event_choices":[{"damage_healed":0.0,"max_hp_gain":5.0,"max_hp_loss":0.0,"gold_gain":0.0,"event_name":"Big Fish","player_choice":"Donut","floor":2.0,"gold_loss":0.0,"damage_taken":0.0},{"damage_healed":0.0,"max_hp_gain":0.0,"max_hp_loss":0.0,"gold_gain":0.0,"event_name":"Scrap Ooze","player_choice":"Success","floor":3.0,"gold_loss":0.0,"damage_taken":3.0,"relics_obtained":["Kunai"]},{"damage_healed":0.0,"max_hp_gain":0.0,"max_hp_loss":0.0,"gold_gain":0.0,"event_name":"Mushrooms","player_choice":"Fought Mushrooms","floor":7.0,"gold_loss":0.0,"damage_taken":0.0},{"damage_healed":0.0,"max_hp_gain":0.0,"max_hp_loss":0.0,"gold_gain":75.0,"event_name":"World of Goop","player_choice":"Gather Gold","floor":14.0,"gold_loss":0.0,"damage_taken":11.0},{"damage_healed":0.0,"max_hp_gain":0.0,"max_hp_loss":28.0,"gold_gain":0.0,"event_name":"Vampires","player_choice":"Became a vampire","floor":24.0,"gold_loss":0.0,"damage_taken":0.0,"cards_obtained":["Bite","Bite","Bite","Bite","Bite"]},{"damage_healed":0,"gold_gain":0,"player_choice":"Upgraded","damage_taken":0,"max_hp_gain":0,"max_hp_loss":0,"event_name":"Upgrade Shrine","floor":28,"gold_loss":0,"cards_upgraded":["Bite"]}],"is_beta":false,"boss_relics":[{"not_picked":["White Beast Statue","Ectoplasm"],"picked":"Astrolabe"},{"not_picked":["Coffee Dripper","Eternal Feather"],"picked":"Black Blood"}],"items_purged_floors":[],"is_endless":false,"potions_floor_spawned":[1,4,25,27],"killed_by":"Nemesis","ascension_level":3}