{"gold_per_floor":[11,11,31,49,66,101,101,126,126,126,126,145,145,132,132,132],"floor_reached":16,"playtime":623,"items_purged":[],"score":146,"play_id":"72ebbf31-ca20-441b-9c3e-5dbd9bbab623","local_time":"20190309141123","is_ascension_mode":true,"campfire_choices":[{"data":"Demon Form","floor":7.0,"key":"SMITH"},{"floor":11.0,"key":"REST"},{"data":"Barricade","floor":15.0,"key":"SMITH"}],"neow_cost":"NO_GOLD","seed_source_timestamp":7688364234512,"circlet_count":0,"master_deck":["Strike_R","Strike_R","Strike_R","Strike_R","Strike_R","Defend_R","Defend_R","Defend_R+1","Defend_R+1","Bash","Demon Form+1","True Grit","Armaments","Spot Weakness","Spot Weakness","Barricade+1","Trip","Shrug It Off"],"special_seed":0,"relics":["Burning Blood","GremlinMask","Gremlin Horn","PreservedInsect","Blue Candle"],"potions_floor_usage":[],"damage_taken":[{"damage":7.0,"enemies":"Small Slimes","floor":1.0,"turns":4.0},{"damage":1.0,"enemies":"Cultist","floor":3.0,"turns":6.0},{"damage":4.0,"enemies":"2 Louse","floor":4.0,"turns":5.0},{"damage":0.0,"enemies":"2 Fungi Beasts","floor":5.0,"turns":7.0},{"damage":48.0,"enemies":"Gremlin Nob","floor":6.0,"turns":5.0},{"damage":16.0,"enemies":"Lagavulin","floor":8.0,"turns":7.0},{"damage":3.0,"enemies":"Red Slaver","floor":12.0,"turns":4.0},{"damage":15.0,"enemies":"Exordium Thugs","floor":14.0,"turns":5.0},{"damage":28,"enemies":"The Guardian","floor":16,"turns":7}],"seed_played":"-5515649769469173700","potions_obtained":[{"floor":1.0,"key":"SteroidPotion"},{"floor":5.0,"key":"Ancient Potion"}],"is_trial":false,"path_per_floor":["M","?","M","M","M","E","R","E","T","?","R","M","?","M","R","B"],"character_chosen":"IRONCLAD","items_purchased":[],"campfire_rested":1,"item_purchase_floors":[],"current_hp_per_floor":[71,71,76,78,80,38,38,28,28,12,36,39,39,30,30,2],"gold":132,"neow_bonus":"THREE_RARE_CARDS","is_prod":false,"is_daily":false,"chose_seed":false,"campfire_upgraded":2,"win_rate":0,"timestamp":1552111883,"path_taken":["M","?","?","M","M","E","R","E","T","?","R","M","?","M","R","BOSS"],"build_version":"2019-01-23","purchased_purges":0,"victory":false,"max_hp_per_floor":[80,80,80,80,80,80,80,80,80,80,80,80,80,80,80,80],"card_choices":[{"not_picked":["Bludgeon","Dark Embrace"],"picked":"Demon Form","floor":0.0},{"not_picked":["Dual Wield","Clothesline"],"picked":"True Grit","floor":1.0},{"not_picked":["Clothesline","Anger","Sword Boomerang"],"picked":"SKIP","floor":3.0},{"not_picked":["Rage","Body Slam"],"picked":"Armaments","floor":4.0},{"not_picked":["Pommel Strike","Battle Trance","Perfected Strike"],"picked":"SKIP","floor":5.0},{"not_picked":["Heavy Blade","Clash"],"picked":"Spot Weakness","floor":6.0},{"not_picked":["Shrug It Off","Warcry"],"picked":"Spot Weakness","floor":8.0},{"not_picked":["Shockwave","Clothesline"],"picked":"Barricade","floor":12.0},{"not_picked":["Pommel Strike","Infernal Blade"],"picked":"Shrug It Off","floor":14.0}],"player_experience":265173,"relics_obtained":[{"floor":6.0,"key":"Gremlin Horn"},{"floor":8.0,"key":"PreservedInsect"},{"floor":9.0,"key":"Blue Candle"}],"event_choices":[{"damage_healed":0.0,"max_hp_gain":0.0,"max_hp_loss":0.0,"gold_gain":0.0,"event_name":"FaceTrader","player_choice":"Trade","floor":2.0,"gold_loss":0.0,"damage_taken":0.0,"relics_obtained":["GremlinMask"]},{"damage_healed":0.0,"max_hp_gain":0.0,"max_hp_loss":0.0,"gold_gain":0.0,"event_name":"Shining Light","player_choice":"Entered Light","floor":10.0,"gold_loss":0.0,"damage_taken":16.0,"cards_upgraded":["Defend_R","Defend_R"]},{"damage_healed":0.0,"max_hp_gain":0.0,"max_hp_loss":0.0,"gold_gain":0.0,"event_name":"Match and Keep!","player_choice":"1 cards matched","floor":13.0,"gold_loss":0.0,"damage_taken":0.0,"cards_obtained":["Trip"]}],"is_beta":false,"boss_relics":[],"items_purged_floors":[],"is_endless":false,"potions_floor_spawned":[1,5],"killed_by":"The Guardian","ascension_level":6}