{"gold_per_floor":[118,20,20,39,39,39,55,55,107,107,184,204,204,243,243,372,372,385,400,400,415,226,226,244,259,259,294,135,148,148],"floor_reached":30,"playtime":1407,"items_purged":[],"score":445,"play_id":"aa328bdd-39a6-4d83-8e43-88be7ff69081","local_time":"20190315212048","is_ascension_mode":true,"campfire_choices":[{"data":"Noxious Fumes","floor":6.0,"key":"SMITH"},{"data":"Footwork","floor":10.0,"key":"SMITH"},{"floor":13.0,"key":"REST"},{"data":"Neutralize","floor":15.0,"key":"SMITH"},{"floor":23.0,"key":"REST"}],"neow_cost":"NONE","seed_source_timestamp":23934587977100,"circlet_count":0,"master_deck":["Defend_G","Defend_G","Defend_G","Defend_G","Defend_G","Strike_G","Strike_G","Strike_G","Strike_G","Survivor","Neutralize+1","Corpse Explosion+1","Noxious Fumes+1","Footwork+1","Bane+1","PiercingWail","PiercingWail","Blur","Tools of the Trade","Blur","PiercingWail+1","Mayhem","Infinite Blades+1","PiercingWail","Footwork","Bandage Up","Leg Sweep"],"special_seed":0,"relics":["Ring of the Snake","Golden Idol","Potion Belt","Dream Catcher","Ninja Scroll","Calipers","Empty Cage","Pen Nib","Meat on the Bone","Ornamental Fan"],"potions_floor_usage":[],"damage_taken":[{"damage":1.0,"enemies":"Jaw Worm","floor":1.0,"turns":7.0},{"damage":0.0,"enemies":"2 Louse","floor":4.0,"turns":2.0},{"damage":12.0,"enemies":"Small Slimes","floor":7.0,"turns":4.0},{"damage":0.0,"enemies":"Looter","floor":12.0,"turns":4.0},{"damage":4.0,"enemies":"Lagavulin","floor":14.0,"turns":7.0},{"damage":0.0,"enemies":"The Guardian","floor":16.0,"turns":9.0},{"damage":15.0,"enemies":"Chosen","floor":18.0,"turns":7.0},{"damage":0.0,"enemies":"Shell Parasite","floor":19.0,"turns":6.0},{"damage":12.0,"enemies":"Snake Plant","floor":21.0,"turns":5.0},{"damage":6.0,"enemies":"Snecko","floor":24.0,"turns":7.0},{"damage":25.0,"enemies":"Sentry and Sphere","floor":25.0,"turns":7.0},{"damage":14.0,"enemies":"Slavers","floor":27.0,"turns":4.0},{"damage":20,"enemies":"Chosen and Byrds","floor":29,"turns":8},{"damage":32,"enemies":"Cultist and Chosen","floor":30,"turns":6}],"seed_played":"-5195538393046124014","potions_obtained":[{"floor":12.0,"key":"Regen Potion"},{"floor":16.0,"key":"LiquidBronze"},{"floor":18.0,"key":"PowerPotion"},{"floor":21.0,"key":"Fire Potion"},{"floor":24.0,"key":"Swift Potion"},{"floor":25.0,"key":"GhostInAJar"}],"is_trial":false,"path_per_floor":["M","$","?","M","?","R","M","?","T","R","T","M","R","E","R","B",null,"M","M","?","M","$","R","M","M","T","E","$","M","M"],"character_chosen":"THE_SILENT","items_purchased":["Footwork","Bane","Mayhem","Footwork","Bandage Up"],"campfire_rested":2,"item_purchase_floors":[2,2,22,28,28],"current_hp_per_floor":[62,62,62,62,55,55,43,29,29,29,29,29,50,61,61,61,68,53,53,53,41,41,62,56,31,31,29,29,25,0],"gold":148,"neow_bonus":"ONE_RANDOM_RARE_CARD","is_prod":false,"is_daily":false,"chose_seed":false,"campfire_upgraded":3,"win_rate":0,"timestamp":1552656048,"path_taken":["M","$","?","M","?","R","M","?","T","R","?","M","R","E","R","BOSS","M","M","?","M","$","R","M","M","T","E","$","M","M"],"build_version":"2019-01-23","purchased_purges":0,"victory":false,"max_hp_per_floor":[70,70,70,70,70,70,70,70,70,70,70,70,70,70,70,70,70,70,70,70,70,70,70,70,70,70,70,70,70,70],"card_choices":[{"not_picked":["Acrobatics","Prepared"],"picked":"Noxious Fumes","floor":1.0},{"not_picked":["Reflex","Sucker Punch","Prepared"],"picked":"SKIP","floor":4.0},{"not_picked":["Tactician","Acrobatics"],"picked":"PiercingWail","floor":7.0},{"not_picked":["Accuracy","Outmaneuver","Phantasmal Killer"],"picked":"SKIP","floor":12.0},{"not_picked":["Deflect","Predator"],"picked":"PiercingWail","floor":13.0},{"not_picked":["Choke","Prepared"],"picked":"Blur","floor":14.0},{"not_picked":["Night Terror","Die Die Die"],"picked":"Tools of the Trade","floor":16.0},{"not_picked":["Quick Slash+1","Dodge and Roll"],"picked":"Blur","floor":18.0},{"not_picked":["Riddle With Holes+1","Choke+1"],"picked":"PiercingWail+1","floor":19.0},{"not_picked":["Underhanded Strike","Dagger Throw+1","Eviscerate+1"],"picked":"SKIP","floor":21.0},{"not_picked":["Sucker Punch","Prepared"],"picked":"Infinite Blades+1","floor":23.0},{"not_picked":["Poisoned Stab","Acrobatics","Prepared"],"picked":"SKIP","floor":24.0},{"not_picked":["Setup","Sucker Punch","Heel Hook+1"],"picked":"SKIP","floor":25.0},{"not_picked":["Deadly Poison","Expertise"],"picked":"PiercingWail","floor":27.0},{"not_picked":["Underhanded Strike","Dagger Throw"],"picked":"Leg Sweep","floor":29}],"player_experience":311621,"relics_obtained":[{"floor":9.0,"key":"Dream Catcher"},{"floor":11.0,"key":"Ninja Scroll"},{"floor":14.0,"key":"Calipers"},{"floor":26.0,"key":"Meat on the Bone"},{"floor":27.0,"key":"Ornamental Fan"}],"event_choices":[{"damage_healed":0.0,"max_hp_gain":0.0,"max_hp_loss":0.0,"gold_gain":0.0,"event_name":"Golden Idol","player_choice":"Take Wound","floor":3.0,"gold_loss":0.0,"damage_taken":0.0,"relics_obtained":["Golden Idol"],"cards_obtained":["Injury"]},{"damage_healed":0.0,"max_hp_gain":0.0,"max_hp_loss":0.0,"gold_gain":0.0,"event_name":"Scrap Ooze","player_choice":"Success","floor":5.0,"gold_loss":0.0,"damage_taken":7.0,"relics_obtained":["Potion Belt"]},{"damage_healed":0.0,"max_hp_gain":0.0,"max_hp_loss":0.0,"gold_gain":0.0,"event_name":"Shining Light","player_choice":"Entered Light","floor":8.0,"gold_loss":0.0,"damage_taken":14.0,"cards_upgraded":["Bane","Corpse Explosion"]},{"damage_healed":0.0,"max_hp_gain":0.0,"max_hp_loss":0.0,"gold_gain":0.0,"event_name":"The Mausoleum","player_choice":"Opened","floor":20.0,"gold_loss":0.0,"damage_taken":0.0,"relics_obtained":["Pen Nib"]}],"is_beta":false,"boss_relics":[{"not_picked":["Runic Dome","Tiny House"],"picked":"Empty Cage"}],"items_purged_floors":[],"is_endless":false,"potions_floor_spawned":[12,16,18,21,24,25],"killed_by":"Cultist and Chosen","ascension_level":8}