{"gold_per_floor":[112,132,112,125,137,137,163,163,163,183,209,118,131,96,96,96],"floor_reached":16,"playtime":558,"items_purged":[],"score":146,"play_id":"4a59a98f-9617-4d7a-8764-16d5ff29a7ae","local_time":"20190324010350","is_ascension_mode":true,"campfire_choices":[{"data":"Whirlwind","floor":6.0,"key":"SMITH"},{"floor":8.0,"key":"REST"},{"data":"Bash","floor":15,"key":"SMITH"}],"neow_cost":"NONE","seed_source_timestamp":347197126189205,"circlet_count":0,"master_deck":["Strike_R","Strike_R","Strike_R","Strike_R","Defend_R","Defend_R","Defend_R","Defend_R","Bash+1","Headbutt","Whirlwind+1","Flex","Flex","Dramatic Entrance","Body Slam"],"special_seed":0,"relics":["Burning Blood","Anchor","Bottled Lightning","Letter Opener"],"potions_floor_usage":[16],"damage_taken":[{"damage":8.0,"enemies":"Jaw Worm","floor":1.0,"turns":4.0},{"damage":9.0,"enemies":"Cultist","floor":2.0,"turns":5.0},{"damage":9.0,"enemies":"Small Slimes","floor":4.0,"turns":6.0},{"damage":16.0,"enemies":"Looter","floor":5.0,"turns":5.0},{"damage":43.0,"enemies":"Lagavulin","floor":7.0,"turns":8.0},{"damage":0.0,"enemies":"Exordium Wildlife","floor":10.0,"turns":3.0},{"damage":10,"enemies":"3 Sentries","floor":11,"turns":4},{"damage":3,"enemies":"Large Slime","floor":13,"turns":3},{"damage":78,"enemies":"Hexaghost","floor":16,"turns":9}],"seed_played":"-5245046433108000265","potions_obtained":[{"floor":1.0,"key":"Poison Potion"},{"floor":2.0,"key":"Block Potion"},{"floor":3.0,"key":"Regen Potion"},{"floor":7.0,"key":"Block Potion"},{"floor":13,"key":"Ancient Potion"}],"is_trial":false,"path_per_floor":["M","M","?","M","M","R","E","R","T","M","E","$","M","?","R","B"],"character_chosen":"IRONCLAD","items_purchased":["Dramatic Entrance"],"campfire_rested":1,"item_purchase_floors":[12],"current_hp_per_floor":[70,67,67,76,66,66,29,53,53,59,55,55,58,78,78,0],"gold":96,"neow_bonus":"REMOVE_CARD","is_prod":false,"is_daily":false,"chose_seed":false,"campfire_upgraded":2,"win_rate":0,"timestamp":1553385830,"path_taken":["M","M","?","M","?","R","E","R","T","M","E","$","M","?","R","BOSS"],"build_version":"2019-01-23","purchased_purges":0,"victory":false,"max_hp_per_floor":[80,80,80,80,80,80,80,80,80,80,80,80,80,80,80,80],"card_choices":[{"not_picked":["Sever Soul","Clash","Sword Boomerang"],"picked":"SKIP","floor":1.0},{"not_picked":["Sever Soul","Rage","Cleave"],"picked":"SKIP","floor":2.0},{"not_picked":["Anger","Shockwave"],"picked":"Headbutt","floor":4.0},{"not_picked":["Blood for Blood","Second Wind"],"picked":"Whirlwind","floor":5.0},{"not_picked":["Cleave","Berserk","Thunderclap"],"picked":"SKIP","floor":7.0},{"not_picked":["Wild Strike","Pommel Strike"],"picked":"Flex","floor":10.0},{"not_picked":["Perfected Strike","True Grit"],"picked":"Flex","floor":11},{"not_picked":["Wild Strike","Warcry"],"picked":"Body Slam","floor":13}],"player_experience":389415,"relics_obtained":[{"floor":7.0,"key":"Anchor"},{"floor":9.0,"key":"Bottled Lightning"},{"floor":11,"key":"Letter Opener"}],"event_choices":[{"damage_healed":0.0,"max_hp_gain":0.0,"max_hp_loss":0.0,"gold_gain":0.0,"event_name":"The Woman in Blue","player_choice":"Bought 1 Potion","floor":3.0,"gold_loss":0.0,"damage_taken":0.0},{"damage_healed":20,"gold_gain":0,"player_choice":"Healed","damage_taken":0,"max_hp_gain":0,"max_hp_loss":0,"event_name":"The Cleric","floor":14,"gold_loss":35}],"is_beta":false,"boss_relics":[],"items_purged_floors":[],"is_endless":false,"potions_floor_spawned":[1,2,7,13],"killed_by":"Hexaghost","ascension_level":6}