{"gold_per_floor":[119,31,31,31,42,60,60,79,79,91,111,111,139,159,159,259,259,276,375,393,105,117,147,147,147],"floor_reached":25,"playtime":723,"items_purged":[],"score":225,"play_id":"0b828718-2b15-4d3c-8f2b-88f278184f08","local_time":"20190310214559","is_ascension_mode":false,"campfire_choices":[{"data":"Whirlwind","floor":7,"key":"SMITH"},{"data":"Cleave","floor":12,"key":"SMITH"},{"data":"Thunderclap","floor":15,"key":"SMITH"},{"data":"Reaper","floor":24,"key":"SMITH"}],"neow_cost":"","seed_source_timestamp":1314862323996,"circlet_count":0,"master_deck":["Strike_R","Strike_R","Strike_R+1","Strike_R","Strike_R","Defend_R","Defend_R","Defend_R","Defend_R","Bash","Clothesline+1","Flash of Steel","Panacea","Whirlwind+1","Infernal Blade","Cleave+1","Clash","Infernal Blade","Thunderclap+1","Reaper+1","Thunderclap","Inflame","Clash","Fire Breathing","Uppercut+1"],"relics":["Burning Blood","Oddly Smooth Stone","Paper Frog","Eternal Feather","Regal Pillow","Bag of Marbles"],"potions_floor_usage":[8,13,22],"damage_taken":[{"damage":0,"enemies":"2 Louse","floor":1,"turns":4},{"damage":0,"enemies":"Cultist","floor":5,"turns":3},{"damage":3,"enemies":"Jaw Worm","floor":6,"turns":3},{"damage":1,"enemies":"2 Fungi Beasts","floor":8,"turns":2},{"damage":3,"enemies":"Blue Slaver","floor":10,"turns":4},{"damage":8,"enemies":"Lots of Slimes","floor":11,"turns":2},{"damage":18,"enemies":"Lagavulin","floor":13,"turns":3},{"damage":0,"enemies":"Looter","floor":14,"turns":1},{"damage":59,"enemies":"The Guardian","floor":16,"turns":9},{"damage":22,"enemies":"Shell Parasite","floor":18,"turns":4},{"damage":33,"enemies":"2 Thieves","floor":20,"turns":3},{"damage":12,"enemies":"Cultist and Chosen","floor":22,"turns":4},{"damage":39,"enemies":"Slavers","floor":23,"turns":4},{"damage":41,"enemies":"Book of Stabbing","floor":25,"turns":5}],"seed_played":"-34092199536393877","potions_obtained":[{"floor":1,"key":"FearPotion"},{"floor":6,"key":"Ancient Potion"},{"floor":11,"key":"Explosive Potion"},{"floor":13,"key":"Weak Potion"},{"floor":16,"key":"SpeedPotion"},{"floor":23,"key":"Ancient Potion"}],"is_trial":false,"path_per_floor":["M","$","?","?","M","M","R","M","T","M","M","R","E","M","R","B",null,"M","?","M","$","M","E","R","E"],"character_chosen":"IRONCLAD","items_purchased":["Flash of Steel","Clash","Regal Pillow","Fire Breathing"],"campfire_rested":0,"item_purchase_floors":[2,21,21,21],"current_hp_per_floor":[80,80,64,64,70,73,73,78,78,80,78,78,66,72,72,19,80,64,64,51,51,45,24,39,0],"gold":147,"neow_bonus":"","is_prod":false,"is_daily":false,"chose_seed":false,"campfire_upgraded":4,"win_rate":0,"timestamp":1552225559,"path_taken":["M","$","?","?","M","M","R","M","T","?","M","R","E","M","R","BOSS","M","?","M","$","M","E","R","E"],"build_version":"2019-01-23","purchased_purges":0,"victory":false,"max_hp_per_floor":[80,80,80,80,80,80,80,80,80,80,80,80,80,80,80,80,80,80,80,80,80,80,80,80,80],"card_choices":[{"not_picked":["Headbutt","Dual Wield"],"picked":"Clothesline","floor":1},{"not_picked":["Uppercut","Inflame"],"picked":"Whirlwind","floor":5},{"not_picked":["Corruption","Sword Boomerang"],"picked":"Infernal Blade","floor":6},{"not_picked":["Flex","Shrug It Off"],"picked":"Cleave","floor":8},{"not_picked":["Power Through","Rupture"],"picked":"Clash","floor":10},{"not_picked":["Armaments","True Grit"],"picked":"Infernal Blade","floor":11},{"not_picked":["Berserk","Pommel Strike"],"picked":"Thunderclap","floor":13},{"not_picked":["Armaments","Twin Strike","Iron Wave"],"picked":"SKIP","floor":14},{"not_picked":["Juggernaut","Demon Form"],"picked":"Reaper","floor":16},{"not_picked":["Twin Strike","Pommel Strike"],"picked":"Thunderclap","floor":18},{"not_picked":["Intimidate","Body Slam"],"picked":"Inflame","floor":20},{"not_picked":["Armaments","Anger"],"picked":"Uppercut+1","floor":22},{"not_picked":["Perfected Strike","Offering","Dual Wield"],"picked":"SKIP","floor":23}],"player_experience":275063,"relics_obtained":[{"floor":9,"key":"Oddly Smooth Stone"},{"floor":13,"key":"Paper Frog"},{"floor":23,"key":"Bag of Marbles"}],"event_choices":[{"damage_healed":0,"gold_gain":0,"player_choice":"Entered Light","damage_taken":16,"max_hp_gain":0,"max_hp_loss":0,"event_name":"Shining Light","floor":3,"gold_loss":0,"cards_upgraded":["Clothesline","Strike_R"]},{"damage_healed":0,"gold_gain":0,"player_choice":"1 cards matched","damage_taken":0,"max_hp_gain":0,"max_hp_loss":0,"event_name":"Match and Keep!","floor":4,"gold_loss":0,"cards_obtained":["Panacea"]},{"damage_healed":0,"gold_gain":99,"player_choice":"Stole From Cult","damage_taken":0,"max_hp_gain":0,"max_hp_loss":0,"event_name":"Nest","floor":19,"gold_loss":0}],"is_beta":false,"boss_relics":[{"not_picked":["Black Blood","Calling Bell"],"picked":"Eternal Feather"}],"items_purged_floors":[],"is_endless":false,"potions_floor_spawned":[1,6,11,13,16,20,23],"killed_by":"Book of Stabbing","ascension_level":0}