{"gold_per_floor":[115,65,65,78,92,92,92,110,189,41,41],"floor_reached":11,"playtime":302,"items_purged":[],"score":63,"play_id":"c8692813-25e5-45ae-b23e-92e73bda2a99","local_time":"20190325143003","is_ascension_mode":false,"campfire_choices":[{"data":"Chaos","floor":6,"key":"SMITH"}],"neow_cost":"NONE","seed_source_timestamp":482249181604795,"circlet_count":0,"master_deck":["Strike_B","Strike_B","Strike_B","Defend_B","Defend_B","Defend_B","Defend_B","Zap","Dualcast","Forethought","Chaos+1","Rebound","Ball Lightning","Parasite","Core Surge"],"relics":["Cracked Core","Pear","Orichalcum"],"potions_floor_usage":[],"damage_taken":[{"damage":0,"enemies":"Small Slimes","floor":1,"turns":3},{"damage":6,"enemies":"Jaw Worm","floor":4,"turns":3},{"damage":0,"enemies":"2 Louse","floor":5,"turns":2},{"damage":5,"enemies":"Blue Slaver","floor":8,"turns":4},{"damage":0,"enemies":"3 Sentries","floor":11,"turns":1}],"seed_played":"6772899946467881498","potions_obtained":[{"floor":5,"key":"PowerPotion"}],"is_trial":false,"path_per_floor":["M","?","$","M","M","R","?","M","T","$","E"],"character_chosen":"DEFECT","items_purchased":["Orichalcum"],"campfire_rested":0,"item_purchase_floors":[10],"current_hp_per_floor":[75,75,75,69,69,69,75,70,80,80,80],"gold":41,"neow_bonus":"RANDOM_COLORLESS","is_prod":false,"is_daily":false,"chose_seed":false,"campfire_upgraded":1,"win_rate":0,"timestamp":1553520603,"path_taken":["M","?","$","M","M","R","?","M","T","$","E"],"build_version":"2019-01-23","purchased_purges":0,"victory":false,"max_hp_per_floor":[75,75,75,75,75,75,75,75,85,85,85],"card_choices":[{"not_picked":["Blizzard","Barrage"],"picked":"Chaos","floor":1},{"not_picked":["Cold Snap","Recycle"],"picked":"Rebound","floor":4},{"not_picked":["Recycle","Turbo"],"picked":"Ball Lightning","floor":5},{"not_picked":["Barrage","Force Field"],"picked":"Core Surge","floor":8}],"player_experience":419362,"relics_obtained":[{"floor":9,"key":"Pear"}],"event_choices":[{"cards_removed":["Strike_B"],"damage_healed":0,"gold_gain":0,"player_choice":"Card Removal","damage_taken":0,"max_hp_gain":0,"max_hp_loss":0,"event_name":"The Cleric","floor":2,"gold_loss":50},{"damage_healed":18,"gold_gain":0,"player_choice":"Healed and dodged fight","damage_taken":0,"max_hp_gain":0,"max_hp_loss":0,"event_name":"Mushrooms","floor":7,"gold_loss":0,"cards_obtained":["Parasite"]}],"is_beta":false,"boss_relics":[],"items_purged_floors":[],"is_endless":false,"potions_floor_spawned":[5],"killed_by":"3 Sentries","ascension_level":0}