{"gold_per_floor":[118,118,134,144,144,185,204,13,89,89],"floor_reached":10,"playtime":1438,"items_purged":[],"score":78,"play_id":"52eaf923-2d6d-435b-89aa-f3f39398fa72","local_time":"20190228011007","is_ascension_mode":true,"campfire_choices":[],"neow_cost":"NONE","seed_source_timestamp":45122405280985,"circlet_count":0,"master_deck":["Defend_G","Defend_G","Defend_G","Defend_G","Defend_G","Strike_G","Strike_G","Strike_G","Strike_G","Strike_G","Survivor","Neutralize+1","Distraction","Slice","Deadly Poison","Injury","Deadly Poison","Bane"],"special_seed":0,"relics":["Ring of the Snake","NeowsBlessing","Golden Idol","Mango","TwistedFunnel","Mercury Hourglass"],"potions_floor_usage":[],"damage_taken":[{"damage":0.0,"enemies":"Small Slimes","floor":1.0,"turns":1.0},{"damage":0.0,"enemies":"2 Louse","floor":3.0,"turns":1.0},{"damage":0.0,"enemies":"Cultist","floor":4.0,"turns":1.0},{"damage":64.0,"enemies":"Gremlin Nob","floor":6.0,"turns":7.0},{"damage":7.0,"enemies":"3 Louse","floor":7.0,"turns":4.0},{"damage":15,"enemies":"Lagavulin","floor":10,"turns":3}],"seed_played":"-6804910688105247496","potions_obtained":[{"floor":1.0,"key":"SneckoOil"},{"floor":4.0,"key":"Energy Potion"}],"is_trial":false,"path_per_floor":["M","?","M","M","?","E","M","$","T","E"],"character_chosen":"THE_SILENT","items_purchased":["TwistedFunnel"],"campfire_rested":0,"item_purchase_floors":[8],"current_hp_per_floor":[70,70,70,70,70,20,13,13,13,0],"gold":89,"neow_bonus":"THREE_ENEMY_KILL","is_prod":false,"is_daily":false,"chose_seed":false,"campfire_upgraded":0,"win_rate":0,"timestamp":1551287407,"path_taken":["M","?","M","M","?","E","M","$","T","E"],"build_version":"2019-01-23","purchased_purges":0,"victory":false,"max_hp_per_floor":[70,70,70,70,70,84,84,84,84,84],"card_choices":[{"not_picked":["Accuracy","Setup"],"picked":"Distraction","floor":1.0},{"not_picked":["Dagger Throw","Poisoned Stab"],"picked":"Slice","floor":3.0},{"not_picked":["Sucker Punch","Dodge and Roll"],"picked":"Deadly Poison","floor":4.0},{"not_picked":["Dagger Throw","Expertise"],"picked":"Deadly Poison","floor":6.0},{"not_picked":["Quick Slash","Predator"],"picked":"Bane","floor":7.0}],"player_experience":208645,"relics_obtained":[{"floor":6.0,"key":"Mango"},{"floor":9.0,"key":"Mercury Hourglass"}],"event_choices":[{"damage_healed":0.0,"max_hp_gain":0.0,"max_hp_loss":0.0,"gold_gain":0.0,"event_name":"Living Wall","player_choice":"Grow","floor":2.0,"gold_loss":0.0,"damage_taken":0.0,"cards_upgraded":["Neutralize"]},{"damage_healed":0.0,"max_hp_gain":0.0,"max_hp_loss":0.0,"gold_gain":0.0,"event_name":"Golden Idol","player_choice":"Take Wound","floor":5.0,"gold_loss":0.0,"damage_taken":0.0,"relics_obtained":["Golden Idol"],"cards_obtained":["Injury"]}],"is_beta":false,"boss_relics":[],"items_purged_floors":[],"is_endless":false,"potions_floor_spawned":[1,4],"killed_by":"Lagavulin","ascension_level":3}