{"gold_per_floor":[113,123,140,152,169,201,201,231,231,263,263,263,277,297,297,401,401,419,67,167,180,198,231,231,256,327,327,342,353,365,377,377,377],"floor_reached":33,"playtime":2269,"items_purged":["Strike_R"],"score":329,"play_id":"28fa3def-6220-4576-bdc2-5c7182ec6bb3","local_time":"20181125084633","is_ascension_mode":true,"campfire_choices":[{"data":"Double Tap","floor":7,"key":"SMITH"},{"data":"Armaments","floor":11,"key":"SMITH"},{"data":"Armaments","floor":15,"key":"SMITH"},{"data":"Feed","floor":24,"key":"SMITH"},{"data":"Demon Form","floor":27,"key":"SMITH"},{"data":"Berserk","floor":32,"key":"SMITH"}],"neow_cost":"TEN_PERCENT_HP_LOSS","seed_source_timestamp":7967135826450,"circlet_count":0,"master_deck":["Strike_R","Strike_R","Strike_R","Strike_R","Defend_R","Defend_R","Defend_R","Defend_R","Bash","Demon Form+1","Perfected Strike","Armaments+1","Searing Blow","Perfected Strike","Twin Strike","Double Tap+1","Armaments+1","Anger","Perfected Strike","Reaper","Berserk+1","Cleave","Twin Strike","Cleave","Anger","Feed+1","Rage+1","Clothesline","Armaments+1","Twin Strike","Dropkick"],"relics":["Burning Blood","Red Skull","Ancient Tea Set","Thread and Needle","Pocketwatch","Mark of Pain","Dodecahedron","StoneCalendar","Letter Opener","Bottled Tornado"],"potions_floor_usage":[4,21,22,28,33],"damage_taken":[{"damage":3,"enemies":"Jaw Worm","floor":1,"turns":4},{"damage":1,"enemies":"Cultist","floor":2,"turns":3},{"damage":0,"enemies":"2 Louse","floor":3,"turns":4},{"damage":0,"enemies":"Gremlin Gang","floor":4,"turns":3},{"damage":12,"enemies":"2 Fungi Beasts","floor":5,"turns":3},{"damage":34,"enemies":"Gremlin Nob","floor":6,"turns":5},{"damage":10,"enemies":"Lagavulin","floor":8,"turns":5},{"damage":15,"enemies":"3 Sentries","floor":10,"turns":5},{"damage":0,"enemies":"Exordium Wildlife","floor":13,"turns":2},{"damage":0,"enemies":"Lots of Slimes","floor":14,"turns":4},{"damage":24,"enemies":"The Guardian","floor":16,"turns":8},{"damage":1,"enemies":"Chosen","floor":18,"turns":2},{"damage":0,"enemies":"Shell Parasite","floor":21,"turns":3},{"damage":0,"enemies":"Cultist and Chosen","floor":22,"turns":4},{"damage":27,"enemies":"Book of Stabbing","floor":23,"turns":4},{"damage":38,"enemies":"Gremlin Leader","floor":25,"turns":7},{"damage":1,"enemies":"Sentry and Sphere","floor":28,"turns":3},{"damage":4,"enemies":"3 Cultists","floor":29,"turns":4},{"damage":6,"enemies":"Chosen and Byrds","floor":30,"turns":4},{"damage":3,"enemies":"Centurion and Healer","floor":31,"turns":4},{"damage":87,"enemies":"Automaton","floor":33,"turns":6}],"seed_played":"6825702300043978172","potions_obtained":[{"floor":1,"key":"Explosive Potion"},{"floor":4,"key":"Swift Potion"},{"floor":8,"key":"Weak Potion"},{"floor":10,"key":"Ancient Potion"},{"floor":14,"key":"Strength Potion"},{"floor":16,"key":"EssenceOfSteel"},{"floor":23,"key":"Energy Potion"},{"floor":30,"key":"Dexterity Potion"}],"is_trial":false,"path_per_floor":["M","M","M","M","M","E","R","E","T","E","R","?","M","M","R","B",null,"M","$","?","M","M","E","R","E","T","R","M","M","M","M","R","B"],"character_chosen":"IRONCLAD","items_purchased":["Twin Strike","Dodecahedron"],"campfire_rested":0,"item_purchase_floors":[19,19],"current_hp_per_floor":[72,72,72,72,66,38,38,34,34,25,25,25,31,37,37,24,72,72,72,72,72,72,51,51,39,39,39,48,54,76,76,76,0],"gold":377,"neow_bonus":"THREE_RARE_CARDS","is_prod":false,"is_daily":false,"chose_seed":false,"campfire_upgraded":6,"win_rate":0,"timestamp":1543103193,"path_taken":["M","M","M","M","M","E","R","E","T","E","R","?","M","M","R","BOSS","M","$","?","M","M","E","R","E","T","R","M","M","M","M","R","BOSS"],"build_version":"2018-11-15","purchased_purges":1,"victory":false,"max_hp_per_floor":[72,72,72,72,72,72,72,72,72,72,72,72,72,72,72,72,72,72,72,72,72,72,72,72,72,72,72,72,76,76,76,76,76],"card_choices":[{"not_picked":["Limit Break","Fiend Fire"],"picked":"Demon Form","floor":0},{"not_picked":["Blood for Blood","Clash"],"picked":"Perfected Strike","floor":1},{"not_picked":["Shrug It Off","Disarm"],"picked":"Armaments","floor":2},{"not_picked":["Ghostly Armor","Reckless Charge"],"picked":"Searing Blow","floor":3},{"not_picked":["Rage","Infernal Blade"],"picked":"Perfected Strike","floor":4},{"not_picked":["Heavy Blade","Pommel Strike"],"picked":"Twin Strike","floor":5},{"not_picked":["Power Through","Reckless Charge"],"picked":"Double Tap","floor":6},{"not_picked":["Metallicize","Flame Barrier"],"picked":"Armaments","floor":8},{"not_picked":["Warcry","Power Through"],"picked":"Anger","floor":10},{"not_picked":["Iron Wave","Shrug It Off"],"picked":"Perfected Strike","floor":13},{"not_picked":["Shrug It Off","Twin Strike"],"picked":"Reaper","floor":14},{"not_picked":["Offering","Dark Embrace"],"picked":"Berserk","floor":16},{"not_picked":["Thunderclap","Sword Boomerang"],"picked":"Cleave","floor":18},{"not_picked":["Flex","Sword Boomerang"],"picked":"Cleave","floor":21},{"not_picked":["Barricade","Iron Wave+1"],"picked":"Anger","floor":22},{"not_picked":["Double Tap","Thunderclap"],"picked":"Feed","floor":23},{"not_picked":["Shockwave+1","Warcry"],"picked":"Rage+1","floor":25},{"not_picked":["Ghostly Armor","True Grit"],"picked":"Clothesline","floor":28},{"not_picked":["Rage","Warcry"],"picked":"Armaments+1","floor":29},{"not_picked":["Reckless Charge","True Grit"],"picked":"Twin Strike","floor":30},{"not_picked":["Shrug It Off","Iron Wave"],"picked":"Dropkick","floor":31}],"player_experience":58070,"relics_obtained":[{"floor":6,"key":"Red Skull"},{"floor":8,"key":"Ancient Tea Set"},{"floor":9,"key":"Thread and Needle"},{"floor":10,"key":"Pocketwatch"},{"floor":23,"key":"StoneCalendar"},{"floor":25,"key":"Letter Opener"},{"floor":26,"key":"Bottled Tornado"}],"event_choices":[{"damage_healed":0,"gold_gain":0,"player_choice":"0 cards matched","damage_taken":0,"max_hp_gain":0,"max_hp_loss":0,"event_name":"Match and Keep!","floor":12,"gold_loss":0,"cards_obtained":[]},{"damage_healed":0,"gold_gain":100,"player_choice":"Pray","damage_taken":0,"max_hp_gain":0,"max_hp_loss":0,"event_name":"Golden Shrine","floor":20,"gold_loss":0}],"is_beta":false,"boss_relics":[{"not_picked":["Empty Cage","Calling Bell"],"picked":"Mark of Pain"}],"items_purged_floors":[19],"is_endless":false,"potions_floor_spawned":[1,4,8,10,14,16,23,30],"killed_by":"Automaton","ascension_level":1}