{"gold_per_floor":[109,109,109,15,30,30,41,70,124,124,52,52,52,65,65,170,170,181,199,199,26,26,26,40,40],"floor_reached":25,"playtime":1752,"items_purged":["Pain"],"score":199,"play_id":"0eda3396-ca52-4ba6-974f-751ad64c971f","local_time":"20190211154852","is_ascension_mode":false,"campfire_choices":[{"data":"Adrenaline","floor":6,"key":"SMITH"},{"floor":10,"key":"REST"},{"data":"Quick Slash","floor":12,"key":"SMITH"},{"data":"Bouncing Flask","floor":15,"key":"SMITH"},{"floor":23,"key":"REST"}],"neow_cost":"TEN_PERCENT_HP_LOSS","seed_source_timestamp":10357731520399,"circlet_count":0,"master_deck":["Defend_G","Defend_G","Defend_G+1","Defend_G","Defend_G","Strike_G","Strike_G","Strike_G","Strike_G","Strike_G","Survivor","Neutralize","Adrenaline+1","Backflip+1","Regret","PiercingWail","Quick Slash+1","Blur","Flying Knee","Footwork","Bouncing Flask+1","After Image","Clumsy","Parasite","Dagger Spray","Crippling Poison+1","Noxious Fumes","Dagger Throw","Decay"],"relics":["Ring of the Snake","Blood Vial","Mummified Hand","Happy Flower","Calling Bell","Boot","Pantograph","Gambling Chip","Ornamental Fan"],"potions_floor_usage":[8],"damage_taken":[{"damage":0,"enemies":"Jaw Worm","floor":1,"turns":4},{"damage":0,"enemies":"2 Louse","floor":5,"turns":3},{"damage":0,"enemies":"Cultist","floor":7,"turns":3},{"damage":38,"enemies":"Lagavulin","floor":8,"turns":12},{"damage":8,"enemies":"Blue Slaver","floor":14,"turns":5},{"damage":16,"enemies":"Hexaghost","floor":16,"turns":9},{"damage":26,"enemies":"Spheric Guardian","floor":18,"turns":6},{"damage":14,"enemies":"Shell Parasite","floor":19,"turns":4},{"damage":14,"enemies":"Shelled Parasite and Fungi","floor":24,"turns":6},{"damage":33,"enemies":"Gremlin Leader","floor":25,"turns":4}],"seed_played":"1779905618900041146","potions_obtained":[{"floor":1,"key":"Explosive Potion"},{"floor":8,"key":"AttackPotion"}],"is_trial":false,"path_per_floor":["M","?","?","$","M","R","M","E","T","R","$","R","$","M","R","B",null,"M","M","T","$","?","R","M","E"],"character_chosen":"THE_SILENT","items_purchased":["PiercingWail","Quick Slash","Footwork","Noxious Fumes","Dagger Throw"],"campfire_rested":2,"item_purchase_floors":[4,4,11,21,21],"current_hp_per_floor":[63,50,50,50,52,52,54,18,18,36,36,36,36,30,30,16,63,37,25,25,25,25,43,31,0],"gold":40,"neow_bonus":"THREE_RARE_CARDS","is_prod":false,"is_daily":false,"chose_seed":false,"campfire_upgraded":3,"win_rate":0.0,"timestamp":1549896532,"path_taken":["M","?","?","$","M","R","M","E","T","R","?","R","$","M","R","BOSS","M","M","?","$","?","R","M","E"],"build_version":"2019-01-23","purchased_purges":1,"victory":false,"max_hp_per_floor":[63,63,63,63,63,63,63,63,63,63,63,63,63,63,63,63,63,63,63,63,63,63,63,63,63],"card_choices":[{"not_picked":["A Thousand Cuts","Unload"],"picked":"Adrenaline","floor":0},{"not_picked":["Riddle With Holes","Prepared"],"picked":"Backflip","floor":1},{"not_picked":["Cloak And Dagger","Heel Hook","Riddle With Holes"],"picked":"SKIP","floor":5},{"not_picked":["Escape Plan","Predator"],"picked":"Blur","floor":7},{"not_picked":["Masterful Stab","Dodge and Roll"],"picked":"Flying Knee","floor":8},{"not_picked":["Masterful Stab","Flechettes"],"picked":"Bouncing Flask","floor":14},{"not_picked":["Doppelganger","Venomology"],"picked":"After Image","floor":16},{"not_picked":["Masterful Stab+1","Bouncing Flask+1"],"picked":"Dagger Spray","floor":18},{"not_picked":["Heel Hook","Outmaneuver"],"picked":"Crippling Poison+1","floor":19},{"not_picked":["Dagger Throw","Backflip","All Out Attack"],"picked":"SKIP","floor":24}],"player_experience":62030,"relics_obtained":[{"floor":8,"key":"Mummified Hand"},{"floor":9,"key":"Happy Flower"},{"floor":17,"key":"Boot"},{"floor":17,"key":"Pantograph"},{"floor":17,"key":"Gambling Chip"},{"floor":20,"key":"Ornamental Fan"}],"event_choices":[{"damage_healed":0,"gold_gain":0,"player_choice":"Entered Light","damage_taken":13,"max_hp_gain":0,"max_hp_loss":0,"event_name":"Shining Light","floor":2,"gold_loss":0,"cards_upgraded":["Backflip","Defend_G"]},{"damage_healed":0,"gold_gain":0,"player_choice":"Box","damage_taken":0,"relics_obtained":["Blood Vial"],"max_hp_gain":0,"max_hp_loss":0,"event_name":"Big Fish","floor":3,"gold_loss":0,"cards_obtained":["Regret"]},{"damage_healed":0,"gold_gain":0,"player_choice":"Smashed Altar","damage_taken":0,"max_hp_gain":0,"max_hp_loss":0,"event_name":"Forgotten Altar","floor":22,"gold_loss":0,"cards_obtained":["Decay"]}],"is_beta":false,"boss_relics":[{"not_picked":["Coffee Dripper","Sozu"],"picked":"Calling Bell"}],"items_purged_floors":[21],"is_endless":false,"potions_floor_spawned":[1,8],"killed_by":"Gremlin Leader","ascension_level":0}