{"gold_per_floor":[119,129,147,167,180,180,190,218,243,243,243,243,243,258,258,386,386,400,400,420,438,452,452,470,470,519,357,393,293,316,337,337,463,463,477,502,12,0,18,54,68,87,87,87,87,103,103,30,30,30],"floor_reached":51,"playtime":5389,"items_purged":["Decay","Strike_G","Strike_G"],"score":798,"play_id":"a00eaf9b-06c2-46ff-a4cc-890d36ebe33d","local_time":"20190223201837","is_ascension_mode":true,"campfire_choices":[{"data":"Dagger Spray","floor":6,"key":"SMITH"},{"data":"Sucker Punch","floor":10,"key":"SMITH"},{"data":"Cloak And Dagger","floor":12,"key":"SMITH"},{"data":"Dash","floor":15,"key":"SMITH"},{"data":"Cloak And Dagger","floor":23,"key":"SMITH"},{"data":"Neutralize","floor":25,"key":"SMITH"},{"data":"Cloak And Dagger","floor":32,"key":"SMITH"},{"data":"Cloak And Dagger","floor":44,"key":"SMITH"},{"data":"Blade Dance","floor":49,"key":"SMITH"}],"neow_cost":"NONE","seed_source_timestamp":28510849425300,"circlet_count":0,"master_deck":["Defend_G+1","Defend_G","Defend_G","Defend_G","Defend_G","Strike_G","Strike_G","Strike_G+1","Survivor","Neutralize+1","Dash+1","Sucker Punch+1","Backstab","Dagger Spray+1","Cloak And Dagger+1","After Image+1","Accuracy+1","Adrenaline","Cloak And Dagger+1","Noxious Fumes+1","Accuracy+1","Dash+1","Accuracy+1","Blade Dance+1","Cloak And Dagger+1","Cloak And Dagger+1","Envenom+1","Blur+1","Adrenaline","Footwork+1","Accuracy+1"],"relics":["Ring of the Snake","NeowsBlessing","Frozen Egg 2","Lantern","Golden Idol","Cursed Key","Potion Belt","Orichalcum","Juzu Bracelet","Ancient Tea Set","Red Mask","PreservedInsect"],"potions_floor_usage":[22,41,50,50,50],"damage_taken":[{"damage":0,"enemies":"Cultist","floor":1,"turns":1},{"damage":0,"enemies":"2 Louse","floor":2,"turns":1},{"damage":0,"enemies":"Small Slimes","floor":3,"turns":1},{"damage":2,"enemies":"Gremlin Gang","floor":4,"turns":5},{"damage":5,"enemies":"Large Slime","floor":5,"turns":7},{"damage":13,"enemies":"Exordium Wildlife","floor":7,"turns":5},{"damage":4,"enemies":"Gremlin Nob","floor":8,"turns":4},{"damage":0,"enemies":"Blue Slaver","floor":14,"turns":3},{"damage":20,"enemies":"The Guardian","floor":16,"turns":15},{"damage":4,"enemies":"Spheric Guardian","floor":18,"turns":4},{"damage":0,"enemies":"3 Byrds","floor":20,"turns":5},{"damage":6,"enemies":"3 Cultists","floor":21,"turns":5},{"damage":9,"enemies":"Chosen and Byrds","floor":22,"turns":5},{"damage":0,"enemies":"Shelled Parasite and Fungi","floor":24,"turns":5},{"damage":13,"enemies":"Gremlin Leader","floor":28,"turns":7},{"damage":0,"enemies":"Centurion and Healer","floor":30,"turns":5},{"damage":0,"enemies":"3 Cultists","floor":31,"turns":5},{"damage":1,"enemies":"Champ","floor":33,"turns":12},{"damage":2,"enemies":"3 Shapes","floor":35,"turns":7},{"damage":0,"enemies":"Orb Walker","floor":36,"turns":2},{"damage":6,"enemies":"Jaw Worm Horde","floor":39,"turns":5},{"damage":0,"enemies":"Reptomancer","floor":40,"turns":7},{"damage":13,"enemies":"Transient","floor":41,"turns":5},{"damage":0,"enemies":"Writhing Mass","floor":42,"turns":5},{"damage":0,"enemies":"Jaw Worm Horde","floor":46,"turns":4},{"damage":21,"enemies":"Time Eater","floor":50,"turns":8}],"seed_played":"7401692924324841083","potions_obtained":[{"floor":1,"key":"Fire Potion"},{"floor":3,"key":"PowerPotion"},{"floor":5,"key":"Regen Potion"},{"floor":8,"key":"Dexterity Potion"},{"floor":24,"key":"PowerPotion"},{"floor":31,"key":"Swift Potion"},{"floor":33,"key":"Explosive Potion"},{"floor":46,"key":"SteroidPotion"}],"is_trial":false,"path_per_floor":["M","?","?","?","M","M","?","?","?","$"],"character_chosen":"THE_SILENT","items_purchased":["Accuracy+1","Blade Dance","GhostInAJar","Juzu Bracelet","Ancient Tea Set","GhostInAJar"],"campfire_rested":0,"item_purchase_floors":[27,27,37,37,37,48],"current_hp_per_floor":[70,70,70,68,63,63,50,46,46,46,32,32,32,32,32,12,65,61,61,61,55,46,46,46,46,46,46,33,33,33,33,33,32,65,63,63,63,63,57,57,58,58,58,58,58,58,58,58,58,37],"gold":30,"neow_bonus":"THREE_ENEMY_KILL","is_prod":false,"is_daily":false,"chose_seed":false,"campfire_upgraded":9,"win_rate":0,"timestamp":1550971117,"path_taken":["M","?","M","M","M","R","M","E","T","R","?","R","?","M","R","BOSS","M","?","M","M","M","R","M","R","T","$","E","$","?","?","R","BOSS","M","M","$","?","M","E","M","M","T","R","?","M","?","?","R","BOSS"],"build_version":"2019-01-23","purchased_purges":3,"victory":true,"max_hp_per_floor":[70,70,70,70,70,70,70,70,70,70,70,70,65,65,65,65,65,65,65,65,65,65,65,65,65,65,65,65,65,65,65,65,65,65,65,65,65,65,65,65,65,65,65,65,65,65,62,62,62,62],"card_choices":[{"not_picked":["Underhanded Strike","Concentrate"],"picked":"Dash","floor":1},{"not_picked":["Prepared","Well Laid Plans"],"picked":"Sucker Punch","floor":2},{"not_picked":["Dagger Spray","Prepared"],"picked":"Backstab","floor":3},{"not_picked":["Tactician","Blade Dance"],"picked":"Dagger Spray","floor":4},{"not_picked":["Endless Agony","Quick Slash"],"picked":"Cloak And Dagger","floor":5},{"not_picked":["Finisher","Infinite Blades","Dagger Throw"],"picked":"SKIP","floor":7},{"not_picked":["Acrobatics","Sucker Punch"],"picked":"After Image","floor":8},{"not_picked":["Deflect","Poisoned Stab"],"picked":"Accuracy+1","floor":14},{"not_picked":["Venomology","Grand Finale"],"picked":"Adrenaline","floor":16},{"not_picked":["Outmaneuver","Setup","Dagger Throw"],"picked":"SKIP","floor":18},{"not_picked":["Dodge and Roll","Slice"],"picked":"Noxious Fumes+1","floor":20},{"not_picked":["Bouncing Flask+1","Expertise"],"picked":"Accuracy+1","floor":21},{"not_picked":["Eviscerate","Sucker Punch"],"picked":"Dash+1","floor":22},{"not_picked":["Tactician+1","Slice","Dagger Spray"],"picked":"SKIP","floor":24},{"not_picked":["Dagger Spray","Noxious Fumes+1"],"picked":"Cloak And Dagger","floor":28},{"not_picked":["Bane+1","Concentrate","Well Laid Plans+1"],"picked":"SKIP","floor":30},{"not_picked":["Deflect","Skewer"],"picked":"Cloak And Dagger","floor":31},{"not_picked":["Tools of the Trade+1","Corpse Explosion"],"picked":"Envenom+1","floor":33},{"not_picked":["Slice+1","Flying Knee+1","Bouncing Flask"],"picked":"SKIP","floor":35},{"not_picked":["Quick Slash","Dagger Spray+1","Blade Dance+1"],"picked":"SKIP","floor":36},{"not_picked":["Blade Dance+1","Dagger Spray"],"picked":"Blur+1","floor":39},{"not_picked":["Choke","Outmaneuver"],"picked":"Adrenaline","floor":40},{"not_picked":["PiercingWail","Poisoned Stab+1","Deadly Poison"],"picked":"SKIP","floor":41},{"not_picked":["Crippling Poison+1","Backflip"],"picked":"Footwork+1","floor":42},{"not_picked":["Slice+1","Bouncing Flask+1"],"picked":"Accuracy+1","floor":46}],"player_experience":119007,"relics_obtained":[{"floor":8,"key":"Frozen Egg 2"},{"floor":9,"key":"Lantern"},{"floor":26,"key":"Potion Belt"},{"floor":28,"key":"Orichalcum"},{"floor":40,"key":"PreservedInsect"}],"event_choices":[{"damage_healed":0,"gold_gain":0,"player_choice":"Entered Light","damage_taken":14,"max_hp_gain":0,"max_hp_loss":0,"event_name":"Shining Light","floor":11,"gold_loss":0,"cards_upgraded":["Defend_G","Strike_G"]},{"damage_healed":0,"gold_gain":0,"player_choice":"Lose Max HP","damage_taken":0,"relics_obtained":["Golden Idol"],"max_hp_gain":0,"max_hp_loss":5,"event_name":"Golden Idol","floor":13,"gold_loss":0},{"damage_healed":0,"gold_gain":0,"player_choice":"1 cards matched","damage_taken":0,"max_hp_gain":0,"max_hp_loss":0,"event_name":"Match and Keep!","floor":19,"gold_loss":0,"cards_obtained":["Cloak And Dagger"]},{"damage_healed":0,"gold_gain":0,"player_choice":"Paid","damage_taken":0,"relics_obtained":["Red Mask"],"max_hp_gain":0,"max_hp_loss":0,"event_name":"Tomb of Lord Red Mask","floor":38,"gold_loss":12},{"damage_healed":0,"gold_gain":0,"player_choice":"Ignored","damage_taken":0,"max_hp_gain":0,"max_hp_loss":0,"event_name":"Mysterious Sphere","floor":45,"gold_loss":0},{"damage_healed":0,"gold_gain":0,"player_choice":"Max HP","damage_taken":0,"max_hp_gain":0,"max_hp_loss":3,"event_name":"Winding Halls","floor":47,"gold_loss":0}],"is_beta":false,"boss_relics":[{"not_picked":["Eternal Feather","Sozu"],"picked":"Cursed Key"},{"not_picked":["Calling Bell","Runic Dome","HoveringKite"]}],"items_purged_floors":[27,29,37],"is_endless":false,"potions_floor_spawned":[1,3,5,8,14,20,24,31,33,39,40,46],"ascension_level":2}