{"gold_per_floor":[113,130,143,154,170,201,201,233,303,317,317,329,339,339,339,439,439,449,32,46,46,46,46,0,0,25,25,43,43,43,43,43,138,138,157,57,67,18,18,18,18,18,45,59,59,73,73,93,93,93],"floor_reached":51,"playtime":1955,"items_purged":["Strike_B","Defend_B"],"score":991,"play_id":"f735ee54-2b47-449e-bdde-0a04c0247579","local_time":"20190322013131","is_ascension_mode":true,"campfire_choices":[{"floor":7.0,"key":"REST"},{"data":"Chill","floor":11.0,"key":"SMITH"},{"floor":15.0,"key":"REST"},{"data":"Defragment","floor":23,"key":"SMITH"},{"data":"Defragment","floor":25,"key":"SMITH"},{"data":"Zap","floor":27,"key":"SMITH"},{"data":"Strike_B","floor":30,"key":"PURGE"},{"floor":32,"key":"REST"},{"floor":40,"key":"RECALL"},{"floor":42,"key":"REST"},{"data":"Defend_B+1","floor":49,"key":"PURGE"}],"neow_cost":"NONE","seed_source_timestamp":43159360294320,"circlet_count":0,"master_deck":["AscendersBane","Defend_B+1","Defend_B+1","Zap+1","Dualcast+1","Impatience+1","Defragment+1","Steam+1","Chill+1","Defragment+1","Echo Form+1","Leap+1","Stack+1","Electrodynamics+1","Auto Shields+1","Conserve Battery+1","Leap+1","Reboot+1","Reinforced Body+1","Redo+1","Leap+1"],"special_seed":0,"relics":["FrozenCore","Blood Vial","StoneCalendar","Cables","Meat on the Bone","Centennial Puzzle","Peace Pipe","Sozu","Mark of the Bloom","Vajra","Unceasing Top"],"potions_floor_usage":[18,20,50,50],"damage_taken":[{"damage":6.0,"enemies":"Jaw Worm","floor":1.0,"turns":4.0},{"damage":2.0,"enemies":"2 Louse","floor":2.0,"turns":3.0},{"damage":18.0,"enemies":"Small Slimes","floor":3.0,"turns":3.0},{"damage":7.0,"enemies":"2 Fungi Beasts","floor":4.0,"turns":4.0},{"damage":1.0,"enemies":"Looter","floor":5.0,"turns":4.0},{"damage":18.0,"enemies":"Lagavulin","floor":6.0,"turns":8.0},{"damage":13.0,"enemies":"3 Sentries","floor":8.0,"turns":12.0},{"damage":4.0,"enemies":"Blue Slaver","floor":10.0,"turns":3.0},{"damage":10.0,"enemies":"Large Slime","floor":12.0,"turns":4.0},{"damage":0.0,"enemies":"Red Slaver","floor":13.0,"turns":4.0},{"damage":36.0,"enemies":"The Guardian","floor":16.0,"turns":10.0},{"damage":6,"enemies":"3 Byrds","floor":18,"turns":3},{"damage":3,"enemies":"Shell Parasite","floor":20,"turns":8},{"damage":0,"enemies":"Snake Plant","floor":28,"turns":7},{"damage":45,"enemies":"Collector","floor":33,"turns":14},{"damage":3,"enemies":"3 Shapes","floor":35,"turns":7},{"damage":4,"enemies":"3 Darklings","floor":37,"turns":5},{"damage":0,"enemies":"Spire Growth","floor":44,"turns":6},{"damage":0,"enemies":"Writhing Mass","floor":46,"turns":6},{"damage":0,"enemies":"4 Shapes","floor":48,"turns":7},{"damage":40,"enemies":"Time Eater","floor":50,"turns":17}],"seed_played":"-4157387000894771412","potions_obtained":[{"floor":5.0,"key":"Swift Potion"},{"floor":6.0,"key":"LiquidBronze"},{"floor":8.0,"key":"EssenceOfSteel"},{"floor":13.0,"key":"AttackPotion"},{"floor":18,"key":"Swift Potion"},{"floor":28,"key":"EssenceOfSteel"}],"is_trial":false,"path_per_floor":["M","M","M","M","M","E","R","E","T","M","R","M","M","?","R","B",null,"M","$","M","?","?","R","?","R","T","R","M","T","R","$","R","B",null,"M","$","M","$","?","R","?","R","T","M","T","M","?","M","R","B",null],"character_chosen":"DEFECT","items_purchased":["Meat on the Bone","Fruit Juice","Leap"],"campfire_rested":4,"item_purchase_floors":[19,19,38],"current_hp_per_floor":[62,60,42,35,34,16,38,27,27,25,25,17,19,19,41,7,58,54,54,58,43,43,43,43,43,43,43,45,45,45,45,70,39,74,73,73,71,71,71,71,71,71,71,71,71,71,71,71,71,31],"gold":93,"neow_bonus":"RANDOM_COLORLESS","is_prod":false,"is_daily":false,"chose_seed":false,"campfire_upgraded":4,"win_rate":0,"timestamp":1553185891,"path_taken":["M","M","M","M","M","E","R","E","T","M","R","M","M","?","R","BOSS","M","$","M","?","?","R","?","R","T","R","M","?","R","$","R","BOSS","M","$","M","$","?","R","?","R","T","M","?","M","?","M","R","BOSS"],"build_version":"2019-01-23","purchased_purges":2,"victory":true,"max_hp_per_floor":[75,75,75,75,75,75,75,75,75,75,75,75,75,75,75,75,75,75,75,80,85,85,85,85,85,85,85,85,85,85,85,85,85,85,85,85,85,85,85,85,85,85,85,85,85,85,85,85,85,85],"card_choices":[{"not_picked":["Rebound","Sweeping Beam","Genetic Algorithm"],"picked":"SKIP","floor":1.0},{"not_picked":["Recycle","Turbo"],"picked":"Defragment","floor":2.0},{"not_picked":["Redo","Genetic Algorithm"],"picked":"Steam","floor":3.0},{"not_picked":["Rebound","Turbo"],"picked":"Chill","floor":4.0},{"not_picked":["Turbo","Go for the Eyes","Sunder"],"picked":"SKIP","floor":5.0},{"not_picked":["Streamline","Scrape"],"picked":"Defragment","floor":6.0},{"not_picked":["Rip and Tear","Redo"],"picked":"Echo Form","floor":8.0},{"not_picked":["Stack","Scrape"],"picked":"Leap","floor":10.0},{"not_picked":["Force Field","Turbo","Streamline"],"picked":"SKIP","floor":12.0},{"not_picked":["Lockon","Storm"],"picked":"Stack","floor":13.0},{"not_picked":["Core Surge","Hyperbeam"],"picked":"Electrodynamics","floor":16.0},{"not_picked":["Rebound","Ball Lightning","Turbo"],"picked":"SKIP","floor":18},{"not_picked":["Compile Driver","Ball Lightning"],"picked":"Auto Shields","floor":20},{"not_picked":["Compile Driver","Turbo"],"picked":"Leap","floor":28},{"not_picked":["All For One","Electrodynamics"],"picked":"Reboot","floor":33},{"not_picked":["Ball Lightning","BootSequence+1"],"picked":"Reinforced Body","floor":35},{"not_picked":["Turbo","Storm"],"picked":"Redo+1","floor":37},{"not_picked":["Cold Snap","Rip and Tear+1","Static Discharge"],"picked":"SKIP","floor":44},{"not_picked":["Compile Driver","Heatsinks+1","Steam"],"picked":"SKIP","floor":46},{"not_picked":["Redo+1","Glacier+1","Sunder"],"picked":"SKIP","floor":48}],"player_experience":368654,"relics_obtained":[{"floor":6.0,"key":"Blood Vial"},{"floor":8.0,"key":"StoneCalendar"},{"floor":9.0,"key":"Cables"},{"floor":26,"key":"Centennial Puzzle"},{"floor":29,"key":"Peace Pipe"},{"floor":43,"key":"Vajra"},{"floor":45,"key":"Unceasing Top"}],"event_choices":[{"damage_healed":0.0,"max_hp_gain":0.0,"max_hp_loss":0.0,"gold_gain":0.0,"event_name":"Golden Idol","player_choice":"Ignored","floor":14.0,"gold_loss":0.0,"damage_taken":0.0},{"damage_healed":0,"gold_gain":0,"player_choice":"Shed Blood","damage_taken":20,"max_hp_gain":5,"max_hp_loss":0,"event_name":"Forgotten Altar","floor":21,"gold_loss":0},{"damage_healed":0,"gold_gain":0,"cards_transformed":["Strike_B","Strike_B"],"player_choice":"Became Test Subject","damage_taken":0,"max_hp_gain":0,"max_hp_loss":0,"event_name":"Drug Dealer","floor":22,"gold_loss":0,"cards_obtained":["Core Surge","Conserve Battery"]},{"damage_healed":0,"gold_gain":0,"player_choice":"Paid Fearfully","damage_taken":0,"max_hp_gain":0,"max_hp_loss":0,"event_name":"Masked Bandits","floor":24,"gold_loss":46},{"damage_healed":0,"gold_gain":0,"player_choice":"Upgrade","damage_taken":0,"relics_obtained":["Mark of the Bloom"],"max_hp_gain":0,"max_hp_loss":0,"event_name":"MindBloom","floor":39,"gold_loss":0,"cards_upgraded":["Defend_B","Defend_B","Defend_B","Dualcast","Impatience","Steam","Echo Form","Leap","Stack","Electrodynamics","Auto Shields","Core Surge","Conserve Battery","Leap","Reboot","Reinforced Body","Leap"]},{"cards_removed":["Core Surge"],"damage_healed":0,"gold_gain":0,"player_choice":"Removed Attack","damage_taken":0,"max_hp_gain":0,"max_hp_loss":0,"event_name":"Falling","floor":41,"gold_loss":0},{"damage_healed":0,"gold_gain":0,"player_choice":"Ignored","damage_taken":0,"max_hp_gain":0,"max_hp_loss":0,"event_name":"Upgrade Shrine","floor":47,"gold_loss":0}],"is_beta":false,"boss_relics":[{"not_picked":["Pandora\u0027s Box","Cursed Key"],"picked":"FrozenCore"},{"not_picked":["Nuclear Battery","Runic Pyramid"],"picked":"Sozu"}],"items_purged_floors":[19,36],"is_endless":false,"potions_floor_spawned":[5,6,8,13,18,28,35,46,48],"ascension_level":11}