{"gold_per_floor":[110,123,298,373,373,406,406,421,472,489,489,489,505,505,505,505],"floor_reached":16,"playtime":620,"items_purged":[],"score":100,"play_id":"b7da1131-d094-4bfa-83f5-7f12722b5432","local_time":"20190321140642","is_ascension_mode":false,"campfire_choices":[{"floor":7,"key":"REST"},{"data":"Corruption","floor":15,"key":"SMITH"}],"neow_cost":"NONE","seed_source_timestamp":134920466092636,"circlet_count":0,"master_deck":["Strike_R","Strike_R","Strike_R","Strike_R","Strike_R","Defend_R","Defend_R","Defend_R","Defend_R","Bash","Iron Wave","Flame Barrier+1","Doubt","Corruption+1","Shrug It Off","Regret"],"relics":["Burning Blood","Regal Pillow","Bag of Preparation","StoneCalendar","Bottled Flame"],"potions_floor_usage":[6],"damage_taken":[{"damage":0,"enemies":"Small Slimes","floor":1,"turns":3},{"damage":6,"enemies":"2 Louse","floor":2,"turns":3},{"damage":36,"enemies":"Gremlin Nob","floor":6,"turns":6},{"damage":1,"enemies":"Jaw Worm","floor":8,"turns":4},{"damage":11,"enemies":"3 Louse","floor":10,"turns":4},{"damage":8,"enemies":"Large Slime","floor":13,"turns":7},{"damage":82,"enemies":"Hexaghost","floor":16,"turns":11}],"seed_played":"3063059558488479446","potions_obtained":[{"floor":1,"key":"Weak Potion"},{"floor":2,"key":"GamblersBrew"},{"floor":6,"key":"BloodPotion"}],"is_trial":false,"path_per_floor":["M","M","?","?","?","E","R","M","T","M","?","?","M","T","R","B"],"character_chosen":"IRONCLAD","items_purchased":[],"campfire_rested":1,"item_purchase_floors":[],"current_hp_per_floor":[88,88,88,77,77,47,88,88,88,83,83,83,81,81,81,0],"gold":505,"neow_bonus":"TEN_PERCENT_HP_BONUS","is_prod":false,"is_daily":false,"chose_seed":false,"campfire_upgraded":1,"win_rate":0,"timestamp":1553173602,"path_taken":["M","M","?","?","?","E","R","M","T","?","?","?","M","?","R","BOSS"],"build_version":"2019-01-23","purchased_purges":0,"victory":false,"max_hp_per_floor":[88,88,88,88,88,88,88,88,88,88,88,88,88,88,88,88],"card_choices":[{"not_picked":["Reckless Charge","Flex"],"picked":"Iron Wave","floor":1},{"not_picked":["Spot Weakness","Wild Strike"],"picked":"Flame Barrier","floor":2},{"not_picked":["Iron Wave","Rampage"],"picked":"Corruption","floor":6},{"not_picked":["Anger","Dropkick"],"picked":"Shrug It Off","floor":8},{"not_picked":["Twin Strike","Spot Weakness","Headbutt"],"picked":"SKIP","floor":10},{"not_picked":["Sword Boomerang","Fire Breathing","Power Through"],"picked":"SKIP","floor":13}],"player_experience":332901,"relics_obtained":[{"floor":6,"key":"Regal Pillow"},{"floor":9,"key":"Bag of Preparation"},{"floor":14,"key":"Bottled Flame"}],"event_choices":[{"damage_healed":0,"gold_gain":175,"player_choice":"AGREE","damage_taken":0,"max_hp_gain":0,"max_hp_loss":0,"event_name":"Liars Game","floor":3,"gold_loss":0,"cards_obtained":["Doubt"]},{"damage_healed":0,"gold_gain":75,"player_choice":"Gather Gold","damage_taken":11,"max_hp_gain":0,"max_hp_loss":0,"event_name":"World of Goop","floor":4,"gold_loss":0},{"damage_healed":0,"gold_gain":0,"player_choice":"Ignored","damage_taken":0,"max_hp_gain":0,"max_hp_loss":0,"event_name":"Golden Wing","floor":5,"gold_loss":0},{"damage_healed":0,"gold_gain":0,"player_choice":"Grow","damage_taken":0,"max_hp_gain":0,"max_hp_loss":0,"event_name":"Living Wall","floor":11,"gold_loss":0,"cards_upgraded":["Flame Barrier"]},{"damage_healed":0,"gold_gain":0,"player_choice":"Box","damage_taken":0,"relics_obtained":["StoneCalendar"],"max_hp_gain":0,"max_hp_loss":0,"event_name":"Big Fish","floor":12,"gold_loss":0,"cards_obtained":["Regret"]}],"is_beta":false,"boss_relics":[],"items_purged_floors":[],"is_endless":false,"potions_floor_spawned":[1,2,6],"killed_by":"Hexaghost","ascension_level":0}