{"gold_per_floor":[114,131,149,149,149,149,178,178,178,190,210,2,2,2,2,2],"floor_reached":16,"playtime":686,"items_purged":[],"score":150,"play_id":"ee89339f-c0e6-487b-bc9b-7ac99f91f58b","local_time":"20190320153432","is_ascension_mode":true,"campfire_choices":[{"data":"Caltrops","floor":6.0,"key":"SMITH"},{"floor":8,"key":"REST"},{"floor":15,"key":"REST"}],"neow_cost":"NONE","seed_source_timestamp":2448483417186,"circlet_count":0,"master_deck":["AscendersBane","Defend_G","Defend_G","Defend_G","Defend_G","Strike_G","Strike_G","Strike_G","Strike_G","Strike_G","Survivor","Neutralize","Escape Plan","Blur","Caltrops+1","PiercingWail","Well Laid Plans","Caltrops","PiercingWail"],"special_seed":0,"relics":["Ring of the Snake","Bottled Lightning","Sundial","Snake Skull","Frozen Egg 2"],"potions_floor_usage":[7],"damage_taken":[{"damage":0.0,"enemies":"Jaw Worm","floor":1.0,"turns":7.0},{"damage":0.0,"enemies":"Small Slimes","floor":2.0,"turns":5.0},{"damage":4.0,"enemies":"2 Louse","floor":3.0,"turns":5.0},{"damage":49,"enemies":"Gremlin Nob","floor":7,"turns":6},{"damage":2,"enemies":"Large Slime","floor":10,"turns":8},{"damage":6,"enemies":"Exordium Wildlife","floor":11,"turns":7},{"damage":37,"enemies":"Slime Boss","floor":16,"turns":9}],"seed_played":"-7445107476657552778","potions_obtained":[{"floor":1.0,"key":"Dexterity Potion"},{"floor":11,"key":"SmokeBomb"}],"is_trial":false,"path_per_floor":["M","M","M","?","?","R","E","R","T","M","M","$","?","$","R","B"],"character_chosen":"THE_SILENT","items_purchased":["Snake Skull","PiercingWail"],"campfire_rested":2,"item_purchase_floors":[12,12],"current_hp_per_floor":[63,63,59,52,52,52,3,24,24,22,16,16,16,16,37,0],"gold":2,"neow_bonus":"THREE_CARDS","is_prod":false,"is_daily":false,"chose_seed":false,"campfire_upgraded":1,"win_rate":0,"timestamp":1553063672,"path_taken":["M","M","M","?","?","R","E","R","T","M","M","$","?","$","R","BOSS"],"build_version":"2019-01-23","purchased_purges":0,"victory":false,"max_hp_per_floor":[70,70,70,70,70,70,70,70,70,70,70,70,70,70,70,70],"card_choices":[{"not_picked":["Dagger Spray","Quick Slash"],"picked":"Escape Plan","floor":0.0},{"not_picked":["Flechettes","Sucker Punch"],"picked":"Blur","floor":1.0},{"not_picked":["Quick Slash","Terror","Dodge and Roll"],"picked":"SKIP","floor":2.0},{"not_picked":["Acrobatics","Bane"],"picked":"Caltrops","floor":3.0},{"not_picked":["Dagger Throw","Grand Finale"],"picked":"PiercingWail","floor":7},{"not_picked":["Underhanded Strike","Cloak And Dagger"],"picked":"Well Laid Plans","floor":10},{"not_picked":["Terror","Sucker Punch"],"picked":"Caltrops","floor":11}],"player_experience":353688,"relics_obtained":[{"floor":7,"key":"Bottled Lightning"},{"floor":9,"key":"Sundial"}],"event_choices":[{"cards_removed":["Defend_G"],"damage_healed":0.0,"max_hp_gain":0.0,"max_hp_loss":0.0,"gold_gain":0.0,"event_name":"Golden Wing","player_choice":"Card Removal","floor":4.0,"gold_loss":0.0,"damage_taken":7.0},{"damage_healed":0.0,"max_hp_gain":0.0,"max_hp_loss":0.0,"gold_gain":0.0,"event_name":"Liars Game","player_choice":"Ignored","floor":5.0,"gold_loss":0.0,"damage_taken":0.0},{"damage_healed":0,"gold_gain":0,"player_choice":"Searched \u00271\u0027 times","damage_taken":0,"relics_obtained":["Frozen Egg 2"],"max_hp_gain":0,"max_hp_loss":0,"event_name":"Dead Adventurer","floor":13,"gold_loss":0}],"is_beta":false,"boss_relics":[],"items_purged_floors":[],"is_endless":false,"potions_floor_spawned":[1,11],"killed_by":"Slime Boss","ascension_level":10}