{"gold_per_floor":[111,125,18,38,38,71,71,71,71,87,87,87,113,131,131,230,230,240,240,600,191,204,204,231,231,231,231,231,231,243,9,9,9],"floor_reached":33,"playtime":1793,"items_purged":[],"score":276,"play_id":"6b983e4e-9402-4fcf-88f3-9f72f2d0cced","local_time":"20181222133529","is_ascension_mode":false,"campfire_choices":[{"floor":12,"key":"REST"},{"floor":15,"key":"REST"},{"floor":23,"key":"REST"},{"floor":25,"key":"REST"},{"data":"Infinite Blades","floor":27,"key":"SMITH"},{"floor":32,"key":"REST"}],"neow_cost":"NONE","seed_source_timestamp":75331487695854,"circlet_count":0,"master_deck":["Defend_G","Defend_G","Defend_G","Defend_G","Strike_G","Strike_G","Strike_G","Strike_G","Survivor+1","Neutralize","Dagger Throw","Finisher+1","Slice","Good Instincts+1","Blade Dance","Backstab","All Out Attack","Blade Dance","PiercingWail","Backflip","Storm of Steel","Masterful Stab","Infinite Blades","Infinite Blades+1","Storm of Steel","PiercingWail","Cloak And Dagger","Terror","Bandage Up","Dagger Throw","Choke","Tactician+1","Backflip+1","Well Laid Plans"],"relics":["Ring of the Snake","PreservedInsect","GremlinMask","Letter Opener","War Paint","Juzu Bracelet","Orrery","Blood Vial","Snake Skull","Gremlin Horn","Membership Card"],"potions_floor_usage":[22,33,33],"damage_taken":[{"damage":1,"enemies":"Cultist","floor":1,"turns":5},{"damage":0,"enemies":"Jaw Worm","floor":2,"turns":4},{"damage":0,"enemies":"Small Slimes","floor":4,"turns":2},{"damage":29,"enemies":"Lagavulin","floor":6,"turns":7},{"damage":0,"enemies":"Red Slaver","floor":10,"turns":3},{"damage":0,"enemies":"Gremlin Nob","floor":13,"turns":2},{"damage":9,"enemies":"Exordium Thugs","floor":14,"turns":5},{"damage":56,"enemies":"The Guardian","floor":16,"turns":16},{"damage":7,"enemies":"Shell Parasite","floor":18,"turns":6},{"damage":24,"enemies":"Spheric Guardian","floor":22,"turns":6},{"damage":23,"enemies":"Snake Plant","floor":30,"turns":6},{"damage":67,"enemies":"Automaton","floor":33,"turns":8}],"seed_played":"9064959060974839097","potions_obtained":[{"floor":1,"key":"Dexterity Potion"},{"floor":2,"key":"Weak Potion"},{"floor":10,"key":"SkillPotion"},{"floor":16,"key":"GhostInAJar"},{"floor":18,"key":"FearPotion"}],"is_trial":false,"path_per_floor":["M","M","$","M","?","E","$","?","T","M","?","R","E","M","R","B",null,"M","?","?","$","M","R","T","R","T","R","?","?","M","$","R","B"],"character_chosen":"THE_SILENT","items_purchased":["Slice","Good Instincts","Terror","Bandage Up","Blood Vial","Dagger Throw","Choke","Membership Card","Well Laid Plans"],"campfire_rested":5,"item_purchase_floors":[3,3,21,21,21,21,21,31,31],"current_hp_per_floor":[69,69,69,69,69,40,40,26,26,26,26,47,47,38,59,3,70,63,63,28,28,10,31,31,52,52,52,45,45,28,28,49,0],"gold":9,"neow_bonus":"RANDOM_COMMON_RELIC","is_prod":false,"is_daily":false,"chose_seed":false,"campfire_upgraded":1,"win_rate":0.0,"timestamp":1545482129,"path_taken":["M","M","$","M","?","E","?","?","T","?","?","R","E","M","R","BOSS","M","?","?","$","M","R","?","R","T","R","?","?","M","$","R","BOSS"],"build_version":"2018-12-20","purchased_purges":0,"victory":false,"max_hp_per_floor":[70,70,70,70,70,70,70,70,70,70,70,70,70,70,70,70,70,70,70,70,70,70,70,70,70,70,70,70,70,70,70,70,70],"card_choices":[{"not_picked":["Flying Knee","Bane"],"picked":"Dagger Throw","floor":1},{"not_picked":["Dagger Spray","Dodge and Roll"],"picked":"Finisher","floor":2},{"not_picked":["Crippling Poison","Riddle With Holes"],"picked":"Blade Dance","floor":4},{"not_picked":["Outmaneuver","Prepared"],"picked":"Backstab","floor":6},{"not_picked":["PiercingWail","After Image"],"picked":"All Out Attack","floor":10},{"not_picked":["Predator","Distraction"],"picked":"PiercingWail","floor":13},{"not_picked":["Leg Sweep","Quick Slash"],"picked":"Backflip","floor":14},{"not_picked":["A Thousand Cuts","Envenom"],"picked":"Storm of Steel","floor":16},{"not_picked":["Caltrops","Noxious Fumes"],"picked":"Masterful Stab","floor":17},{"not_picked":["Deflect","Predator"],"picked":"Infinite Blades","floor":17},{"not_picked":["Cloak And Dagger","Acrobatics"],"picked":"Infinite Blades","floor":17},{"not_picked":["Outmaneuver","Eviscerate"],"picked":"Storm of Steel","floor":17},{"not_picked":["Underhanded Strike","Acrobatics"],"picked":"PiercingWail","floor":17},{"not_picked":["Backflip","Poisoned Stab"],"picked":"Cloak And Dagger","floor":18},{"not_picked":["Quick Slash","Heel Hook+1"],"picked":"Tactician+1","floor":22},{"not_picked":["Crippling Poison","Quick Slash"],"picked":"Backflip+1","floor":30}],"player_experience":35736,"relics_obtained":[{"floor":6,"key":"Letter Opener"},{"floor":9,"key":"War Paint"},{"floor":13,"key":"Juzu Bracelet"},{"floor":24,"key":"Snake Skull"},{"floor":26,"key":"Gremlin Horn"}],"event_choices":[{"damage_healed":0,"gold_gain":0,"player_choice":"Trade","damage_taken":0,"relics_obtained":["GremlinMask"],"max_hp_gain":0,"max_hp_loss":0,"event_name":"FaceTrader","floor":5,"gold_loss":0},{"damage_healed":0,"gold_gain":0,"player_choice":"Entered Light","damage_taken":14,"max_hp_gain":0,"max_hp_loss":0,"event_name":"Shining Light","floor":8,"gold_loss":0,"cards_upgraded":["Defend_G","Finisher"]},{"damage_healed":0,"gold_gain":0,"cards_transformed":["Defend_G"],"player_choice":"Transformed","damage_taken":0,"max_hp_gain":0,"max_hp_loss":0,"event_name":"Transmorgrifier","floor":11,"gold_loss":0,"cards_obtained":["Blade Dance"]},{"cards_removed":["Strike_G"],"damage_healed":0,"gold_gain":0,"player_choice":"Offered Basic","damage_taken":0,"max_hp_gain":0,"max_hp_loss":0,"event_name":"Bonfire Elementals","floor":19,"gold_loss":0},{"damage_healed":0,"gold_gain":360,"player_choice":"GOLD GOLD GOLD GOLD ","damage_taken":35,"max_hp_gain":0,"max_hp_loss":0,"event_name":"Knowing Skull","floor":20,"potions_obtained":[],"gold_loss":0,"cards_obtained":[]},{"damage_healed":0,"gold_gain":0,"player_choice":"Damaged","damage_taken":7,"max_hp_gain":0,"max_hp_loss":0,"event_name":"Wheel of Change","floor":28,"gold_loss":0},{"damage_healed":0,"gold_gain":0,"player_choice":"Ignored","damage_taken":0,"max_hp_gain":0,"max_hp_loss":0,"event_name":"Cursed Tome","floor":29,"gold_loss":0}],"is_beta":false,"boss_relics":[{"not_picked":["Ectoplasm","Velvet Choker"],"picked":"Orrery"}],"items_purged_floors":[],"is_endless":false,"potions_floor_spawned":[1,2,10,16,18],"killed_by":"Automaton","ascension_level":0}