{"gold_per_floor":[110,285,6,20,95,95,107,37,37,52,52,3,20,20,20,121,121,136,146,146,22,52,52,69,87,87,87,112,161,161],"floor_reached":30,"playtime":1528,"items_purged":[],"score":238,"play_id":"1d4c0b91-2a7a-4be5-9c5d-cf9e157969b3","local_time":"20190320194724","is_ascension_mode":false,"campfire_choices":[{"data":"Coolheaded","floor":11.0,"key":"SMITH"},{"floor":15.0,"key":"REST"},{"data":"Blizzard","floor":23.0,"key":"SMITH"},{"floor":27.0,"key":"REST"}],"neow_cost":"NONE","seed_source_timestamp":0,"circlet_count":0,"master_deck":["Strike_B","Strike_B","Strike_B","Strike_B","Defend_B","Defend_B","Defend_B","Defend_B","Zap","Dualcast+1","Leap","Doubt","Defragment+1","Cold Snap","Coolheaded+1","Heatsinks+1","Barrage","Redo","Barrage","Buffer+1","Genetic Algorithm","Stack","Blizzard+1","Coolheaded","Writhe","Barrage+1","Multi-Cast","Compile Driver"],"special_seed":0,"relics":["Cracked Core","Regal Pillow","Frozen Egg 2","Kunai","Nuclear Battery","Pen Nib","Tiny Chest","Singing Bowl","Blood Vial","Vajra"],"potions_floor_usage":[],"damage_taken":[{"damage":1.0,"enemies":"Cultist","floor":1.0,"turns":3.0},{"damage":0.0,"enemies":"Jaw Worm","floor":4.0,"turns":4.0},{"damage":7.0,"enemies":"Small Slimes","floor":7.0,"turns":3.0},{"damage":0.0,"enemies":"Blue Slaver","floor":10.0,"turns":3.0},{"damage":3.0,"enemies":"Large Slime","floor":13.0,"turns":5.0},{"damage":61.0,"enemies":"Hexaghost","floor":16.0,"turns":14.0},{"damage":8.0,"enemies":"Shell Parasite","floor":18.0,"turns":9.0},{"damage":1.0,"enemies":"Spheric Guardian","floor":19.0,"turns":10.0},{"damage":0.0,"enemies":"Snecko","floor":24.0,"turns":7.0},{"damage":10.0,"enemies":"Centurion and Healer","floor":25.0,"turns":9.0},{"damage":38.0,"enemies":"Book of Stabbing","floor":28.0,"turns":8.0},{"damage":0,"enemies":"Cultist and Chosen","floor":30,"turns":1}],"seed_played":"2463667393836617879","potions_obtained":[{"floor":4.0,"key":"Explosive Potion"},{"floor":16.0,"key":"Block Potion"},{"floor":24.0,"key":"SteroidPotion"}],"is_trial":false,"path_per_floor":["M","?","$","M","?","?","M","$","T","M","R","$","M","?","R","B",null,"M","M","?","$","?","R","M","M","T","R","E","T","M"],"character_chosen":"DEFECT","items_purchased":["Frozen Egg 2","Defragment+1","Heatsinks+1","Redo","Blizzard","Coolheaded"],"campfire_rested":2,"item_purchase_floors":[3,3,8,12,21,21],"current_hp_per_floor":[74,74,74,74,63,63,56,56,56,56,56,56,53,53,75,14,75,67,66,66,66,66,66,66,56,56,75,37,37,39],"gold":161,"neow_bonus":"RANDOM_COMMON_RELIC","is_prod":false,"is_daily":false,"chose_seed":false,"campfire_upgraded":2,"win_rate":0,"timestamp":1553107644,"path_taken":["M","?","$","M","?","?","M","?","T","M","R","$","M","?","R","BOSS","M","M","?","?","?","R","M","M","T","R","E","?","?"],"build_version":"2019-01-23","purchased_purges":0,"victory":false,"max_hp_per_floor":[75,75,75,75,75,75,75,75,75,75,75,75,75,75,75,75,75,75,75,75,75,75,75,75,75,75,75,75,75,75],"card_choices":[{"not_picked":["Go for the Eyes","Steam"],"picked":"Leap","floor":1.0},{"not_picked":["Hologram","Consume"],"picked":"Cold Snap","floor":4.0},{"not_picked":["Sweeping Beam","Undo"],"picked":"Coolheaded","floor":7.0},{"not_picked":["Seek","Hologram"],"picked":"Barrage","floor":10.0},{"not_picked":["Hello World+1","Gash"],"picked":"Barrage","floor":13.0},{"not_picked":["Meteor Strike","Core Surge"],"picked":"Buffer+1","floor":16.0},{"not_picked":["Conserve Battery","Streamline"],"picked":"Genetic Algorithm","floor":18.0},{"not_picked":["Go for the Eyes","Steam"],"picked":"Stack","floor":19.0},{"not_picked":["Beam Cell","Heatsinks+1"],"picked":"Barrage+1","floor":24.0},{"not_picked":["Scrape","Leap"],"picked":"Multi-Cast","floor":25.0},{"not_picked":["Undo","Cold Snap"],"picked":"Compile Driver","floor":28.0}],"player_experience":328490,"relics_obtained":[{"floor":9.0,"key":"Kunai"},{"floor":26.0,"key":"Singing Bowl"},{"floor":28.0,"key":"Blood Vial"},{"floor":29.0,"key":"Vajra"}],"event_choices":[{"damage_healed":0.0,"max_hp_gain":0.0,"max_hp_loss":0.0,"gold_gain":175.0,"event_name":"Liars Game","player_choice":"AGREE","floor":2.0,"gold_loss":0.0,"damage_taken":0.0,"cards_obtained":["Doubt"]},{"damage_healed":0.0,"max_hp_gain":0.0,"max_hp_loss":0.0,"gold_gain":75.0,"event_name":"World of Goop","player_choice":"Gather Gold","floor":5.0,"gold_loss":0.0,"damage_taken":11.0},{"damage_healed":0.0,"max_hp_gain":0.0,"max_hp_loss":0.0,"gold_gain":0.0,"event_name":"Living Wall","player_choice":"Grow","floor":6.0,"gold_loss":0.0,"damage_taken":0.0,"cards_upgraded":["Dualcast"]},{"damage_healed":0.0,"max_hp_gain":0.0,"max_hp_loss":0.0,"gold_gain":0.0,"event_name":"Golden Idol","player_choice":"Ignored","floor":14.0,"gold_loss":0.0,"damage_taken":0.0},{"damage_healed":0.0,"max_hp_gain":0.0,"max_hp_loss":0.0,"gold_gain":0.0,"event_name":"WeMeetAgain","player_choice":"Gave Potion","floor":20.0,"gold_loss":0.0,"damage_taken":0.0,"relics_obtained":["Pen Nib"]},{"damage_healed":0.0,"max_hp_gain":0.0,"max_hp_loss":0.0,"gold_gain":0.0,"event_name":"The Mausoleum","player_choice":"Opened","floor":22.0,"gold_loss":0.0,"damage_taken":0.0,"relics_obtained":["Tiny Chest"],"cards_obtained":["Writhe"]}],"is_beta":false,"boss_relics":[{"not_picked":["Ectoplasm","White Beast Statue"],"picked":"Nuclear Battery"}],"items_purged_floors":[],"is_endless":false,"potions_floor_spawned":[4,16,24],"killed_by":"Cultist and Chosen","ascension_level":0}