{"gold_per_floor":[111,61,361,361,372,372,397,413,413,413,424,424,252,269,269,369,369,382,53,53,53,53,53,84,84,109,119,150,162,162,182,182,279,279,296,296,10,10,0,26,26,26,77,77,77,94,194,220,220,220,220,220,25,50,50],"floor_reached":56,"playtime":6480,"items_purged":["Strike_G","Writhe"],"score":1162,"play_id":"c2d01c17-ab70-434d-b1d0-2dd938326c32","local_time":"20190327165250","is_ascension_mode":false,"campfire_choices":[{"data":"Footwork","floor":6,"key":"SMITH"},{"data":"Well Laid Plans","floor":10,"key":"SMITH"},{"data":"Dodge and Roll","floor":12,"key":"SMITH"},{"data":"Blade Dance","floor":15,"key":"SMITH"},{"data":"Burst","floor":23,"key":"SMITH"},{"data":"Accuracy","floor":25,"key":"SMITH"},{"floor":30,"key":"REST"},{"data":"Night Terror","floor":32,"key":"SMITH"},{"data":"Choke","floor":42,"key":"SMITH"},{"data":"Cloak And Dagger","floor":45,"key":"SMITH"},{"floor":49,"key":"RECALL"},{"data":"PiercingWail","floor":52,"key":"SMITH"}],"neow_cost":"TEN_PERCENT_HP_LOSS","seed_source_timestamp":19221911866210,"circlet_count":0,"master_deck":["Defend_G","Defend_G","Defend_G+1","Defend_G","Defend_G+1","Strike_G","Strike_G","Survivor","Neutralize","Die Die Die","Cloak And Dagger+1","Footwork+1","Prepared","Well Laid Plans+1","Dodge and Roll+1","Backflip","Accuracy+1","Blade Dance+1","Burst+1","Terror","Infinite Blades+1","Backstab+1","Outmaneuver+1","Night Terror+1","A Thousand Cuts+1","PiercingWail+1","Choke+1","Footwork+1","Finisher"],"relics":["Ring of the Snake","Old Coin","Happy Flower","Bird Faced Urn","Lizard Tail","Frozen Egg 2","Ginger","Bronze Scales","War Paint","Busted Crown","PreservedInsect","Red Mask","Ancient Tea Set","Regal Pillow","Unceasing Top","Anchor","Lantern","Centennial Puzzle"],"potions_floor_usage":[24,27,31,40,48,54,54,55],"damage_taken":[{"damage":0,"enemies":"Small Slimes","floor":1,"turns":1},{"damage":0,"enemies":"2 Louse","floor":5,"turns":2},{"damage":23,"enemies":"3 Sentries","floor":7,"turns":23},{"damage":1,"enemies":"Jaw Worm","floor":8,"turns":3},{"damage":0,"enemies":"Blue Slaver","floor":11,"turns":5},{"damage":1,"enemies":"Exordium Wildlife","floor":14,"turns":6},{"damage":18,"enemies":"The Guardian","floor":16,"turns":14},{"damage":0,"enemies":"3 Byrds","floor":18,"turns":7},{"damage":17,"enemies":"Gremlin Leader","floor":24,"turns":8},{"damage":0,"enemies":"Spheric Guardian","floor":27,"turns":3},{"damage":26,"enemies":"Book of Stabbing","floor":28,"turns":6},{"damage":9,"enemies":"Snake Plant","floor":29,"turns":3},{"damage":0,"enemies":"Cultist and Chosen","floor":31,"turns":5},{"damage":37,"enemies":"Automaton","floor":33,"turns":11},{"damage":3,"enemies":"3 Shapes","floor":35,"turns":7},{"damage":23,"enemies":"Reptomancer","floor":40,"turns":4},{"damage":5,"enemies":"3 Darklings","floor":46,"turns":3},{"damage":1,"enemies":"Mind Bloom Boss Battle","floor":47,"turns":5},{"damage":30,"enemies":"Nemesis","floor":48,"turns":9},{"damage":22,"enemies":"Donu and Deca","floor":50,"turns":9},{"damage":26,"enemies":"Shield and Spear","floor":54,"turns":6},{"damage":118,"enemies":"The Heart","floor":55,"turns":11}],"seed_played":"9123207595508432420","potions_obtained":[{"floor":1,"key":"EssenceOfSteel"},{"floor":5,"key":"Strength Potion"},{"floor":7,"key":"GamblersBrew"},{"floor":14,"key":"SteroidPotion"},{"floor":18,"key":"GhostInAJar"},{"floor":24,"key":"Block Potion"},{"floor":28,"key":"SkillPotion"},{"floor":40,"key":"Explosive Potion"},{"floor":47,"key":"Regen Potion"}],"is_trial":false,"path_per_floor":["M","?","?","?","M","R","E","M","T","R","M","R","$","M","R","B",null,"M","$","?","?","$","R","E","R","T","M","E","M","R","M","R","B",null,"M","?","$","?","?","E","?","R","T","?","R","M","?","E","R","B",null,"R","$","E","B",null],"character_chosen":"THE_SILENT","items_purchased":["Backflip","Accuracy","Frozen Egg 2","Infinite Blades+1","PreservedInsect","Choke","Lantern","SkillPotion"],"campfire_rested":1,"item_purchase_floors":[13,13,19,19,37,37,53,53],"current_hp_per_floor":[63,63,63,63,63,63,40,39,39,39,43,43,43,48,48,36,63,63,63,52,52,52,52,43,43,43,47,29,26,46,52,52,23,68,68,65,65,65,65,44,44,44,44,44,44,49,54,52,52,42,65,65,65,49,12],"gold":50,"neow_bonus":"THREE_RARE_CARDS","is_prod":false,"is_daily":false,"chose_seed":false,"campfire_upgraded":10,"win_rate":0,"timestamp":1553701970,"path_taken":["M","?","?","?","M","R","E","M","T","R","M","R","$","M","R","BOSS","M","$","?","?","?","R","E","R","T","M","E","M","R","M","R","BOSS","M","?","$","?","?","E","?","R","T","?","R","?","?","E","R","BOSS","R","$","E","BOSS"],"build_version":"2019-01-23","purchased_purges":2,"victory":true,"max_hp_per_floor":[63,63,63,63,63,63,63,63,63,63,63,63,63,63,63,63,63,63,63,68,68,68,68,68,68,68,68,68,68,68,68,68,68,68,68,65,65,65,65,65,65,65,65,65,65,65,65,65,65,65,65,65,65,65,65],"card_choices":[{"not_picked":["Adrenaline","A Thousand Cuts"],"picked":"Die Die Die","floor":0},{"not_picked":["Calculated Gamble","Dodge and Roll"],"picked":"Cloak And Dagger","floor":1},{"not_picked":["Underhanded Strike","Accuracy"],"picked":"Footwork","floor":5},{"not_picked":["Poisoned Stab","Riddle With Holes"],"picked":"Prepared","floor":7},{"not_picked":["Quick Slash","Masterful Stab"],"picked":"Well Laid Plans","floor":8},{"not_picked":["Underhanded Strike","Slice"],"picked":"Dodge and Roll","floor":11},{"not_picked":["Caltrops","Choke"],"picked":"Blade Dance","floor":14},{"not_picked":["Venomology","Adrenaline"],"picked":"Burst","floor":16},{"not_picked":["Deflect","Flying Knee"],"picked":"Terror","floor":18},{"not_picked":["Dodge and Roll","Riddle With Holes"],"picked":"Backstab+1","floor":24},{"not_picked":["Tactician","All Out Attack"],"picked":"Outmaneuver+1","floor":27},{"not_picked":["Storm of Steel","Terror+1"],"picked":"Night Terror","floor":28},{"not_picked":["Poisoned Stab","Outmaneuver","Endless Agony"],"picked":"SKIP","floor":29},{"not_picked":["Endless Agony","Acrobatics","Dagger Spray"],"picked":"SKIP","floor":31},{"not_picked":["Storm of Steel","Malaise"],"picked":"A Thousand Cuts+1","floor":33},{"not_picked":[],"picked":"PiercingWail","floor":35},{"not_picked":["Quick Slash"],"picked":"SKIP","floor":40},{"not_picked":["Heel Hook"],"picked":"SKIP","floor":46},{"not_picked":[],"picked":"Footwork+1","floor":47},{"not_picked":[],"picked":"Finisher","floor":48},{"not_picked":["Dash"],"picked":"SKIP","floor":54}],"player_experience":86969,"relics_obtained":[{"floor":7,"key":"Happy Flower"},{"floor":9,"key":"Bird Faced Urn"},{"floor":24,"key":"Bronze Scales"},{"floor":28,"key":"War Paint"},{"floor":40,"key":"Ancient Tea Set"},{"floor":43,"key":"Regal Pillow"},{"floor":47,"key":"Unceasing Top"},{"floor":48,"key":"Anchor"},{"floor":54,"key":"Centennial Puzzle"}],"event_choices":[{"cards_removed":["Strike_G"],"damage_healed":0,"gold_gain":0,"player_choice":"Card Removal","damage_taken":0,"max_hp_gain":0,"max_hp_loss":0,"event_name":"The Cleric","floor":2,"gold_loss":50},{"damage_healed":0,"gold_gain":0,"player_choice":"Box","damage_taken":0,"relics_obtained":["Old Coin"],"max_hp_gain":0,"max_hp_loss":0,"event_name":"Big Fish","floor":3,"gold_loss":0,"cards_obtained":["Regret"]},{"cards_removed":["Regret"],"damage_healed":0,"gold_gain":0,"player_choice":"Forget","damage_taken":0,"max_hp_gain":0,"max_hp_loss":0,"event_name":"Living Wall","floor":4,"gold_loss":0},{"damage_healed":0,"gold_gain":0,"player_choice":"Shed Blood","damage_taken":16,"max_hp_gain":5,"max_hp_loss":0,"event_name":"Forgotten Altar","floor":20,"gold_loss":0},{"damage_healed":0,"gold_gain":0,"player_choice":"Opened","damage_taken":0,"relics_obtained":["Ginger"],"max_hp_gain":0,"max_hp_loss":0,"event_name":"The Mausoleum","floor":21,"gold_loss":0,"cards_obtained":["Writhe"]},{"damage_healed":0,"gold_gain":0,"player_choice":"Max HP","damage_taken":0,"max_hp_gain":0,"max_hp_loss":3,"event_name":"Winding Halls","floor":36,"gold_loss":0},{"cards_removed":["Strike_G"],"damage_healed":0,"gold_gain":0,"player_choice":"Removed Attack","damage_taken":0,"max_hp_gain":0,"max_hp_loss":0,"event_name":"Falling","floor":38,"gold_loss":0},{"damage_healed":0,"gold_gain":0,"player_choice":"Paid","damage_taken":0,"relics_obtained":["Red Mask"],"max_hp_gain":0,"max_hp_loss":0,"event_name":"Tomb of Lord Red Mask","floor":39,"gold_loss":10},{"damage_healed":0,"gold_gain":0,"player_choice":"Ignored","damage_taken":0,"max_hp_gain":0,"max_hp_loss":0,"event_name":"Mysterious Sphere","floor":41,"gold_loss":0},{"damage_healed":0,"gold_gain":0,"player_choice":"Ignored","damage_taken":0,"max_hp_gain":0,"max_hp_loss":0,"event_name":"SecretPortal","floor":44,"gold_loss":0},{"damage_healed":0,"gold_gain":0,"player_choice":"Fight","damage_taken":0,"max_hp_gain":0,"max_hp_loss":0,"event_name":"MindBloom","floor":47,"gold_loss":0}],"is_beta":false,"boss_relics":[{"not_picked":["Velvet Choker","Tiny House"],"picked":"Lizard Tail"},{"not_picked":["Calling Bell","Eternal Feather"],"picked":"Busted Crown"}],"items_purged_floors":[13,37],"is_endless":false,"potions_floor_spawned":[1,5,7,14,18,24,28,40,47],"ascension_level":0}