{"gold_per_floor":[114,114,39,39,50,50,70,98,98,109,185,205,205,218,218,321,321,340,340,255,266,285,285,285,285,285,299,329,105,205,217,217,217],"floor_reached":33,"playtime":2044,"items_purged":["Regret","Strike_R"],"score":247,"play_id":"8f7073a2-f7dc-4153-8a18-67812f686d28","local_time":"20190328213803","is_ascension_mode":false,"campfire_choices":[{"data":"Bash","floor":6,"key":"SMITH"},{"data":"Body Slam","floor":13,"key":"SMITH"},{"data":"Body Slam","floor":15,"key":"SMITH"},{"data":"Armaments","floor":23,"key":"SMITH"},{"data":"True Grit","floor":25,"key":"SMITH"},{"floor":32,"key":"REST"}],"neow_cost":"NONE","seed_source_timestamp":32717775448790,"circlet_count":0,"master_deck":["Strike_R","Strike_R+1","Strike_R","Strike_R","Defend_R","Defend_R","Defend_R","Defend_R","Bash+1","Exhume","Entrench+1","Anger","Cleave","Flame Barrier","Inflame+1","Body Slam+1","Body Slam+1","Fiend Fire","True Grit+1","Armaments+1","Feed","Shrug It Off","Warcry","Sentinel"],"relics":["Burning Blood","Omamori","Orichalcum","Frozen Egg 2","Cursed Key","Sundial","Red Mask"],"potions_floor_usage":[27,28,31,31,33,33],"damage_taken":[{"damage":6,"enemies":"Cultist","floor":1,"turns":3},{"damage":2,"enemies":"2 Louse","floor":5,"turns":3},{"damage":5,"enemies":"Small Slimes","floor":7,"turns":3},{"damage":35,"enemies":"3 Sentries","floor":8,"turns":9},{"damage":2,"enemies":"Blue Slaver","floor":10,"turns":3},{"damage":4,"enemies":"Large Slime","floor":12,"turns":6},{"damage":6,"enemies":"3 Louse","floor":14,"turns":2},{"damage":30,"enemies":"The Guardian","floor":16,"turns":11},{"damage":0,"enemies":"Spheric Guardian","floor":18,"turns":3},{"damage":8,"enemies":"Chosen","floor":21,"turns":5},{"damage":28,"enemies":"Shelled Parasite and Fungi","floor":22,"turns":7},{"damage":21,"enemies":"3 Cultists","floor":27,"turns":5},{"damage":27,"enemies":"Masked Bandits","floor":28,"turns":5},{"damage":6,"enemies":"Snecko","floor":31,"turns":8},{"damage":44,"enemies":"Collector","floor":33,"turns":9}],"seed_played":"-3192087327095075884","potions_obtained":[{"floor":1,"key":"LiquidBronze"},{"floor":7,"key":"SteroidPotion"},{"floor":8,"key":"LiquidBronze"},{"floor":12,"key":"PowerPotion"},{"floor":18,"key":"Block Potion"},{"floor":27,"key":"SkillPotion"},{"floor":31,"key":"BloodPotion"}],"is_trial":false,"path_per_floor":["M","?","$","?","M","R","M","E","T","M","?","M","R","M","R","B",null,"M","?","?","M","M","R","?","R","T","M","?","$","?","M","R","B"],"character_chosen":"IRONCLAD","items_purchased":["EssenceOfSteel","Warcry"],"campfire_rested":1,"item_purchase_floors":[29,29],"current_hp_per_floor":[80,80,80,64,68,68,69,40,40,44,44,46,46,46,46,22,80,80,65,65,63,41,41,41,41,41,26,8,8,8,8,34,0],"gold":217,"neow_bonus":"ONE_RANDOM_RARE_CARD","is_prod":false,"is_daily":false,"chose_seed":false,"campfire_upgraded":5,"win_rate":0,"timestamp":1553805483,"path_taken":["M","?","$","?","M","R","M","E","T","M","?","M","R","M","R","BOSS","M","?","?","M","M","R","?","R","T","M","?","$","?","?","R","BOSS"],"build_version":"2019-01-23","purchased_purges":2,"victory":false,"max_hp_per_floor":[80,80,80,80,80,80,80,80,80,80,80,80,80,80,80,80,80,80,85,85,85,85,85,85,85,85,85,88,88,88,88,88,88],"card_choices":[{"not_picked":["Uppercut","Warcry"],"picked":"Entrench","floor":1},{"not_picked":["Ghostly Armor","Clash"],"picked":"Anger","floor":5},{"not_picked":["Wild Strike","Sword Boomerang"],"picked":"Cleave","floor":7},{"not_picked":["Dual Wield","Headbutt"],"picked":"Flame Barrier","floor":8},{"not_picked":["Pommel Strike","Iron Wave"],"picked":"Inflame+1","floor":10},{"not_picked":["Corruption+1","Pommel Strike"],"picked":"Body Slam","floor":12},{"not_picked":["Rupture+1","Warcry"],"picked":"Body Slam","floor":14},{"not_picked":["Exhume","Double Tap"],"picked":"Fiend Fire","floor":16},{"not_picked":["Intimidate","Second Wind"],"picked":"True Grit","floor":18},{"not_picked":["Heavy Blade","Perfected Strike","Sever Soul+1"],"picked":"SKIP","floor":21},{"not_picked":["True Grit","Wild Strike"],"picked":"Armaments","floor":22},{"not_picked":["Flex+1","Perfected Strike"],"picked":"Feed","floor":27},{"not_picked":["Twin Strike+1","Headbutt"],"picked":"Shrug It Off","floor":28},{"not_picked":["Armaments","Inflame+1"],"picked":"Sentinel","floor":31}],"player_experience":108026,"relics_obtained":[{"floor":8,"key":"Orichalcum"},{"floor":9,"key":"Frozen Egg 2"},{"floor":28,"key":"Red Mask"}],"event_choices":[{"damage_healed":0,"gold_gain":0,"player_choice":"Box","damage_taken":0,"relics_obtained":["Omamori"],"max_hp_gain":0,"max_hp_loss":0,"event_name":"Big Fish","floor":2,"gold_loss":0,"cards_obtained":["Regret"]},{"damage_healed":0,"gold_gain":0,"player_choice":"Entered Light","damage_taken":16,"max_hp_gain":0,"max_hp_loss":0,"event_name":"Shining Light","floor":4,"gold_loss":0,"cards_upgraded":["Entrench","Strike_R"]},{"damage_healed":0,"gold_gain":76,"player_choice":"Gained Gold","damage_taken":0,"max_hp_gain":0,"max_hp_loss":0,"event_name":"Golden Wing","floor":11,"gold_loss":0},{"damage_healed":0,"gold_gain":0,"player_choice":"Shed Blood","damage_taken":20,"max_hp_gain":5,"max_hp_loss":0,"event_name":"Forgotten Altar","floor":19,"gold_loss":0},{"damage_healed":0,"gold_gain":0,"player_choice":"Obtained Relic","damage_taken":0,"relics_obtained":["Sundial"],"max_hp_gain":0,"max_hp_loss":0,"event_name":"Addict","floor":20,"gold_loss":85},{"damage_healed":0,"gold_gain":0,"player_choice":"Ignored","damage_taken":0,"max_hp_gain":0,"max_hp_loss":0,"event_name":"Vampires","floor":24,"gold_loss":0},{"damage_healed":0,"gold_gain":0,"player_choice":"Fought Bandits","damage_taken":0,"max_hp_gain":0,"max_hp_loss":0,"event_name":"Masked Bandits","floor":28,"gold_loss":0},{"damage_healed":0,"gold_gain":100,"player_choice":"Pray","damage_taken":0,"max_hp_gain":0,"max_hp_loss":0,"event_name":"Golden Shrine","floor":30,"gold_loss":0}],"is_beta":false,"boss_relics":[{"not_picked":["Eternal Feather","Sozu"],"picked":"Cursed Key"}],"items_purged_floors":[3,29],"is_endless":false,"potions_floor_spawned":[1,7,8,12,18,27,31],"killed_by":"Collector","ascension_level":0}