{"gold_per_floor":[116,136,311,311,326,326,357,371,371,383,399,410,438,24,24,126,126,143,153,167,181,181],"floor_reached":22,"playtime":1792,"items_purged":[],"score":202,"play_id":"db97b7e4-0e09-4b50-a063-28bda43e4f93","local_time":"20181223150822","is_ascension_mode":false,"campfire_choices":[{"data":"Zap","floor":6,"key":"SMITH"},{"floor":15,"key":"REST"}],"neow_cost":"NONE","seed_source_timestamp":6269143631414,"circlet_count":0,"master_deck":["Strike_B","Strike_B","Strike_B","Defend_B","Defend_B","Defend_B","Defend_B","Zap+1","Barrage","BootSequence","Barrage","Skim","Hello World","Beam Cell","Chill","Defragment","Steam Power","Aggregate","Dramatic Entrance","Echo Form","Loop","Electrodynamics","Reprogram+1","Streamline+1"],"relics":["Cracked Core","Dodecahedron","Bottled Flame","Mercury Hourglass","Question Card","Empty Cage"],"potions_floor_usage":[13,19,20],"damage_taken":[{"damage":5,"enemies":"Jaw Worm","floor":1,"turns":4},{"damage":6,"enemies":"Small Slimes","floor":2,"turns":3},{"damage":10,"enemies":"Cultist","floor":5,"turns":4},{"damage":19,"enemies":"Gremlin Nob","floor":7,"turns":4},{"damage":13,"enemies":"Gremlin Gang","floor":8,"turns":4},{"damage":1,"enemies":"Exordium Wildlife","floor":10,"turns":4},{"damage":1,"enemies":"Large Slime","floor":11,"turns":5},{"damage":0,"enemies":"2 Fungi Beasts","floor":12,"turns":3},{"damage":11,"enemies":"Lagavulin","floor":13,"turns":5},{"damage":22,"enemies":"The Guardian","floor":16,"turns":11},{"damage":2,"enemies":"3 Byrds","floor":18,"turns":5},{"damage":8,"enemies":"2 Thieves","floor":19,"turns":4},{"damage":22,"enemies":"Snake Plant","floor":20,"turns":5},{"damage":26,"enemies":"Shelled Parasite and Fungi","floor":21,"turns":5},{"damage":24,"enemies":"Chosen and Byrds","floor":22,"turns":4}],"seed_played":"2237934297742694207","potions_obtained":[{"floor":2,"key":"Block Potion"},{"floor":11,"key":"LiquidBronze"},{"floor":12,"key":"PowerPotion"},{"floor":13,"key":"Weak Potion"},{"floor":18,"key":"Block Potion"},{"floor":20,"key":"SkillPotion"},{"floor":21,"key":"EssenceOfSteel"}],"is_trial":false,"path_per_floor":["M","M","?","?","M","R","E","M","T","M","M","M","E","$","R","B",null,"M","M","M","M","M"],"character_chosen":"DEFECT","items_purchased":["Aggregate","Dramatic Entrance","Question Card"],"campfire_rested":1,"item_purchase_floors":[14,14,14],"current_hp_per_floor":[77,71,71,71,61,61,42,29,29,28,27,27,16,16,40,18,82,80,72,50,24,0],"gold":181,"neow_bonus":"TEN_PERCENT_HP_BONUS","is_prod":false,"is_daily":false,"chose_seed":false,"campfire_upgraded":1,"win_rate":0,"timestamp":1545574102,"path_taken":["M","M","?","?","M","R","E","M","T","M","M","?","E","$","R","BOSS","M","M","M","M","M"],"build_version":"2018-12-20","purchased_purges":0,"victory":false,"max_hp_per_floor":[82,82,82,82,82,82,82,82,82,82,82,82,82,82,82,82,82,82,82,82,82,82],"card_choices":[{"not_picked":["Ball Lightning","Turbo"],"picked":"Barrage","floor":1},{"not_picked":["Beam Cell","Turbo"],"picked":"BootSequence","floor":2},{"not_picked":["Streamline","Steam"],"picked":"Barrage","floor":5},{"not_picked":["Thunder Strike","Fission"],"picked":"Skim","floor":7},{"not_picked":["Chaos","Redo"],"picked":"Hello World","floor":8},{"not_picked":["Heatsinks","Leap"],"picked":"Beam Cell","floor":10},{"not_picked":["Darkness","Beam Cell"],"picked":"Chill","floor":11},{"not_picked":["Gash","Multi-Cast"],"picked":"Defragment","floor":12},{"not_picked":["Melter","Barrage"],"picked":"Steam Power","floor":13},{"not_picked":["Meteor Strike","Reboot","Multi-Cast"],"picked":"Echo Form","floor":16},{"not_picked":["Compile Driver","Redo","Static Discharge"],"picked":"Loop","floor":18},{"not_picked":["Sweeping Beam","Compile Driver","Chaos"],"picked":"Electrodynamics","floor":19},{"not_picked":["Lockon","Compile Driver","Static Discharge"],"picked":"Reprogram+1","floor":20},{"not_picked":["Barrage+1","Redo","Compile Driver+1"],"picked":"Streamline+1","floor":21}],"player_experience":43238,"relics_obtained":[{"floor":7,"key":"Dodecahedron"},{"floor":9,"key":"Bottled Flame"},{"floor":13,"key":"Mercury Hourglass"}],"event_choices":[{"damage_healed":0,"gold_gain":175,"player_choice":"AGREE","damage_taken":0,"max_hp_gain":0,"max_hp_loss":0,"event_name":"Liars Game","floor":3,"gold_loss":0,"cards_obtained":["Doubt"]},{"cards_removed":["Dualcast"],"damage_healed":0,"gold_gain":0,"player_choice":"Offered Basic","damage_taken":0,"max_hp_gain":0,"max_hp_loss":0,"event_name":"Bonfire Elementals","floor":4,"gold_loss":0}],"is_beta":false,"boss_relics":[{"not_picked":["Snecko Eye","Busted Crown"],"picked":"Empty Cage"}],"items_purged_floors":[],"is_endless":false,"potions_floor_spawned":[2,11,12,13,18,20,21],"killed_by":"Chosen and Byrds","ascension_level":0}