{"gold_per_floor":[111,125,95,110,127,127,156,156,230,230,244,263,278,27,27,130,130,144,161,161,161,5,5,5,33,33,53,71,71,19,37,37,139,139,152,0,0,10,110,128,128],"floor_reached":41,"playtime":2190,"items_purged":[],"score":415,"play_id":"c9f05be9-07b1-4d4c-bbde-abb4d27a0ff7","local_time":"20190319225000","is_ascension_mode":false,"campfire_choices":[{"data":"Crippling Poison","floor":6.0,"key":"SMITH"},{"data":"Noxious Fumes","floor":8.0,"key":"SMITH"},{"data":"Noxious Fumes","floor":10.0,"key":"SMITH"},{"floor":15.0,"key":"REST"},{"data":"Neutralize","floor":23.0,"key":"SMITH"},{"data":"Bane","floor":29.0,"key":"SMITH"},{"data":"Bane","floor":32.0,"key":"SMITH"}],"neow_cost":"NONE","seed_source_timestamp":0,"circlet_count":0,"master_deck":["Defend_G","Defend_G","Defend_G","Defend_G","Strike_G","Strike_G","Strike_G","Strike_G","Survivor","Neutralize+1","PiercingWail","Crippling Poison+1","Deadly Poison","Noxious Fumes+1","Noxious Fumes+1","Poisoned Stab","Flying Knee","Bouncing Flask+1","Heel Hook","Quick Slash","Adrenaline+1","Backflip+1","Distraction+1","Well Laid Plans","Expertise+1","Bane+1","Bane+1","Acrobatics+1","Bane+1","Prepared+1","Die Die Die","Poisoned Stab+1","Prepared+1"],"special_seed":0,"relics":["Ring of the Snake","Tough Bandages","Toxic Egg 2","Lantern","Eternal Feather","Enchiridion","Snake Skull","Regal Pillow","Ginger","Black Star","Red Mask","Girya"],"potions_floor_usage":[40,41],"damage_taken":[{"damage":2.0,"enemies":"2 Louse","floor":1.0,"turns":2.0},{"damage":0.0,"enemies":"Cultist","floor":2.0,"turns":5.0},{"damage":0.0,"enemies":"Small Slimes","floor":4.0,"turns":3.0},{"damage":0.0,"enemies":"2 Fungi Beasts","floor":5.0,"turns":2.0},{"damage":14.0,"enemies":"Gremlin Nob","floor":7.0,"turns":4.0},{"damage":0.0,"enemies":"Looter","floor":11.0,"turns":4.0},{"damage":0.0,"enemies":"3 Louse","floor":12.0,"turns":2.0},{"damage":9.0,"enemies":"Blue Slaver","floor":13.0,"turns":4.0},{"damage":27.0,"enemies":"Hexaghost","floor":16.0,"turns":6.0},{"damage":0.0,"enemies":"Spheric Guardian","floor":18.0,"turns":3.0},{"damage":0.0,"enemies":"Chosen","floor":19.0,"turns":3.0},{"damage":23.0,"enemies":"Slavers","floor":25.0,"turns":3.0},{"damage":0.0,"enemies":"Centurion and Healer","floor":27.0,"turns":5.0},{"damage":0.0,"enemies":"Snake Plant","floor":28.0,"turns":3.0},{"damage":1.0,"enemies":"Snecko","floor":31.0,"turns":3.0},{"damage":45.0,"enemies":"Collector","floor":33.0,"turns":6.0},{"damage":1.0,"enemies":"Orb Walker","floor":35.0,"turns":3.0},{"damage":0.0,"enemies":"3 Shapes","floor":38.0,"turns":4.0},{"damage":10.0,"enemies":"Mind Bloom Boss Battle","floor":39.0,"turns":4.0},{"damage":18,"enemies":"3 Darklings","floor":40,"turns":5},{"damage":46,"enemies":"Giant Head","floor":41,"turns":6}],"seed_played":"-8454356311373409856","potions_obtained":[{"floor":2.0,"key":"FearPotion"},{"floor":3.0,"key":"Explosive Potion"},{"floor":3.0,"key":"SkillPotion"},{"floor":4.0,"key":"Regen Potion"},{"floor":12.0,"key":"SteroidPotion"},{"floor":13.0,"key":"Weak Potion"},{"floor":28.0,"key":"LiquidBronze"},{"floor":33.0,"key":"Strength Potion"}],"is_trial":false,"path_per_floor":["M","M","?","M","M","R","E","R","T","R","M","M","M","$","R","B",null,"M","M","?","?","$","R","?","E","T","M","M","R","$","M","R","B",null,"M","?","?","M","?","M","E"],"character_chosen":"THE_SILENT","items_purchased":["Heel Hook","Lantern","Quick Slash","Snake Skull","Bane"],"campfire_rested":1,"item_purchase_floors":[14,14,14,22,30],"current_hp_per_floor":[68,68,68,68,68,68,63,63,63,63,63,63,54,54,70,43,70,70,70,54,54,54,69,69,46,46,46,46,61,61,60,70,25,70,69,69,69,69,59,41,0],"gold":128,"neow_bonus":"TRANSFORM_CARD","is_prod":false,"is_daily":false,"chose_seed":false,"campfire_upgraded":6,"win_rate":0.0,"timestamp":1553032200,"path_taken":["M","M","?","M","M","R","E","R","T","R","?","M","M","$","R","BOSS","M","M","?","?","$","R","?","E","T","M","M","R","$","M","R","BOSS","M","?","?","M","?","M","E"],"build_version":"2019-01-23","purchased_purges":0,"victory":false,"max_hp_per_floor":[70,70,70,70,70,70,70,70,70,70,70,70,70,70,70,70,70,70,70,70,70,70,70,70,70,70,70,70,70,70,70,70,70,70,70,70,70,70,70,70,70],"card_choices":[{"not_picked":["Dagger Throw","Noxious Fumes"],"picked":"Crippling Poison","floor":1.0},{"not_picked":["Cloak And Dagger","PiercingWail"],"picked":"Deadly Poison","floor":2.0},{"not_picked":["Storm of Steel","Underhanded Strike"],"picked":"Noxious Fumes","floor":4.0},{"not_picked":["Flechettes","Reflex"],"picked":"Noxious Fumes","floor":5.0},{"not_picked":["Backflip","Eviscerate"],"picked":"Heel Hook","floor":7.0},{"not_picked":["Deadly Poison+1","Bouncing Flask+1"],"picked":"Poisoned Stab","floor":11.0},{"not_picked":["Reflex+1","Flechettes"],"picked":"Flying Knee","floor":12.0},{"not_picked":["Dash","Deflect+1"],"picked":"Bouncing Flask+1","floor":13.0},{"not_picked":["Die Die Die","Phantasmal Killer+1"],"picked":"Adrenaline+1","floor":16.0},{"not_picked":["Masterful Stab+1","Dagger Spray"],"picked":"Backflip+1","floor":18.0},{"not_picked":["Deadly Poison+1","All Out Attack+1"],"picked":"Distraction+1","floor":19.0},{"not_picked":["PiercingWail+1","Finisher"],"picked":"Bane","floor":25.0},{"not_picked":["Outmaneuver+1","Phantasmal Killer+1"],"picked":"Bane+1","floor":27.0},{"not_picked":["Infinite Blades","All Out Attack"],"picked":"Acrobatics+1","floor":28.0},{"not_picked":["Flying Knee","Dodge and Roll+1"],"picked":"Prepared+1","floor":31.0},{"not_picked":["A Thousand Cuts","Tools of the Trade"],"picked":"Die Die Die","floor":33.0},{"not_picked":["Flying Knee+1","Prepared+1"],"picked":"Poisoned Stab+1","floor":35.0},{"not_picked":["Slice","Finisher","Acrobatics+1"],"picked":"SKIP","floor":38.0},{"not_picked":["Cloak And Dagger+1","Slice+1"],"picked":"Prepared+1","floor":39.0},{"not_picked":["Footwork","All Out Attack+1","Blade Dance+1"],"picked":"SKIP","floor":40}],"player_experience":325208,"relics_obtained":[{"floor":7.0,"key":"Tough Bandages"},{"floor":9.0,"key":"Toxic Egg 2"},{"floor":20.0,"key":"Enchiridion"},{"floor":25.0,"key":"Regal Pillow"},{"floor":26.0,"key":"Ginger"},{"floor":39.0,"key":"Girya"}],"event_choices":[{"damage_healed":0.0,"max_hp_gain":0.0,"max_hp_loss":0.0,"gold_gain":0.0,"event_name":"The Woman in Blue","player_choice":"Bought 2 Potions","floor":3.0,"gold_loss":0.0,"damage_taken":0.0},{"damage_healed":0.0,"max_hp_gain":0.0,"max_hp_loss":0.0,"gold_gain":0.0,"event_name":"Cursed Tome","player_choice":"Obtained Book","floor":20.0,"gold_loss":0.0,"damage_taken":16.0},{"damage_healed":0.0,"max_hp_gain":0.0,"max_hp_loss":0.0,"gold_gain":0.0,"event_name":"Vampires","player_choice":"Ignored","floor":21.0,"gold_loss":0.0,"damage_taken":0.0},{"damage_healed":0.0,"max_hp_gain":0.0,"max_hp_loss":0.0,"gold_gain":0.0,"cards_transformed":["Heel Hook","Defend_G"],"event_name":"Drug Dealer","player_choice":"Became Test Subject","floor":24.0,"gold_loss":0.0,"damage_taken":0.0,"cards_obtained":["Well Laid Plans","Expertise"]},{"damage_healed":0.0,"max_hp_gain":0.0,"max_hp_loss":0.0,"gold_gain":0.0,"event_name":"Tomb of Lord Red Mask","player_choice":"Paid","floor":36.0,"gold_loss":152.0,"damage_taken":0.0,"relics_obtained":["Red Mask"]},{"damage_healed":0.0,"max_hp_gain":0.0,"max_hp_loss":0.0,"gold_gain":0.0,"event_name":"Mysterious Sphere","player_choice":"Ignored","floor":37.0,"gold_loss":0.0,"damage_taken":0.0},{"damage_healed":0.0,"max_hp_gain":0.0,"max_hp_loss":0.0,"gold_gain":0.0,"event_name":"MindBloom","player_choice":"Fight","floor":39.0,"gold_loss":0.0,"damage_taken":0.0}],"is_beta":false,"boss_relics":[{"not_picked":["Ectoplasm","HoveringKite"],"picked":"Eternal Feather"},{"not_picked":["WristBlade","White Beast Statue"],"picked":"Black Star"}],"items_purged_floors":[],"is_endless":false,"potions_floor_spawned":[2,4,12,13,28,33,35],"killed_by":"Giant Head","ascension_level":0}