{"gold_per_floor":[117,117,117,117,117,150,150,180,180,192,231,203,215,241,253,362,374,403,434,446,478,505,517,73,73,121,121,121,137,137,164,164,263,263,280,280,280,145,160,160,172,172,172,172,47,147,163,196,196,196],"floor_reached":50,"playtime":1623,"items_purged":["Defend_R","Strike_R","Dramatic Entrance"],"score":850,"play_id":"3904b0ee-d04c-46b7-b8ad-38808f2e8417","local_time":"20190319175822","is_ascension_mode":true,"campfire_choices":[{"data":"Bash","floor":7,"key":"SMITH"},{"data":"Thunderclap","floor":13,"key":"SMITH"},{"data":"Anger","floor":15,"key":"SMITH"},{"data":"Offering","floor":23,"key":"SMITH"},{"data":"Double Tap","floor":27,"key":"SMITH"},{"data":"Anger","floor":30,"key":"SMITH"},{"floor":32,"key":"REST"},{"floor":40,"key":"REST"},{"data":"Pommel Strike","floor":42,"key":"SMITH"},{"data":"Pommel Strike","floor":44,"key":"SMITH"},{"data":"True Grit","floor":49,"key":"SMITH"}],"neow_cost":"NONE","seed_source_timestamp":4559819915424,"circlet_count":0,"master_deck":["Defend_R","Defend_R","Bash+1","Anger+1","Thunderclap+1","True Grit+1","Anger+1","Offering+1","Pommel Strike+1","Pommel Strike+1","Clash+1","Pommel Strike+1","Double Tap+1","Bludgeon+1","Offering+1","Rampage+1","Cleave+1","Whirlwind+1","Pommel Strike+1"],"relics":["Burning Blood","NeowsBlessing","Matryoshka","Bag of Preparation","Pantograph","Bottled Flame","MawBank","Happy Flower","Sozu","Du-Vu Doll","MealTicket","Paper Frog","Red Skull","Molten Egg 2","Empty Cage","Ornamental Fan","Unceasing Top","Mummified Hand"],"potions_floor_usage":[16,50],"damage_taken":[{"damage":0,"enemies":"Cultist","floor":1,"turns":1},{"damage":0,"enemies":"3 Sentries","floor":6,"turns":2},{"damage":0,"enemies":"Lagavulin","floor":8,"turns":1},{"damage":25,"enemies":"Gremlin Nob","floor":11,"turns":4},{"damage":2,"enemies":"Small Slimes","floor":14,"turns":5},{"damage":79,"enemies":"Slime Boss","floor":16,"turns":13},{"damage":11,"enemies":"3 Byrds","floor":18,"turns":4},{"damage":6,"enemies":"Chosen","floor":19,"turns":4},{"damage":13,"enemies":"Snake Plant","floor":21,"turns":3},{"damage":6,"enemies":"Cultist and Chosen","floor":22,"turns":4},{"damage":14,"enemies":"Colosseum Slavers","floor":25,"turns":3},{"damage":6,"enemies":"Snecko","floor":29,"turns":2},{"damage":13,"enemies":"Book of Stabbing","floor":31,"turns":2},{"damage":36,"enemies":"Collector","floor":33,"turns":5},{"damage":29,"enemies":"3 Darklings","floor":35,"turns":3},{"damage":43,"enemies":"3 Shapes","floor":39,"turns":2},{"damage":6,"enemies":"3 Darklings","floor":41,"turns":2},{"damage":0,"enemies":"Mind Bloom Boss Battle","floor":46,"turns":2},{"damage":20,"enemies":"Sphere and 2 Shapes","floor":47,"turns":2},{"damage":13,"enemies":"Nemesis","floor":48,"turns":3},{"damage":96,"enemies":"Awakened One","floor":50,"turns":5}],"seed_played":"9095792979688311485","potions_obtained":[{"floor":11,"key":"Poison Potion"},{"floor":16,"key":"SneckoOil"}],"is_trial":false,"path_per_floor":["M","?","?","T","?","E","R","E","T","?","E","?","R","M","R","B",null,"M","M","?","M","M","R","$","?","T","R","?","M","R","E","R","B",null,"M","?","?","$","M","R","M","R","T","R","$","?","M","E","R","B"],"character_chosen":"IRONCLAD","items_purchased":["MealTicket","Dramatic Entrance","Double Tap","Rampage+1"],"campfire_rested":2,"item_purchase_floors":[24,24,24,38],"current_hp_per_floor":[78,71,71,71,71,77,77,80,80,85,66,66,66,70,70,12,67,62,62,62,55,55,55,55,47,47,47,47,47,47,40,65,55,78,55,55,55,70,33,58,58,58,58,58,58,85,71,64,64,0],"gold":196,"neow_bonus":"THREE_ENEMY_KILL","is_prod":false,"is_daily":false,"chose_seed":false,"campfire_upgraded":9,"win_rate":0,"timestamp":1552985902,"path_taken":["M","?","?","?","?","E","R","E","T","?","E","?","R","M","R","BOSS","M","M","?","M","M","R","$","?","T","R","?","?","R","E","R","BOSS","M","?","?","$","?","R","M","R","T","R","?","?","M","E","R","BOSS"],"build_version":"2019-01-23","purchased_purges":3,"victory":false,"max_hp_per_floor":[80,80,80,80,80,80,80,80,80,85,85,85,85,85,85,85,85,85,85,85,85,85,85,85,85,85,85,85,85,85,85,85,85,85,85,85,85,85,85,85,85,85,85,85,85,85,85,85,85,85],"card_choices":[{"not_picked":["Anger","Iron Wave","Reckless Charge"],"picked":"SKIP","floor":1},{"not_picked":["Pommel Strike","Shrug It Off"],"picked":"Anger","floor":6},{"not_picked":["Reckless Charge","Anger"],"picked":"Thunderclap","floor":8},{"not_picked":["Sentinel","Headbutt"],"picked":"True Grit","floor":11},{"not_picked":["Headbutt","Perfected Strike"],"picked":"Anger","floor":14},{"not_picked":["Impervious","Double Tap"],"picked":"Offering","floor":16},{"not_picked":["Second Wind","Heavy Blade+1"],"picked":"Pommel Strike","floor":18},{"not_picked":["Armaments","Burning Pact+1"],"picked":"Pommel Strike+1","floor":19},{"not_picked":["Burning Pact","Entrench"],"picked":"Clash+1","floor":21},{"not_picked":["Second Wind","Headbutt"],"picked":"Pommel Strike","floor":22},{"not_picked":["Reaper","Havoc","Uppercut+1"],"picked":"SKIP","floor":29},{"not_picked":["True Grit","Clothesline+1","Hemokinesis"],"picked":"SKIP","floor":31},{"not_picked":["Reaper+1","Berserk"],"picked":"Bludgeon+1","floor":33},{"not_picked":["True Grit","Entrench","Wild Strike+1"],"picked":"SKIP","floor":35},{"not_picked":["Armaments+1","Warcry+1"],"picked":"Cleave+1","floor":39},{"not_picked":["Armaments+1","Feel No Pain+1","Reckless Charge+1"],"picked":"SKIP","floor":41},{"not_picked":["Searing Blow+1","Fire Breathing"],"picked":"Whirlwind+1","floor":46},{"not_picked":["Sentinel","Armaments","Hemokinesis+1"],"picked":"SKIP","floor":47},{"not_picked":["Double Tap","Shockwave"],"picked":"Pommel Strike+1","floor":48}],"player_experience":348967,"relics_obtained":[{"floor":4,"key":"Matryoshka"},{"floor":6,"key":"Bag of Preparation"},{"floor":8,"key":"Pantograph"},{"floor":9,"key":"Bottled Flame"},{"floor":9,"key":"MawBank"},{"floor":11,"key":"Happy Flower"},{"floor":26,"key":"Paper Frog"},{"floor":26,"key":"Red Skull"},{"floor":31,"key":"Molten Egg 2"},{"floor":43,"key":"Ornamental Fan"},{"floor":46,"key":"Unceasing Top"},{"floor":48,"key":"Mummified Hand"}],"event_choices":[{"cards_removed":["Strike_R"],"damage_healed":0,"gold_gain":0,"player_choice":"Card Removal","damage_taken":7,"max_hp_gain":0,"max_hp_loss":0,"event_name":"Golden Wing","floor":2,"gold_loss":0},{"damage_healed":0,"gold_gain":0,"player_choice":"Ignored","damage_taken":0,"max_hp_gain":0,"max_hp_loss":0,"event_name":"Liars Game","floor":3,"gold_loss":0},{"cards_removed":["Strike_R"],"damage_healed":0,"gold_gain":0,"player_choice":"Forget","damage_taken":0,"max_hp_gain":0,"max_hp_loss":0,"event_name":"Living Wall","floor":5,"gold_loss":0},{"damage_healed":0,"gold_gain":0,"player_choice":"Donut","damage_taken":0,"max_hp_gain":5,"max_hp_loss":0,"event_name":"Big Fish","floor":10,"gold_loss":0},{"damage_healed":0,"gold_gain":0,"player_choice":"Left Gold","damage_taken":0,"max_hp_gain":0,"max_hp_loss":0,"event_name":"World of Goop","floor":12,"gold_loss":40},{"damage_healed":0,"gold_gain":0,"player_choice":"Opened","damage_taken":0,"relics_obtained":["Du-Vu Doll"],"max_hp_gain":0,"max_hp_loss":0,"event_name":"The Mausoleum","floor":20,"gold_loss":0},{"damage_healed":0,"gold_gain":0,"player_choice":"Fight","damage_taken":0,"max_hp_gain":0,"max_hp_loss":0,"event_name":"Colosseum","floor":25,"gold_loss":0},{"damage_healed":0,"gold_gain":0,"player_choice":"Fled From Nobs","damage_taken":0,"max_hp_gain":0,"max_hp_loss":0,"event_name":"Colosseum","floor":25,"gold_loss":0},{"damage_healed":0,"gold_gain":0,"player_choice":"Bought 0 Potions","damage_taken":0,"max_hp_gain":0,"max_hp_loss":0,"event_name":"The Woman in Blue","floor":28,"gold_loss":0},{"cards_removed":["Defend_R"],"damage_healed":0,"gold_gain":0,"player_choice":"Removed Skill","damage_taken":0,"max_hp_gain":0,"max_hp_loss":0,"event_name":"Falling","floor":36,"gold_loss":0},{"damage_healed":0,"gold_gain":0,"player_choice":"Copied","damage_taken":0,"max_hp_gain":0,"max_hp_loss":0,"event_name":"Duplicator","floor":37,"gold_loss":0,"cards_obtained":["Offering"]},{"damage_healed":0,"gold_gain":0,"player_choice":"Fight","damage_taken":0,"max_hp_gain":0,"max_hp_loss":0,"event_name":"MindBloom","floor":46,"gold_loss":0}],"is_beta":false,"boss_relics":[{"not_picked":["Snecko Eye","Mark of Pain"],"picked":"Sozu"},{"not_picked":["Runic Dome","Runic Pyramid"],"picked":"Empty Cage"}],"items_purged_floors":[24,38,45],"is_endless":false,"potions_floor_spawned":[11,16,21,22,31,35,47,48],"killed_by":"Awakened One","ascension_level":9}