{"gold_per_floor":[115,134,147,147,177,189,229,260,297,309],"floor_reached":10,"playtime":751,"items_purged":[],"score":70,"play_id":"ab5509cf-b635-4094-aa3b-e0eb7648f268","local_time":"20181122103603","is_ascension_mode":false,"campfire_choices":[{"data":"Cleave","floor":6,"key":"SMITH"}],"neow_cost":"NONE","seed_source_timestamp":2476523932791,"circlet_count":0,"master_deck":["Strike_R","Strike_R","Strike_R","Strike_R","Strike_R","Defend_R","Defend_R","Defend_R","Defend_R","Bash+1","Anger","Cleave+1","Seeing Red","Regret","Searing Blow","Seeing Red","Twin Strike"],"relics":["Burning Blood","MawBank","Bronze Scales","Ancient Tea Set","Boot"],"potions_floor_usage":[10],"damage_taken":[{"damage":6,"enemies":"Cultist","floor":1,"turns":3},{"damage":0,"enemies":"Small Slimes","floor":2,"turns":4},{"damage":11,"enemies":"Jaw Worm","floor":3,"turns":2},{"damage":17,"enemies":"Looter","floor":5,"turns":3},{"damage":40,"enemies":"3 Sentries","floor":7,"turns":6},{"damage":14,"enemies":"Exordium Thugs","floor":8,"turns":4},{"damage":27,"enemies":"Lagavulin Event","floor":10,"turns":3}],"seed_played":"8842391628351350086","potions_obtained":[{"floor":5,"key":"Weak Potion"},{"floor":7,"key":"SpeedPotion"},{"floor":8,"key":"SmokeBomb"}],"is_trial":false,"path_per_floor":["M","M","M","?","M","R","E","M","T","?"],"character_chosen":"IRONCLAD","items_purchased":[],"campfire_rested":0,"item_purchase_floors":[],"current_hp_per_floor":[80,80,75,75,64,64,30,22,22,0],"gold":309,"neow_bonus":"UPGRADE_CARD","is_prod":false,"is_daily":false,"chose_seed":false,"campfire_upgraded":1,"win_rate":0.0,"timestamp":1542850563,"path_taken":["M","M","M","?","M","R","E","M","T","?"],"build_version":"2018-11-15","purchased_purges":0,"victory":false,"max_hp_per_floor":[80,80,80,80,80,80,80,80,80,80],"card_choices":[{"not_picked":["Sword Boomerang","Inflame"],"picked":"Anger","floor":1},{"not_picked":["Heavy Blade","Thunderclap"],"picked":"Cleave","floor":2},{"not_picked":["Brutality","Hemokinesis"],"picked":"Seeing Red","floor":3},{"not_picked":["Battle Trance","Sever Soul"],"picked":"Searing Blow","floor":5},{"not_picked":["Warcry","Armaments"],"picked":"Seeing Red","floor":7},{"not_picked":["Anger","Burning Pact"],"picked":"Twin Strike","floor":8}],"player_experience":17474,"relics_obtained":[{"floor":7,"key":"Bronze Scales"},{"floor":9,"key":"Ancient Tea Set"}],"event_choices":[{"damage_healed":0,"gold_gain":0,"player_choice":"Box","damage_taken":0,"relics_obtained":["MawBank"],"max_hp_gain":0,"max_hp_loss":0,"event_name":"Big Fish","floor":4,"gold_loss":0,"cards_obtained":["Regret"]},{"damage_healed":0,"gold_gain":0,"player_choice":"Searched \u00273\u0027 times","damage_taken":0,"relics_obtained":["Boot"],"max_hp_gain":0,"max_hp_loss":0,"event_name":"Dead Adventurer","floor":10,"gold_loss":0}],"is_beta":false,"boss_relics":[],"items_purged_floors":[],"is_endless":false,"potions_floor_spawned":[5,7,8],"killed_by":"Lagavulin Event","ascension_level":0}