{"gold_per_floor":[113,63,83,35,51,51,68,68,94,129,143,44,44,61,61,164,164,183,30,46,46,46,58,77,77,77,103,103,122,122,122,122,224,274,290,1289,1289,1289,1289,1289,547,547,547,560,560,572,583,583,583,583],"floor_reached":50,"playtime":1104,"items_purged":[],"score":515,"play_id":"69f2f519-fe4d-4b20-b6b5-23b94a5e43b4","local_time":"20190314190457","is_ascension_mode":false,"campfire_choices":[{"data":"Perfected Strike","floor":6,"key":"SMITH"},{"data":"Pommel Strike","floor":8,"key":"SMITH"},{"data":"Offering","floor":15,"key":"SMITH"},{"data":"Perfected Strike","floor":25,"key":"SMITH"},{"data":"Twin Strike","floor":28,"key":"SMITH"},{"data":"Double Tap","floor":30,"key":"SMITH"},{"data":"Power Through","floor":32,"key":"SMITH"},{"data":"Perfected Strike","floor":40,"key":"SMITH"},{"data":"Apotheosis","floor":42,"key":"SMITH"},{"data":"Perfected Strike","floor":45,"key":"SMITH"},{"floor":49,"key":"REST"}],"neow_cost":"NONE","seed_source_timestamp":1235393766309527,"circlet_count":0,"master_deck":["Strike_R","Strike_R","Strike_R","Strike_R","Defend_R","Defend_R","Defend_R+1","Defend_R+1","Bash+1","Perfected Strike+1","Pommel Strike+1","Anger","Perfected Strike+1","Pommel Strike","Twin Strike+1","Power Through+1","Offering+1","Wild Strike","Feed","Cleave","Flame Barrier+1","Thunderclap+1","Double Tap+1","Perfected Strike+1","Perfected Strike+1","Sadistic Nature","Jack Of All Trades","Apotheosis+1","Flex","Perfected Strike+1","Dropkick+1","Infernal Blade+1","Wild Strike+1"],"relics":["Burning Blood","Omamori","War Paint","Mark of Pain","Bag of Marbles","Nunchaku","Blood Vial","MutagenicStrength","Tiny House","Art of War","Dream Catcher","Brimstone","Frozen Egg 2","Red Skull"],"potions_floor_usage":[7,10,24,29,46,50,50],"damage_taken":[{"damage":6,"enemies":"Jaw Worm","floor":1,"turns":3},{"damage":6,"enemies":"2 Louse","floor":3,"turns":2},{"damage":1,"enemies":"Cultist","floor":5,"turns":3},{"damage":2,"enemies":"Looter","floor":7,"turns":2},{"damage":16,"enemies":"Lagavulin","floor":10,"turns":5},{"damage":8,"enemies":"Large Slime","floor":11,"turns":3},{"damage":4,"enemies":"Blue Slaver","floor":14,"turns":2},{"damage":49,"enemies":"The Guardian","floor":16,"turns":9},{"damage":2,"enemies":"Chosen","floor":18,"turns":3},{"damage":10,"enemies":"2 Thieves","floor":20,"turns":3},{"damage":4,"enemies":"Colosseum Slavers","floor":21,"turns":3},{"damage":8,"enemies":"Shelled Parasite and Fungi","floor":23,"turns":5},{"damage":6,"enemies":"3 Cultists","floor":24,"turns":3},{"damage":0,"enemies":"Cultist and Chosen","floor":29,"turns":4},{"damage":54,"enemies":"Collector","floor":33,"turns":4},{"damage":18,"enemies":"3 Shapes","floor":35,"turns":3},{"damage":2,"enemies":"3 Darklings","floor":44,"turns":3},{"damage":33,"enemies":"Maw","floor":46,"turns":4},{"damage":0,"enemies":"Spire Growth","floor":47,"turns":2},{"damage":136,"enemies":"Awakened One","floor":50,"turns":5}],"seed_played":"5154576466652045293","potions_obtained":[{"floor":1,"key":"Poison Potion"},{"floor":3,"key":"Strength Potion"},{"floor":5,"key":"Weak Potion"},{"floor":14,"key":"BloodPotion"},{"floor":20,"key":"Energy Potion"},{"floor":24,"key":"Block Potion"},{"floor":29,"key":"Fire Potion"}],"is_trial":false,"path_per_floor":["M","?","M","$","M","R","M","R","T","E","M","$","?","M","R","B",null,"M","$","M","?","?","M","M","R","T","T","R","M","R","?","R","B",null,"M","?","?","?","?","R","$","R","T","M","R","M","M","T","R","B"],"character_chosen":"IRONCLAD","items_purchased":["Pommel Strike","Twin Strike","Power Through","Bag of Marbles","Apotheosis","Flex","Art of War","Dream Catcher","Brimstone"],"campfire_rested":1,"item_purchase_floors":[4,12,12,19,41,41,41,41,41],"current_hp_per_floor":[88,88,88,88,88,88,88,88,88,78,76,76,76,78,78,35,88,88,88,87,92,92,93,93,93,93,93,93,97,97,97,97,49,102,90,90,90,90,85,85,85,85,85,91,91,66,74,74,102,0],"gold":583,"neow_bonus":"TEN_PERCENT_HP_BONUS","is_prod":false,"is_daily":false,"chose_seed":false,"campfire_upgraded":10,"win_rate":0,"timestamp":1552586697,"path_taken":["M","?","M","$","M","R","M","R","T","E","M","$","?","?","R","BOSS","M","$","M","?","?","M","M","R","T","?","R","M","R","?","R","BOSS","M","?","?","?","?","R","?","R","T","M","R","M","M","?","R","BOSS"],"build_version":"2019-01-23","purchased_purges":0,"victory":false,"max_hp_per_floor":[88,88,88,88,88,88,88,88,88,88,88,88,88,88,88,88,88,88,88,91,94,94,97,97,97,97,97,97,97,97,97,97,97,102,102,102,102,102,102,102,102,102,102,102,102,102,102,102,102,102],"card_choices":[{"not_picked":["Clash","Twin Strike"],"picked":"Perfected Strike","floor":1},{"not_picked":["Warcry","Iron Wave"],"picked":"Clothesline","floor":3},{"not_picked":["Brutality","Thunderclap"],"picked":"Shrug It Off","floor":5},{"not_picked":["Combust","Corruption"],"picked":"Anger","floor":7},{"not_picked":["Metallicize","Intimidate"],"picked":"Perfected Strike","floor":10},{"not_picked":["Sword Boomerang","Flex"],"picked":"Pommel Strike","floor":11},{"not_picked":["Perfected Strike","Flex"],"picked":"Wild Strike","floor":14},{"not_picked":["Berserk","Impervious"],"picked":"Feed","floor":16},{"not_picked":["Shrug It Off","Clothesline+1"],"picked":"Cleave","floor":18},{"not_picked":["Anger","Sentinel"],"picked":"Flame Barrier+1","floor":20},{"not_picked":["Iron Wave","Clothesline"],"picked":"Thunderclap+1","floor":23},{"not_picked":["True Grit+1","Sentinel","Havoc"],"picked":"SKIP","floor":24},{"not_picked":["Reckless Charge","Shockwave"],"picked":"Double Tap","floor":29},{"not_picked":["Havoc","Disarm+1"],"picked":"Perfected Strike","floor":34},{"not_picked":["Spot Weakness","Bloodletting+1"],"picked":"Perfected Strike+1","floor":35},{"not_picked":["Chrysalis","Mayhem"],"picked":"Sadistic Nature","floor":39},{"not_picked":["Purity","Chrysalis"],"picked":"Jack Of All Trades","floor":39},{"not_picked":["Pummel","Perfected Strike","Clash"],"picked":"SKIP","floor":44},{"not_picked":["Pummel","Clash"],"picked":"Perfected Strike","floor":44},{"not_picked":["True Grit","Uppercut"],"picked":"Dropkick+1","floor":46},{"not_picked":["Rage","Clothesline"],"picked":"Infernal Blade+1","floor":47},{"not_picked":["Twin Strike","Cleave"],"picked":"Wild Strike+1","floor":49}],"player_experience":301405,"relics_obtained":[{"floor":9,"key":"Omamori"},{"floor":10,"key":"War Paint"},{"floor":26,"key":"Nunchaku"},{"floor":27,"key":"Blood Vial"},{"floor":43,"key":"Frozen Egg 2"},{"floor":48,"key":"Red Skull"}],"event_choices":[{"cards_removed":["Strike_R"],"damage_healed":0,"gold_gain":0,"player_choice":"Card Removal","damage_taken":0,"max_hp_gain":0,"max_hp_loss":0,"event_name":"The Cleric","floor":2,"gold_loss":50},{"damage_healed":0,"gold_gain":0,"cards_transformed":["Clothesline"],"player_choice":"Transformed","damage_taken":0,"max_hp_gain":0,"max_hp_loss":0,"event_name":"Transmorgrifier","floor":13,"gold_loss":0,"cards_obtained":["Offering"]},{"damage_healed":0,"gold_gain":0,"player_choice":"Fight","damage_taken":0,"max_hp_gain":0,"max_hp_loss":0,"event_name":"Colosseum","floor":21,"gold_loss":0},{"damage_healed":0,"gold_gain":0,"player_choice":"Fled From Nobs","damage_taken":0,"max_hp_gain":0,"max_hp_loss":0,"event_name":"Colosseum","floor":21,"gold_loss":0},{"damage_healed":0,"gold_gain":0,"player_choice":"Ignored","damage_taken":0,"max_hp_gain":0,"max_hp_loss":0,"event_name":"Vampires","floor":22,"gold_loss":0},{"damage_healed":0,"gold_gain":0,"player_choice":"Inject Mutagens","damage_taken":0,"relics_obtained":["MutagenicStrength"],"max_hp_gain":0,"max_hp_loss":0,"event_name":"Drug Dealer","floor":31,"gold_loss":0},{"damage_healed":0,"gold_gain":999,"player_choice":"Gold","damage_taken":0,"max_hp_gain":0,"max_hp_loss":0,"event_name":"MindBloom","floor":36,"gold_loss":0,"cards_obtained":["Normality","Normality"]},{"cards_removed":["Shrug It Off"],"damage_healed":0,"gold_gain":0,"player_choice":"Removed Skill","damage_taken":0,"max_hp_gain":0,"max_hp_loss":0,"event_name":"Falling","floor":37,"gold_loss":0},{"damage_healed":0,"gold_gain":0,"player_choice":"Ignored","damage_taken":0,"max_hp_gain":0,"max_hp_loss":0,"event_name":"Mysterious Sphere","floor":38,"gold_loss":0},{"damage_healed":0,"gold_gain":0,"player_choice":"Memory 2","damage_taken":5,"max_hp_gain":0,"max_hp_loss":0,"event_name":"SensoryStone","floor":39,"gold_loss":0}],"is_beta":false,"boss_relics":[{"not_picked":["Eternal Feather","Calling Bell"],"picked":"Mark of Pain"},{"not_picked":["Snecko Eye","Orrery"],"picked":"Tiny House"}],"items_purged_floors":[],"is_endless":false,"potions_floor_spawned":[1,3,5,14,20,24,29,33,35],"killed_by":"Awakened One","ascension_level":0}