{"gold_per_floor":[112,187,112,123,133,133,193,93,93,103,103,123,123,139,139,139],"floor_reached":16,"playtime":933,"items_purged":["Defend_R","Strike_R"],"score":92,"play_id":"0deed5ca-c9e2-4b90-91ed-47bbefabe43f","local_time":"20181004202319","is_ascension_mode":false,"campfire_choices":[{"data":"Bash","floor":6,"key":"SMITH"},{"floor":15,"key":"REST"}],"neow_cost":"TEN_PERCENT_HP_LOSS","seed_source_timestamp":185091216229795,"circlet_count":0,"master_deck":["Strike_R","Strike_R","Defend_R","Defend_R","Bash+1"],"relics":["Burning Blood","Lantern"],"potions_floor_usage":[14,16],"damage_taken":[{"damage":14,"enemies":"Jaw Worm","floor":1,"turns":4},{"damage":6,"enemies":"2 Louse","floor":4,"turns":3},{"damage":0,"enemies":"Small Slimes","floor":5,"turns":5},{"damage":7,"enemies":"3 Louse","floor":10,"turns":4},{"damage":9,"enemies":"Blue Slaver","floor":12,"turns":4},{"damage":16,"enemies":"Gremlin Gang","floor":14,"turns":5},{"damage":66,"enemies":"The Guardian","floor":16,"turns":14}],"seed_played":"-88283008025708510","potions_obtained":[{"floor":10,"key":"Strength Potion"},{"floor":14,"key":"SkillPotion"}],"is_trial":false,"path_per_floor":["M","?","$","M","M","R","?","$","T","M","?","M","$","M","R"],"character_chosen":"IRONCLAD","items_purchased":[],"campfire_rested":1,"item_purchase_floors":[],"current_hp_per_floor":[64,53,53,53,59,59,59,59,59,58,58,55,55,45,66,0],"gold":139,"neow_bonus":"REMOVE_TWO","is_prod":false,"is_daily":false,"chose_seed":false,"campfire_upgraded":1,"win_rate":0,"timestamp":1538677399,"path_taken":["M","?","$","M","M","R","?","$","T","?","?","M","$","M","R","BOSS"],"build_version":"2018-09-27","purchased_purges":2,"victory":false,"max_hp_per_floor":[72,72,72,72,72,72,72,72,72,72,72,72,72,72,72,72],"card_choices":[{"not_picked":["Twin Strike","Anger","Iron Wave"],"picked":"SKIP","floor":1},{"not_picked":["Rupture","Rampage","Sword Boomerang"],"picked":"SKIP","floor":4},{"not_picked":["Rage","Searing Blow","Perfected Strike"],"picked":"SKIP","floor":5},{"not_picked":["Burning Pact","Second Wind","Carnage"],"picked":"SKIP","floor":10},{"not_picked":["Fire Breathing","Cleave","Heavy Blade"],"picked":"SKIP","floor":12},{"not_picked":["Metallicize","Entrench","Perfected Strike"],"picked":"SKIP","floor":14}],"player_experience":217368,"relics_obtained":[{"floor":9,"key":"Lantern"}],"event_choices":[{"event_name":"World of Goop","player_choice":"Gather Gold","floor":2,"damage_taken":0},{"event_name":"Golden Wing","player_choice":"Gained Gold","floor":7,"damage_taken":0},{"event_name":"Bonfire Elementals","player_choice":"BASIC","floor":11,"damage_taken":0}],"is_beta":false,"boss_relics":[],"items_purged_floors":[3,8],"is_endless":false,"potions_floor_spawned":[10,14],"killed_by":"The Guardian","ascension_level":0}