{"gold_per_floor":[118,118,129,54,72,72,85,85,111,33,49,61,161,16,16,115,115,105,6,6,6,6,6,6,17,17,28,42,42,60,60,60,60],"floor_reached":33,"playtime":1362,"items_purged":["Strike_R"],"score":237,"play_id":"9a46ed4e-62b9-4743-b26f-f396f245073b","local_time":"20190325142445","is_ascension_mode":false,"campfire_choices":[{"data":"Flame Barrier","floor":6,"key":"SMITH"},{"data":"Pommel Strike","floor":8,"key":"SMITH"},{"data":"Whirlwind","floor":15,"key":"SMITH"},{"data":"Heavy Blade","floor":24,"key":"SMITH"},{"data":"Flex","floor":29,"key":"SMITH"},{"floor":32,"key":"REST"}],"neow_cost":"NONE","seed_source_timestamp":480870463051322,"circlet_count":0,"master_deck":["Strike_R","Strike_R","Strike_R","Defend_R","Defend_R","Defend_R","Defend_R","Bash","Heavy Blade+1","Flame Barrier+1","Pommel Strike+1","Headbutt","Uppercut","Flex+1","Battle Trance","Inflame","Whirlwind+1","Bludgeon","Headbutt","Shrug It Off","Flex","Inflame","Pommel Strike","Iron Wave+1"],"relics":["Black Blood"],"potions_floor_usage":[30,33,33],"damage_taken":[{"damage":7,"enemies":"Small Slimes","floor":1,"turns":4},{"damage":5,"enemies":"Cultist","floor":3,"turns":4},{"damage":0,"enemies":"Jaw Worm","floor":5,"turns":4},{"damage":8,"enemies":"Exordium Thugs","floor":7,"turns":7},{"damage":4,"enemies":"Large Slime","floor":11,"turns":6},{"damage":0,"enemies":"Exordium Wildlife","floor":12,"turns":3},{"damage":35,"enemies":"Slime Boss","floor":16,"turns":5},{"damage":35,"enemies":"2 Thieves","floor":18,"turns":4},{"damage":11,"enemies":"Shell Parasite","floor":25,"turns":5},{"damage":37,"enemies":"Sentry and Sphere","floor":27,"turns":5},{"damage":14,"enemies":"Centurion and Healer","floor":28,"turns":7},{"damage":47,"enemies":"Shelled Parasite and Fungi","floor":30,"turns":7},{"damage":75,"enemies":"Champ","floor":33,"turns":13}],"seed_played":"-8908072609234571752","potions_obtained":[{"floor":1,"key":"Dexterity Potion"},{"floor":7,"key":"BloodPotion"},{"floor":11,"key":"SpeedPotion"},{"floor":28,"key":"Regen Potion"}],"is_trial":false,"path_per_floor":["M","?","M","$","M","R","M","R","T","$","M","M","?","$","R","B",null,"M","$","?","?","$","?","R","M","T","M","M","R","M","?","R","B"],"character_chosen":"IRONCLAD","items_purchased":["Uppercut","Inflame","Whirlwind","Shrug It Off","Flex"],"campfire_rested":1,"item_purchase_floors":[10,14,14,19,19],"current_hp_per_floor":[79,79,80,80,80,80,78,78,78,78,80,80,80,80,80,51,80,55,55,55,55,55,90,90,89,89,62,58,58,30,30,57,0],"gold":60,"neow_bonus":"THREE_CARDS","is_prod":false,"is_daily":false,"chose_seed":false,"campfire_upgraded":5,"win_rate":0,"timestamp":1553520285,"path_taken":["M","?","M","$","M","R","M","R","T","$","M","?","?","?","R","BOSS","M","$","?","?","$","?","R","M","T","M","?","R","M","?","R","BOSS"],"build_version":"2019-01-23","purchased_purges":1,"victory":false,"max_hp_per_floor":[80,80,80,80,80,80,80,80,80,80,80,80,80,80,80,80,80,80,80,80,80,80,90,90,90,90,90,90,90,90,90,90,90],"card_choices":[{"not_picked":["Havoc","Corruption"],"picked":"Heavy Blade","floor":0},{"not_picked":["Blood for Blood","Carnage"],"picked":"Flame Barrier","floor":1},{"not_picked":["Heavy Blade","True Grit"],"picked":"Pommel Strike","floor":3},{"not_picked":["Rage","Armaments"],"picked":"Headbutt","floor":5},{"not_picked":["Combust","Twin Strike","Warcry"],"picked":"SKIP","floor":7},{"not_picked":["Feel No Pain","Anger"],"picked":"Flex","floor":11},{"not_picked":["Warcry","Blood for Blood"],"picked":"Battle Trance","floor":12},{"not_picked":["Exhume","Reaper"],"picked":"Bludgeon","floor":16},{"not_picked":["Heavy Blade","Warcry"],"picked":"Headbutt","floor":18},{"not_picked":["Wild Strike+1","Thunderclap"],"picked":"Inflame","floor":25},{"not_picked":["Infernal Blade","Blood for Blood+1"],"picked":"Pommel Strike","floor":27},{"not_picked":["Headbutt","Fiend Fire","Pommel Strike"],"picked":"SKIP","floor":28},{"not_picked":["Wild Strike","True Grit"],"picked":"Iron Wave+1","floor":30}],"player_experience":418000,"relics_obtained":[],"event_choices":[{"damage_healed":0,"gold_gain":0,"cards_transformed":["Strike_R"],"player_choice":"Transformed","damage_taken":0,"max_hp_gain":0,"max_hp_loss":0,"event_name":"Transmorgrifier","floor":2,"gold_loss":0,"cards_obtained":["Juggernaut"]},{"damage_healed":0,"gold_gain":100,"player_choice":"Pray","damage_taken":0,"max_hp_gain":0,"max_hp_loss":0,"event_name":"Golden Shrine","floor":13,"gold_loss":0},{"damage_healed":0,"gold_gain":0,"player_choice":"Ignored","damage_taken":0,"max_hp_gain":0,"max_hp_loss":0,"event_name":"The Mausoleum","floor":21,"gold_loss":0},{"cards_removed":["Juggernaut"],"damage_healed":25,"gold_gain":0,"player_choice":"Offered Rare","damage_taken":0,"max_hp_gain":10,"max_hp_loss":0,"event_name":"Bonfire Elementals","floor":23,"gold_loss":0},{"damage_healed":0,"gold_gain":0,"player_choice":"Ignored","damage_taken":0,"max_hp_gain":0,"max_hp_loss":0,"event_name":"Beggar","floor":31,"gold_loss":0}],"is_beta":false,"boss_relics":[{"not_picked":["Orrery","Runic Dome"],"picked":"Black Blood"}],"items_purged_floors":[4],"is_endless":false,"potions_floor_spawned":[1,7,11,27,28],"killed_by":"Champ","ascension_level":0}