{"gold_per_floor":[217,0,75,75,75,75,93,20,73,84,111,111,128,148,148,250,250,264,264,280,297,317,349,349,377,453,463,463,498,512,512,512,617,667,687,687,787,651,117,152,152,168,168,181,201,212,237,250,250,250],"floor_reached":51,"playtime":3737,"items_purged":["Strike_B"],"score":1071,"play_id":"b6cdcfd3-126c-4504-a908-5b2712989a78","local_time":"20181205181615","is_ascension_mode":true,"campfire_choices":[{"data":"Fusion","floor":6,"key":"SMITH"},{"floor":12,"key":"REST"},{"data":"Loop","floor":15,"key":"SMITH"},{"data":"Reinforced Body","floor":24,"key":"SMITH"},{"floor":28,"key":"REST"},{"data":"Reboot","floor":32,"key":"SMITH"},{"floor":41,"key":"RECALL"},{"data":"Defragment","floor":49,"key":"SMITH"}],"neow_cost":"NONE","seed_source_timestamp":3413725208329,"circlet_count":0,"master_deck":["Strike_B","Defend_B","Defend_B","Defend_B","Zap","Dualcast","Fusion+1","Cold Snap+1","Coolheaded","Loop+1","Darkness","Conserve Battery","Blizzard","Amplify","Defragment+1","Reboot+1","Reboot","Conserve Battery","Chill","Capacitor+1","Reinforced Body+1","Seek","Self Repair","BootSequence+1","Conserve Battery+1","Buffer","Consume+1","Conserve Battery+1","Madness+1","Madness+1","Chaos+1","Cold Snap+1","Blind+1","Ball Lightning+1","Storm+1","Defragment+1","Leap+1","Stack+1"],"relics":["Cracked Core","DataDisk","Matryoshka","Regal Pillow","Art of War","FossilizedHelix","Nuclear Battery","Happy Flower","Molten Egg 2","Toxic Egg 2","Mercury Hourglass","Symbiotic Virus","Tiny House","Turnip","Dead Branch","Letter Opener","Incense Burner","Bottled Tornado","Pantograph"],"potions_floor_usage":[25,29,45],"damage_taken":[{"damage":3,"enemies":"Jaw Worm","floor":1,"turns":4},{"damage":5,"enemies":"2 Louse","floor":7,"turns":4},{"damage":4,"enemies":"Small Slimes","floor":10,"turns":4},{"damage":21,"enemies":"3 Sentries","floor":11,"turns":11},{"damage":2,"enemies":"2 Fungi Beasts","floor":13,"turns":4},{"damage":0,"enemies":"Looter","floor":14,"turns":3},{"damage":3,"enemies":"The Guardian","floor":16,"turns":11},{"damage":12,"enemies":"3 Byrds","floor":18,"turns":5},{"damage":0,"enemies":"Chosen","floor":20,"turns":7},{"damage":15,"enemies":"Centurion and Healer","floor":21,"turns":12},{"damage":11,"enemies":"Sentry and Sphere","floor":22,"turns":7},{"damage":23,"enemies":"Gremlin Leader","floor":23,"turns":8},{"damage":0,"enemies":"Slavers","floor":25,"turns":11},{"damage":6,"enemies":"Chosen and Byrds","floor":27,"turns":6},{"damage":0,"enemies":"Book of Stabbing","floor":29,"turns":7},{"damage":0,"enemies":"Centurion and Healer","floor":30,"turns":7},{"damage":9,"enemies":"Collector","floor":33,"turns":11},{"damage":0,"enemies":"3 Shapes","floor":35,"turns":8},{"damage":0,"enemies":"Mind Bloom Boss Battle","floor":37,"turns":5},{"damage":0,"enemies":"Nemesis","floor":40,"turns":3},{"damage":9,"enemies":"3 Darklings","floor":42,"turns":5},{"damage":0,"enemies":"Jaw Worm Horde","floor":44,"turns":4},{"damage":0,"enemies":"Sphere and 2 Shapes","floor":45,"turns":3},{"damage":0,"enemies":"3 Darklings","floor":46,"turns":3},{"damage":0,"enemies":"Reptomancer","floor":47,"turns":7},{"damage":0,"enemies":"4 Shapes","floor":48,"turns":3},{"damage":12,"enemies":"Donu and Deca","floor":50,"turns":8}],"seed_played":"-1735299447060182807","potions_obtained":[{"floor":1,"key":"Weak Potion"},{"floor":7,"key":"Ancient Potion"},{"floor":16,"key":"Strength Potion"},{"floor":20,"key":"SpeedPotion"},{"floor":23,"key":"Fire Potion"},{"floor":25,"key":"FearPotion"},{"floor":30,"key":"AttackPotion"},{"floor":34,"key":"Fire Potion"},{"floor":37,"key":"Dexterity Potion"},{"floor":45,"key":"Fruit Juice"},{"floor":47,"key":"FearPotion"}],"is_trial":false,"path_per_floor":["M","$","?","?","?","R","M","$","T","M","E","R","M","M","R","B",null,"M","?","M","M","M","E","R","E","T","M","R","E","M","?","R","B",null,"M","?","?","?","$","E","R","M","T","M","M","M","E","M","R","B",null],"character_chosen":"DEFECT","items_purchased":["DataDisk","Cold Snap","Coolheaded","Loop","Letter Opener","EssenceOfSteel","Cold Snap+1","Blind+1"],"campfire_rested":2,"item_purchase_floors":[2,2,2,8,39,39,39,39],"current_hp_per_floor":[72,72,61,54,47,47,42,42,42,38,17,54,52,52,52,49,75,63,63,63,48,37,14,14,14,14,8,45,52,66,52,52,43,85,85,74,74,74,74,74,74,72,72,79,90,90,90,90,90,78],"gold":250,"neow_bonus":"HUNDRED_GOLD","is_prod":false,"is_daily":false,"chose_seed":false,"campfire_upgraded":5,"win_rate":0,"timestamp":1544001375,"path_taken":["M","$","?","?","?","R","?","$","T","M","E","R","M","M","R","BOSS","M","?","M","M","M","E","R","E","T","M","R","E","M","?","R","BOSS","M","?","?","?","$","E","R","M","T","M","?","M","E","M","R","BOSS"],"build_version":"2018-11-15","purchased_purges":1,"victory":true,"max_hp_per_floor":[75,75,75,75,75,75,75,75,75,75,75,75,75,75,75,75,75,75,75,75,75,75,75,75,75,75,75,75,75,75,80,80,80,85,85,85,85,85,85,85,85,85,85,85,90,90,90,90,90,90],"card_choices":[{"not_picked":["Barrage","Go for the Eyes"],"picked":"Fusion","floor":1},{"not_picked":["Redo","Coolheaded","Gash"],"picked":"SKIP","floor":7},{"not_picked":["Rebound","Aggregate","Steam Power"],"picked":"SKIP","floor":10},{"not_picked":["Tempest","Ball Lightning"],"picked":"Darkness","floor":11},{"not_picked":["Reprogram","Sweeping Beam"],"picked":"Conserve Battery","floor":13},{"not_picked":["Storm","Barrage"],"picked":"Blizzard","floor":14},{"not_picked":["Hyperbeam","Core Surge"],"picked":"Amplify","floor":16},{"not_picked":["Blizzard","Genetic Algorithm"],"picked":"Defragment+1","floor":18},{"not_picked":["FTL","Sweeping Beam"],"picked":"Conserve Battery","floor":20},{"not_picked":["BootSequence","Conserve Battery"],"picked":"Chill","floor":21},{"not_picked":["Skim+1","Blizzard+1"],"picked":"Capacitor+1","floor":22},{"not_picked":["Ball Lightning","Scrape"],"picked":"Reinforced Body","floor":23},{"not_picked":["Rainbow","Turbo"],"picked":"Seek","floor":25},{"not_picked":["Beam Cell+1","Go for the Eyes+1"],"picked":"Self Repair","floor":27},{"not_picked":["Ball Lightning+1","Sunder+1"],"picked":"BootSequence+1","floor":29},{"not_picked":["Compile Driver+1","Stack+1"],"picked":"Conserve Battery+1","floor":30},{"not_picked":["Multi-Cast+1","Electrodynamics"],"picked":"Buffer","floor":33},{"not_picked":["Aggregate+1","Self Repair"],"picked":"Consume+1","floor":34},{"not_picked":["Barrage+1","Heatsinks+1"],"picked":"Conserve Battery+1","floor":35},{"not_picked":["Recycle+1","Heatsinks"],"picked":"Chaos+1","floor":37},{"not_picked":["Melter+1","Lockon+1","Barrage+1"],"picked":"SKIP","floor":40},{"not_picked":["Streamline+1","Steam Power+1","Hologram+1"],"picked":"SKIP","floor":42},{"not_picked":["Steam+1","Recycle+1"],"picked":"Ball Lightning+1","floor":44},{"not_picked":["BootSequence+1","Glacier+1"],"picked":"Storm+1","floor":45},{"not_picked":["Cold Snap+1","Streamline+1"],"picked":"Defragment","floor":46},{"not_picked":["Turbo+1","Go for the Eyes+1"],"picked":"Leap+1","floor":47},{"not_picked":["Thunder Strike+1","Hologram+1"],"picked":"Stack+1","floor":48}],"player_experience":151037,"relics_obtained":[{"floor":9,"key":"Regal Pillow"},{"floor":9,"key":"Art of War"},{"floor":11,"key":"FossilizedHelix"},{"floor":23,"key":"Happy Flower"},{"floor":25,"key":"Molten Egg 2"},{"floor":26,"key":"Toxic Egg 2"},{"floor":26,"key":"Mercury Hourglass"},{"floor":29,"key":"Symbiotic Virus"},{"floor":37,"key":"Turnip"},{"floor":40,"key":"Incense Burner"},{"floor":43,"key":"Bottled Tornado"},{"floor":47,"key":"Pantograph"}],"event_choices":[{"damage_healed":0,"gold_gain":75,"player_choice":"Gather Gold","damage_taken":11,"max_hp_gain":0,"max_hp_loss":0,"event_name":"World of Goop","floor":3,"gold_loss":0},{"cards_removed":["Strike_B"],"damage_healed":0,"gold_gain":0,"player_choice":"Card Removal","damage_taken":7,"max_hp_gain":0,"max_hp_loss":0,"event_name":"Golden Wing","floor":4,"gold_loss":0},{"damage_healed":0,"gold_gain":0,"player_choice":"Success","damage_taken":7,"relics_obtained":["Matryoshka"],"max_hp_gain":0,"max_hp_loss":0,"event_name":"Scrap Ooze","floor":5,"gold_loss":0},{"damage_healed":0,"gold_gain":0,"cards_transformed":["Strike_B","Defend_B"],"player_choice":"Became Test Subject","damage_taken":0,"max_hp_gain":0,"max_hp_loss":0,"event_name":"Drug Dealer","floor":19,"gold_loss":0,"cards_obtained":["Reboot","Reboot"]},{"damage_healed":0,"gold_gain":0,"player_choice":"Shed Blood","damage_taken":19,"max_hp_gain":5,"max_hp_loss":0,"event_name":"Forgotten Altar","floor":31,"gold_loss":0},{"damage_healed":0,"gold_gain":0,"player_choice":"Embrace Madness","damage_taken":11,"max_hp_gain":0,"max_hp_loss":0,"event_name":"Winding Halls","floor":36,"gold_loss":0,"cards_obtained":["Madness","Madness"]},{"damage_healed":0,"gold_gain":0,"player_choice":"Fight","damage_taken":0,"max_hp_gain":0,"max_hp_loss":0,"event_name":"MindBloom","floor":37,"gold_loss":0},{"damage_healed":0,"gold_gain":0,"player_choice":"Paid Gold","damage_taken":0,"relics_obtained":["Dead Branch"],"max_hp_gain":0,"max_hp_loss":0,"event_name":"WeMeetAgain","floor":38,"gold_loss":136}],"is_beta":false,"boss_relics":[{"not_picked":["Ectoplasm","White Beast Statue"],"picked":"Nuclear Battery"},{"not_picked":["Busted Crown","Fusion Hammer"],"picked":"Tiny House"}],"items_purged_floors":[39],"is_endless":false,"potions_floor_spawned":[1,7,16,20,23,25,30,37,44,45,47,48],"ascension_level":3}