{"gold_per_floor":[110,130,55,55,55,83,93,104,404,419,429,448,480,430,430,526,526,540,555,480,490,507,507],"floor_reached":23,"playtime":4706,"items_purged":["Strike_G"],"score":282,"play_id":"4502a2da-c9da-4da4-b828-9f4fcb9e0db6","local_time":"20181214222211","is_ascension_mode":false,"campfire_choices":[{"data":"Footwork","floor":15,"key":"SMITH"}],"neow_cost":"NONE","seed_source_timestamp":185128249904091,"circlet_count":0,"master_deck":["Defend_G","Defend_G","Defend_G","Defend_G","Strike_G","Strike_G","Survivor","Neutralize","Dash","Footwork+1","Tools of the Trade","Caltrops","Bouncing Flask","Escape Plan","Sucker Punch","Noxious Fumes","Terror","Well Laid Plans","Concentrate+1","Underhanded Strike","Calculated Gamble+1"],"relics":["Ring of the Snake","NeowsBlessing","Darkstone Periapt","Old Coin","Girya","Runic Pyramid"],"potions_floor_usage":[8,10,22,23,23,23],"damage_taken":[{"damage":0,"enemies":"Cultist","floor":1,"turns":1},{"damage":0,"enemies":"Small Slimes","floor":2,"turns":1},{"damage":0,"enemies":"Lagavulin","floor":6,"turns":1},{"damage":0,"enemies":"2 Louse","floor":7,"turns":4},{"damage":40,"enemies":"Gremlin Gang","floor":8,"turns":7},{"damage":3,"enemies":"Large Slime","floor":10,"turns":8},{"damage":3,"enemies":"2 Fungi Beasts","floor":11,"turns":4},{"damage":0,"enemies":"Blue Slaver","floor":12,"turns":5},{"damage":27,"enemies":"Gremlin Nob","floor":13,"turns":5},{"damage":0,"enemies":"Hexaghost","floor":16,"turns":10},{"damage":0,"enemies":"Shell Parasite","floor":18,"turns":8},{"damage":3,"enemies":"Chosen","floor":19,"turns":5},{"damage":1,"enemies":"Snecko","floor":21,"turns":6},{"damage":3,"enemies":"Snake Plant","floor":22,"turns":4},{"damage":70,"enemies":"Slavers","floor":23,"turns":5}],"seed_played":"-3855902133616347438","potions_obtained":[{"floor":1,"key":"Dexterity Potion"},{"floor":6,"key":"PowerPotion"},{"floor":8,"key":"Regen Potion"},{"floor":10,"key":"SkillPotion"},{"floor":12,"key":"Energy Potion"},{"floor":22,"key":"SteroidPotion"}],"is_trial":false,"path_per_floor":["M","M","$","?","$","E","M","M","T","M","M","M","E","?","R","B",null,"M","M","?","M","M","E"],"character_chosen":"THE_SILENT","items_purchased":[],"campfire_rested":0,"item_purchase_floors":[],"current_hp_per_floor":[70,70,70,70,70,70,70,30,30,42,39,39,12,12,12,12,70,70,67,67,66,63,0],"gold":507,"neow_bonus":"THREE_ENEMY_KILL","is_prod":false,"is_daily":false,"chose_seed":false,"campfire_upgraded":1,"win_rate":0,"timestamp":1544847731,"path_taken":["M","M","$","?","$","E","M","M","T","M","M","?","E","?","R","BOSS","M","M","?","M","M","E"],"build_version":"2018-12-13","purchased_purges":1,"victory":false,"max_hp_per_floor":[70,70,70,70,70,70,70,70,70,70,70,70,70,70,70,70,70,70,70,70,70,70,70],"card_choices":[{"not_picked":["Eviscerate","Predator"],"picked":"Dash","floor":1},{"not_picked":["Noxious Fumes","Dagger Spray"],"picked":"Footwork","floor":2},{"not_picked":["Malaise","Poisoned Stab"],"picked":"Caltrops","floor":6},{"not_picked":["Acrobatics","Dagger Throw"],"picked":"Bouncing Flask","floor":7},{"not_picked":["Concentrate","Backstab"],"picked":"Escape Plan","floor":8},{"not_picked":["Dagger Throw","Deflect"],"picked":"Sucker Punch","floor":10},{"not_picked":["Underhanded Strike","Backstab"],"picked":"Noxious Fumes","floor":11},{"not_picked":["Skewer","Sucker Punch"],"picked":"Terror","floor":12},{"not_picked":["Caltrops","Outmaneuver"],"picked":"Well Laid Plans","floor":13},{"not_picked":["Prepared","Masterful Stab+1"],"picked":"Concentrate+1","floor":18},{"not_picked":["Escape Plan","Flying Knee"],"picked":"Underhanded Strike","floor":19},{"not_picked":["Deadly Poison","Distraction","Dodge and Roll"],"picked":"SKIP","floor":21},{"not_picked":["Bouncing Flask","Predator+1"],"picked":"Calculated Gamble+1","floor":22}],"player_experience":156463,"relics_obtained":[{"floor":6,"key":"Darkstone Periapt"},{"floor":9,"key":"Old Coin"},{"floor":13,"key":"Girya"}],"event_choices":[{"damage_healed":0,"gold_gain":0,"cards_transformed":["Strike_G"],"player_choice":"Transformed","damage_taken":0,"max_hp_gain":0,"max_hp_loss":0,"event_name":"Transmorgrifier","floor":4,"gold_loss":0,"cards_obtained":["Tools of the Trade"]},{"cards_removed":["Strike_G"],"damage_healed":0,"gold_gain":0,"player_choice":"Card Removal","damage_taken":0,"max_hp_gain":0,"max_hp_loss":0,"event_name":"The Cleric","floor":14,"gold_loss":50},{"cards_removed":["Defend_G"],"damage_healed":0,"gold_gain":0,"player_choice":"Gave Gold","damage_taken":0,"max_hp_gain":0,"max_hp_loss":0,"event_name":"Beggar","floor":20,"gold_loss":75}],"is_beta":false,"boss_relics":[{"not_picked":["Philosopher\u0027s Stone","Velvet Choker"],"picked":"Runic Pyramid"}],"items_purged_floors":[3],"is_endless":false,"potions_floor_spawned":[1,6,8,10,12,19,21,22],"killed_by":"Slavers","ascension_level":0}