{"gold_per_floor":[115,115,115,135,135,135,154,169,469,469,484,500,161,161,161,259,259,270,71,71,71,71,71,86,86,112,123,136,147,174,189,189,293,293,306,1305,1305,1305],"floor_reached":38,"playtime":967,"items_purged":[],"score":391,"play_id":"64fd5264-b02f-447c-a4af-c76d9c619c24","local_time":"20190318233622","is_ascension_mode":false,"campfire_choices":[{"data":"Reckless Charge","floor":6.0,"key":"SMITH"},{"data":"Perfected Strike","floor":15.0,"key":"SMITH"},{"floor":23.0,"key":"REST"},{"data":"Offering","floor":25.0,"key":"SMITH"},{"floor":32,"key":"REST"}],"neow_cost":"NONE","seed_source_timestamp":0,"circlet_count":0,"master_deck":["Strike_R","Strike_R","Strike_R","Strike_R","Strike_R","Defend_R","Defend_R+1","Defend_R","Defend_R","Bash","Seeing Red+1","Reckless Charge+1","Heavy Blade","Flex","Inflame","Perfected Strike+1","Thunderclap","Offering+1","Wild Strike","Wild Strike","Inflame","Perfected Strike","Twin Strike+1","Pummel+1","Impervious","Shrug It Off+1","Normality","Normality"],"special_seed":0,"relics":["Burning Blood","Ornamental Fan","Nunchaku","Eternal Feather","Pen Nib","Nloth\u0027s Gift","War Paint","Oddly Smooth Stone","Empty Cage","NlothsMask"],"potions_floor_usage":[33],"damage_taken":[{"damage":6.0,"enemies":"Jaw Worm","floor":1.0,"turns":2.0},{"damage":6.0,"enemies":"Cultist","floor":4.0,"turns":4.0},{"damage":7.0,"enemies":"Small Slimes","floor":7.0,"turns":4.0},{"damage":9.0,"enemies":"Exordium Wildlife","floor":8.0,"turns":4.0},{"damage":1.0,"enemies":"3 Louse","floor":11.0,"turns":3.0},{"damage":13.0,"enemies":"Exordium Thugs","floor":12.0,"turns":5.0},{"damage":41.0,"enemies":"Hexaghost","floor":16.0,"turns":8.0},{"damage":29.0,"enemies":"2 Thieves","floor":18.0,"turns":4.0},{"damage":36.0,"enemies":"Colosseum Slavers","floor":21.0,"turns":3.0},{"damage":6.0,"enemies":"Chosen","floor":24.0,"turns":2.0},{"damage":47.0,"enemies":"Shelled Parasite and Fungi","floor":27.0,"turns":5.0},{"damage":6.0,"enemies":"Centurion and Healer","floor":28.0,"turns":4.0},{"damage":21.0,"enemies":"Cultist and Chosen","floor":29.0,"turns":5.0},{"damage":17,"enemies":"Snecko","floor":31,"turns":5},{"damage":61,"enemies":"Champ","floor":33,"turns":9},{"damage":62,"enemies":"3 Shapes","floor":35,"turns":5},{"damage":25,"enemies":"Orb Walker","floor":38,"turns":4}],"seed_played":"-2271551074920190999","potions_obtained":[{"floor":0.0,"key":"Poison Potion"},{"floor":0.0,"key":"Explosive Potion"},{"floor":0.0,"key":"Energy Potion"},{"floor":8.0,"key":"SkillPotion"},{"floor":11.0,"key":"Regen Potion"},{"floor":12.0,"key":"Weak Potion"},{"floor":18.0,"key":"BloodPotion"},{"floor":31,"key":"Regen Potion"}],"is_trial":false,"path_per_floor":["M","?","$","M","T","R","M","M","T","?","M","M","$","$","R","B",null,"M","$","?","?","?","R","M","R","T","M","M","M","T","M","R","B",null,"M","?","?","M"],"character_chosen":"IRONCLAD","items_purchased":["Nunchaku","Thunderclap","Pen Nib","Armaments"],"campfire_rested":2,"item_purchase_floors":[13,13,19,19],"current_hp_per_floor":[80,80,80,80,80,80,79,76,76,76,80,73,73,73,73,47,80,57,57,57,35,35,71,71,80,80,39,39,24,24,13,52,12,80,24,24,24,0],"gold":1305,"neow_bonus":"THREE_SMALL_POTIONS","is_prod":false,"is_daily":false,"chose_seed":false,"campfire_upgraded":3,"win_rate":0,"timestamp":1552948582,"path_taken":["M","?","$","M","?","R","M","M","T","?","?","M","?","$","R","BOSS","M","$","?","?","?","R","M","R","T","M","?","M","?","M","R","BOSS","M","?","?","?"],"build_version":"2019-01-23","purchased_purges":0,"victory":false,"max_hp_per_floor":[80,80,80,80,80,80,80,80,80,80,80,80,80,80,80,80,80,80,80,80,80,80,80,80,80,80,80,80,80,80,80,80,80,80,80,80,80,80],"card_choices":[{"not_picked":["Blood for Blood","Sword Boomerang"],"picked":"Seeing Red","floor":1.0},{"not_picked":["Iron Wave","Cleave"],"picked":"Reckless Charge","floor":4.0},{"not_picked":["Spot Weakness","Warcry"],"picked":"Heavy Blade","floor":7.0},{"not_picked":["Wild Strike","Entrench"],"picked":"Flex","floor":8.0},{"not_picked":["Feel No Pain","Armaments"],"picked":"Inflame","floor":11.0},{"not_picked":["Hemokinesis","Clothesline"],"picked":"Perfected Strike","floor":12.0},{"not_picked":["Brutality","Limit Break"],"picked":"Offering","floor":16.0},{"not_picked":["Warcry+1","Reckless Charge"],"picked":"Wild Strike","floor":18.0},{"not_picked":["Dropkick","Wild Strike"],"picked":"Inflame","floor":24.0},{"not_picked":["Heavy Blade+1","Headbutt+1"],"picked":"Perfected Strike","floor":27.0},{"not_picked":["Evolve","Double Tap"],"picked":"Perfected Strike","floor":28.0},{"not_picked":["Shrug It Off","Feed"],"picked":"Twin Strike+1","floor":29.0},{"not_picked":["Clothesline+1","Sword Boomerang+1"],"picked":"Pummel+1","floor":31},{"not_picked":["Dark Embrace","Barricade"],"picked":"Impervious","floor":33},{"not_picked":["Pummel","Iron Wave"],"picked":"Shrug It Off+1","floor":35}],"player_experience":308952,"relics_obtained":[{"floor":5.0,"key":"Ornamental Fan"},{"floor":9.0,"key":"Old Coin"},{"floor":26.0,"key":"War Paint"},{"floor":30.0,"key":"Oddly Smooth Stone"}],"event_choices":[{"damage_healed":0.0,"max_hp_gain":0.0,"max_hp_loss":0.0,"gold_gain":0.0,"event_name":"Golden Idol","player_choice":"Ignored","floor":2.0,"gold_loss":0.0,"damage_taken":0.0},{"damage_healed":0.0,"max_hp_gain":0.0,"max_hp_loss":0.0,"gold_gain":0.0,"event_name":"The Woman in Blue","player_choice":"Bought 0 Potions","floor":10.0,"gold_loss":0.0,"damage_taken":0.0},{"damage_healed":0.0,"max_hp_gain":0.0,"max_hp_loss":0.0,"gold_gain":0.0,"event_name":"The Library","player_choice":"Read","floor":20.0,"gold_loss":0.0,"damage_taken":0.0,"cards_obtained":["Wild Strike"]},{"damage_healed":0.0,"max_hp_gain":0.0,"max_hp_loss":0.0,"gold_gain":0.0,"event_name":"Colosseum","player_choice":"Fight","floor":21.0,"gold_loss":0.0,"damage_taken":0.0},{"damage_healed":0.0,"max_hp_gain":0.0,"max_hp_loss":0.0,"gold_gain":0.0,"event_name":"Colosseum","player_choice":"Fled From Nobs","floor":21.0,"gold_loss":0.0,"damage_taken":0.0},{"damage_healed":0.0,"max_hp_gain":0.0,"max_hp_loss":0.0,"gold_gain":0.0,"event_name":"N\u0027loth","player_choice":"Traded Relic","floor":22.0,"relics_lost":["Old Coin"],"gold_loss":0.0,"damage_taken":0.0,"relics_obtained":["Nloth\u0027s Gift"]},{"damage_healed":0,"gold_gain":999,"player_choice":"Gold","damage_taken":0,"max_hp_gain":0,"max_hp_loss":0,"event_name":"MindBloom","floor":36,"gold_loss":0,"cards_obtained":["Normality","Normality"]},{"damage_healed":0,"gold_gain":0,"player_choice":"Trade","damage_taken":0,"relics_obtained":["NlothsMask"],"max_hp_gain":0,"max_hp_loss":0,"event_name":"FaceTrader","floor":37,"gold_loss":0}],"is_beta":false,"boss_relics":[{"not_picked":["Astrolabe","Velvet Choker"],"picked":"Eternal Feather"},{"not_picked":["Runic Pyramid","Snecko Eye"],"picked":"Empty Cage"}],"items_purged_floors":[],"is_endless":false,"potions_floor_spawned":[8,11,12,18,21,31],"killed_by":"Orb Walker","ascension_level":0}