{"gold_per_floor":[114,114,114,126,126,160,160,235,235,158,176,196,196,142,142,247,247,267],"floor_reached":18,"playtime":380,"items_purged":[],"score":185,"play_id":"5d7ff2ac-2926-4d97-b6cc-39e350779910","local_time":"20190328011332","is_ascension_mode":false,"campfire_choices":[{"data":"Darkness","floor":7.0,"key":"SMITH"},{"floor":13.0,"key":"REST"},{"data":"Chill","floor":15.0,"key":"SMITH"}],"neow_cost":"NONE","seed_source_timestamp":0,"circlet_count":0,"master_deck":["Strike_B","Strike_B","Strike_B","Defend_B","Defend_B+1","Defend_B","Defend_B","Zap+1","Dualcast","Steam","Rebound","FTL","Darkness+1","Chaos","Self Repair+1","Chill+1","Hologram","Machine Learning+1"],"special_seed":0,"relics":["Cracked Core","NeowsBlessing","Frozen Egg 2","Cables","Velvet Choker"],"potions_floor_usage":[],"damage_taken":[{"damage":0.0,"enemies":"Small Slimes","floor":1.0,"turns":1.0},{"damage":0.0,"enemies":"Jaw Worm","floor":4.0,"turns":1.0},{"damage":0.0,"enemies":"Lagavulin","floor":6.0,"turns":1.0},{"damage":0.0,"enemies":"2 Louse","floor":11.0,"turns":3.0},{"damage":3.0,"enemies":"Looter","floor":12.0,"turns":2.0},{"damage":33.0,"enemies":"Hexaghost","floor":16.0,"turns":9.0},{"damage":7.0,"enemies":"3 Byrds","floor":18.0,"turns":5.0}],"seed_played":"-1533811931610483085","potions_obtained":[{"floor":6.0,"key":"Energy Potion"},{"floor":11.0,"key":"SpeedPotion"},{"floor":18,"key":"PowerPotion"}],"is_trial":false,"path_per_floor":["M","?","?","M","$","E","R","?","T","$","M","M","R","$","R","B",null,"M"],"character_chosen":"DEFECT","items_purchased":["Chaos","Hologram"],"campfire_rested":1,"item_purchase_floors":[10,14],"current_hp_per_floor":[75,75,60,60,60,60,60,49,49,49,49,46,68,68,68,45,75,75],"gold":267,"neow_bonus":"THREE_ENEMY_KILL","is_prod":false,"is_daily":false,"chose_seed":false,"campfire_upgraded":2,"win_rate":0,"timestamp":1553732012,"path_taken":["M","?","?","M","?","E","R","?","T","$","M","M","R","?","R","BOSS","M"],"build_version":"2019-01-23","purchased_purges":0,"victory":false,"max_hp_per_floor":[75,75,75,75,75,75,75,75,75,75,75,75,75,75,75,75,75,75],"card_choices":[{"not_picked":["Turbo","Beam Cell"],"picked":"Steam","floor":1.0},{"not_picked":["Double Energy","Cold Snap"],"picked":"FTL","floor":4.0},{"not_picked":["Streamline","Steam"],"picked":"Darkness","floor":6.0},{"not_picked":["Force Field","Barrage"],"picked":"Self Repair+1","floor":11.0},{"not_picked":["Scrape","Sunder"],"picked":"Chill","floor":12.0},{"not_picked":["Fission","Electrodynamics+1"],"picked":"Machine Learning+1","floor":16.0}],"player_experience":420690,"relics_obtained":[{"floor":6.0,"key":"Frozen Egg 2"},{"floor":9.0,"key":"Cables"}],"event_choices":[{"damage_healed":0.0,"max_hp_gain":0.0,"max_hp_loss":0.0,"gold_gain":0.0,"cards_transformed":["Strike_B"],"event_name":"Living Wall","player_choice":"Change","floor":2.0,"gold_loss":0.0,"damage_taken":0.0,"cards_obtained":["Rebound"]},{"damage_healed":0.0,"max_hp_gain":0.0,"max_hp_loss":0.0,"gold_gain":0.0,"event_name":"Shining Light","player_choice":"Entered Light","floor":3.0,"gold_loss":0.0,"damage_taken":15.0,"cards_upgraded":["Defend_B","Zap"]},{"damage_healed":0.0,"max_hp_gain":0.0,"max_hp_loss":0.0,"gold_gain":75.0,"event_name":"World of Goop","player_choice":"Gather Gold","floor":8.0,"gold_loss":0.0,"damage_taken":11.0}],"is_beta":false,"boss_relics":[{"not_picked":["Fusion Hammer","Runic Pyramid"],"picked":"Velvet Choker"}],"items_purged_floors":[],"is_endless":false,"potions_floor_spawned":[6,11,18],"killed_by":"3 Byrds","ascension_level":0}