{"gold_per_floor":[119,131,145,145,145,145,160,172,172,347,347,357,370,370],"floor_reached":14,"playtime":344,"items_purged":[],"score":84,"play_id":"1701116f-0f36-4339-8a13-5a39a4fd48e1","local_time":"20190319172628","is_ascension_mode":false,"campfire_choices":[{"data":"Dual Wield","floor":6,"key":"SMITH"},{"floor":11,"key":"REST"}],"neow_cost":"NONE","seed_source_timestamp":361282539477064,"circlet_count":0,"master_deck":["Strike_R","Strike_R","Strike_R","Strike_R","Strike_R","Defend_R","Defend_R","Defend_R","Defend_R","Bash","Dual Wield+1","Twin Strike","Power Through","Doubt","Anger","Iron Wave"],"relics":["Burning Blood","Letter Opener","Matryoshka"],"potions_floor_usage":[7,8,14],"damage_taken":[{"damage":9,"enemies":"Jaw Worm","floor":1,"turns":4},{"damage":12,"enemies":"Small Slimes","floor":2,"turns":4},{"damage":4,"enemies":"2 Louse","floor":3,"turns":3},{"damage":18,"enemies":"Exordium Wildlife","floor":7,"turns":4},{"damage":15,"enemies":"Looter","floor":8,"turns":3},{"damage":7,"enemies":"3 Louse","floor":12,"turns":4},{"damage":22,"enemies":"Exordium Thugs","floor":13,"turns":6},{"damage":1,"enemies":"Large Slime","floor":14,"turns":3}],"seed_played":"5532101655590048212","potions_obtained":[{"floor":3,"key":"Weak Potion"},{"floor":8,"key":"Fruit Juice"},{"floor":13,"key":"SkillPotion"}],"is_trial":false,"path_per_floor":["M","M","M","?","?","R","M","M","T","?","R","M","M","M"],"character_chosen":"IRONCLAD","items_purchased":[],"campfire_rested":1,"item_purchase_floors":[],"current_hp_per_floor":[85,79,81,74,74,74,62,58,58,58,85,84,68,67],"gold":370,"neow_bonus":"TEN_PERCENT_HP_BONUS","is_prod":false,"is_daily":false,"chose_seed":false,"campfire_upgraded":1,"win_rate":0,"timestamp":1553012788,"path_taken":["M","M","M","?","?","R","?","M","T","?","R","M","M","M"],"build_version":"2019-01-23","purchased_purges":0,"victory":false,"max_hp_per_floor":[88,88,88,88,88,88,88,93,93,93,93,93,93,93],"card_choices":[{"not_picked":["Sword Boomerang","Headbutt"],"picked":"Dual Wield","floor":1},{"not_picked":["Dual Wield","Cleave"],"picked":"Twin Strike","floor":2},{"not_picked":["Sentinel","Havoc","True Grit"],"picked":"SKIP","floor":3},{"not_picked":["Havoc","True Grit"],"picked":"Power Through","floor":7},{"not_picked":["Immolate","Warcry","Disarm"],"picked":"SKIP","floor":8},{"not_picked":["Rage","Sword Boomerang"],"picked":"Anger","floor":12},{"not_picked":["Warcry","Spot Weakness"],"picked":"Iron Wave","floor":13}],"player_experience":323893,"relics_obtained":[{"floor":9,"key":"Matryoshka"}],"event_choices":[{"damage_healed":0,"gold_gain":0,"player_choice":"Success","damage_taken":7,"relics_obtained":["Letter Opener"],"max_hp_gain":0,"max_hp_loss":0,"event_name":"Scrap Ooze","floor":4,"gold_loss":0},{"damage_healed":0,"gold_gain":0,"player_choice":"Ignored","damage_taken":0,"max_hp_gain":0,"max_hp_loss":0,"event_name":"Golden Wing","floor":5,"gold_loss":0},{"damage_healed":0,"gold_gain":175,"player_choice":"AGREE","damage_taken":0,"max_hp_gain":0,"max_hp_loss":0,"event_name":"Liars Game","floor":10,"gold_loss":0,"cards_obtained":["Doubt"]}],"is_beta":false,"boss_relics":[],"items_purged_floors":[],"is_endless":false,"potions_floor_spawned":[3,8,13],"killed_by":"Large Slime","ascension_level":0}