{"gold_per_floor":[111,124,4,19,36,36,51,70,70,99,118,118,136,147,147,250,250,261,96,96,96,96,96,112,147,147,1,1,12,12,26,26,124,124,139,139,152,152,152,152,152,152,152,202,252,263,44,59,59,59],"floor_reached":51,"playtime":2150,"items_purged":["Strike_G"],"score":671,"play_id":"f0eda3cd-602a-4e8b-a4e8-f0657163d6fd","local_time":"20190316171516","is_ascension_mode":false,"campfire_choices":[{"data":"Footwork","floor":6.0,"key":"SMITH"},{"floor":12.0,"key":"REST"},{"data":"Neutralize","floor":15.0,"key":"SMITH"},{"data":"Trip","floor":23.0,"key":"SMITH"},{"floor":30,"key":"REST"},{"floor":32,"key":"REST"},{"floor":40,"key":"RECALL"},{"floor":42,"key":"REST"},{"data":"Purity","floor":49,"key":"SMITH"}],"neow_cost":"NONE","seed_source_timestamp":26145368398347,"circlet_count":0,"master_deck":["Defend_G+1","Defend_G+1","Defend_G+1","Defend_G+1","Defend_G+1","Strike_G+1","Strike_G+1","Strike_G+1","Survivor+1","Neutralize+1","Footwork+1","Leg Sweep+1","Dagger Spray+1","Infinite Blades+1","Deflect+1","Crippling Poison+1","Blade Dance+1","Acrobatics+1","Adrenaline+1","Die Die Die+1","Backstab+1","Footwork+1","Trip+1","Noxious Fumes+1","Caltrops+1","Noxious Fumes+1","Die Die Die+1","PiercingWail+1","Masterful Stab+1","Purity+1"],"special_seed":0,"relics":["Ring of the Snake","MutagenicStrength","WingedGreaves","Art of War","Ancient Tea Set","Philosopher\u0027s Stone","Mark of the Bloom","SsserpentHead","Gremlin Horn"],"potions_floor_usage":[33,35,44,50,50,50],"damage_taken":[{"damage":1.0,"enemies":"Cultist","floor":1.0,"turns":6.0},{"damage":0.0,"enemies":"2 Louse","floor":2.0,"turns":5.0},{"damage":0.0,"enemies":"Jaw Worm","floor":4.0,"turns":2.0},{"damage":5.0,"enemies":"3 Louse","floor":5.0,"turns":4.0},{"damage":0.0,"enemies":"Lots of Slimes","floor":7.0,"turns":3.0},{"damage":8.0,"enemies":"Large Slime","floor":8.0,"turns":13.0},{"damage":27.0,"enemies":"Gremlin Nob","floor":10.0,"turns":6.0},{"damage":14.0,"enemies":"Gremlin Gang","floor":11.0,"turns":6.0},{"damage":0.0,"enemies":"Exordium Wildlife","floor":13.0,"turns":5.0},{"damage":0.0,"enemies":"Looter","floor":14.0,"turns":5.0},{"damage":17.0,"enemies":"Hexaghost","floor":16.0,"turns":12.0},{"damage":7.0,"enemies":"Chosen","floor":18.0,"turns":8.0},{"damage":2.0,"enemies":"3 Byrds","floor":24.0,"turns":3.0},{"damage":18.0,"enemies":"Book of Stabbing","floor":25.0,"turns":7.0},{"damage":11,"enemies":"Sentry and Sphere","floor":29,"turns":8},{"damage":8,"enemies":"Shelled Parasite and Fungi","floor":31,"turns":9},{"damage":53,"enemies":"Automaton","floor":33,"turns":12},{"damage":34,"enemies":"3 Darklings","floor":35,"turns":6},{"damage":0,"enemies":"3 Shapes","floor":37,"turns":6},{"damage":0,"enemies":"Maw","floor":44,"turns":2},{"damage":0,"enemies":"Jaw Worm Horde","floor":46,"turns":2},{"damage":7,"enemies":"Transient","floor":48,"turns":5},{"damage":30,"enemies":"Donu and Deca","floor":50,"turns":8}],"seed_played":"7016288142976629965","potions_obtained":[{"floor":2.0,"key":"Fire Potion"},{"floor":7.0,"key":"Swift Potion"},{"floor":11.0,"key":"LiquidBronze"},{"floor":13.0,"key":"Strength Potion"},{"floor":28,"key":"GhostInAJar"},{"floor":28,"key":"Dexterity Potion"},{"floor":28,"key":"SmokeBomb"},{"floor":33,"key":"Regen Potion"},{"floor":37,"key":"FearPotion"}],"is_trial":false,"path_per_floor":["M","M","$","M","M","R","M","M","T","E","M","R","M","M","R","B",null,"M","$","?","?","T","R","M","E","T","$","?","M","R","M","R","B",null,"M","?","M","?","?","R","?","R","T","M","?","M","$","M","R","B",null],"character_chosen":"THE_SILENT","items_purchased":["Dagger Spray","Footwork","Trip","Caltrops","GhostInAJar","GhostInAJar","PowerPotion","Purity"],"campfire_rested":4,"item_purchase_floors":[3,19,19,27,27,47,47,47],"current_hp_per_floor":[76,76,76,76,71,71,71,63,63,36,22,45,45,45,45,28,77,70,70,56,56,56,56,54,36,36,36,36,25,49,41,65,12,82,62,62,62,62,62,62,62,62,62,62,62,62,62,55,55,25],"gold":59,"neow_bonus":"TEN_PERCENT_HP_BONUS","is_prod":false,"is_daily":false,"chose_seed":false,"campfire_upgraded":4,"win_rate":0,"timestamp":1552727716,"path_taken":["M","M","$","M","M","R","M","M","T","E","?","R","M","M","R","BOSS","M","$","?","?","?","R","M","E","T","$","?","?","R","M","R","BOSS","M","?","?","?","?","R","?","R","T","?","?","M","$","M","R","BOSS"],"build_version":"2019-01-23","purchased_purges":1,"victory":true,"max_hp_per_floor":[77,77,77,77,77,77,77,77,77,77,77,77,77,77,77,77,77,77,77,82,82,82,82,82,82,82,82,82,82,82,82,82,82,82,82,82,82,82,82,82,82,82,82,82,82,82,82,82,82,82],"card_choices":[{"not_picked":["Outmaneuver","PiercingWail"],"picked":"Footwork","floor":1.0},{"not_picked":["Setup","Deadly Poison"],"picked":"Leg Sweep","floor":2.0},{"not_picked":["Finisher","Skewer"],"picked":"Infinite Blades","floor":4.0},{"not_picked":["Bane","Dagger Throw","Predator"],"picked":"SKIP","floor":5.0},{"not_picked":["Dagger Spray","Outmaneuver"],"picked":"Deflect","floor":7.0},{"not_picked":["Dodge and Roll","Poisoned Stab"],"picked":"Crippling Poison","floor":8.0},{"not_picked":["Flying Knee","Sucker Punch"],"picked":"Blade Dance","floor":10.0},{"not_picked":["Quick Slash","Flechettes","Deadly Poison"],"picked":"SKIP","floor":11.0},{"not_picked":["Dagger Spray","Setup"],"picked":"Acrobatics","floor":13.0},{"not_picked":["Setup","Slice"],"picked":"Adrenaline","floor":14.0},{"not_picked":["Storm of Steel","Corpse Explosion"],"picked":"Die Die Die","floor":16.0},{"not_picked":["Bane","Underhanded Strike"],"picked":"Backstab","floor":18.0},{"not_picked":["Backflip","Underhanded Strike","Outmaneuver"],"picked":"SKIP","floor":24.0},{"not_picked":["Dagger Throw","Poisoned Stab"],"picked":"Noxious Fumes","floor":25.0},{"not_picked":["Dash","Prepared","Concentrate"],"picked":"SKIP","floor":29},{"not_picked":["Outmaneuver","Leg Sweep"],"picked":"Noxious Fumes","floor":31},{"not_picked":["Tools of the Trade","Malaise"],"picked":"Die Die Die","floor":33},{"not_picked":["Outmaneuver","Sucker Punch","Dodge and Roll"],"picked":"SKIP","floor":35},{"not_picked":["Backstab","Heel Hook+1"],"picked":"PiercingWail","floor":37},{"not_picked":["Predator","Concentrate"],"picked":"Masterful Stab+1","floor":46},{"not_picked":["Prepared+1","Dagger Throw","Backflip"],"picked":"SKIP","floor":48}],"player_experience":333479,"relics_obtained":[{"floor":22.0,"key":"WingedGreaves"},{"floor":25.0,"key":"Art of War"},{"floor":26.0,"key":"Ancient Tea Set"},{"floor":43,"key":"Gremlin Horn"}],"event_choices":[{"damage_healed":0.0,"max_hp_gain":5.0,"max_hp_loss":0.0,"gold_gain":0.0,"event_name":"Forgotten Altar","player_choice":"Shed Blood","floor":20.0,"gold_loss":0.0,"damage_taken":19.0},{"damage_healed":0.0,"max_hp_gain":0.0,"max_hp_loss":0.0,"gold_gain":0.0,"event_name":"Drug Dealer","player_choice":"Inject Mutagens","floor":21.0,"gold_loss":0.0,"damage_taken":0.0,"relics_obtained":["MutagenicStrength"]},{"damage_healed":0,"gold_gain":0,"player_choice":"Got Potions","damage_taken":0,"max_hp_gain":0,"max_hp_loss":0,"event_name":"Lab","floor":28,"gold_loss":0},{"damage_healed":0,"gold_gain":0,"player_choice":"Upgraded","damage_taken":0,"max_hp_gain":0,"max_hp_loss":0,"event_name":"Upgrade Shrine","floor":36,"gold_loss":0,"cards_upgraded":["Noxious Fumes"]},{"damage_healed":0,"gold_gain":0,"player_choice":"Ignored","damage_taken":0,"max_hp_gain":0,"max_hp_loss":0,"event_name":"Mysterious Sphere","floor":38,"gold_loss":0},{"damage_healed":0,"gold_gain":0,"player_choice":"Upgrade","damage_taken":0,"relics_obtained":["Mark of the Bloom"],"max_hp_gain":0,"max_hp_loss":0,"event_name":"MindBloom","floor":39,"gold_loss":0,"cards_upgraded":["Defend_G","Defend_G","Defend_G","Defend_G","Defend_G","Strike_G","Strike_G","Strike_G","Strike_G","Survivor","Leg Sweep","Dagger Spray","Infinite Blades","Deflect","Crippling Poison","Blade Dance","Acrobatics","Adrenaline","Die Die Die","Backstab","Footwork","Noxious Fumes","Caltrops","Die Die Die","PiercingWail"]},{"damage_healed":0,"gold_gain":0,"player_choice":"Trade","damage_taken":0,"relics_obtained":["SsserpentHead"],"max_hp_gain":0,"max_hp_loss":0,"event_name":"FaceTrader","floor":41,"gold_loss":0},{"cards_removed":["Strike_G"],"damage_healed":0,"gold_gain":0,"player_choice":"Removed Attack","damage_taken":0,"max_hp_gain":0,"max_hp_loss":0,"event_name":"Falling","floor":45,"gold_loss":0}],"is_beta":false,"boss_relics":[{"not_picked":["Black Star","Astrolabe","Fusion Hammer"]},{"not_picked":["Eternal Feather","Calling Bell"],"picked":"Philosopher\u0027s Stone"}],"items_purged_floors":[3],"is_endless":false,"potions_floor_spawned":[2,7,11,13,29,31,33,37,48],"ascension_level":0}