{"gold_per_floor":[109,109,55,55,55,55,18,46,70,105,105,122,133,152,152,256,256,272,289,98,98,98,98,133,133,133,143,162,176,194,204,204,301,351,367,217,227,238,28,28,39,56,101,115,145,145,145,199,199,199],"floor_reached":51,"playtime":4079,"items_purged":[],"score":771,"play_id":"7bb845b1-79b4-4760-920e-33dbccf9c336","local_time":"20190328041743","is_ascension_mode":true,"campfire_choices":[{"data":"Zap","floor":6.0,"key":"SMITH"},{"data":"Rainbow","floor":11.0,"key":"SMITH"},{"floor":15.0,"key":"REST"},{"data":"Double Energy","floor":23.0,"key":"SMITH"},{"floor":25.0,"key":"REST"},{"data":"Echo Form","floor":32.0,"key":"SMITH"},{"data":"Biased Cognition","floor":40,"key":"SMITH"},{"floor":47,"key":"REST"},{"data":"Lockon","floor":49,"key":"SMITH"}],"neow_cost":"NONE","seed_source_timestamp":1602751366435,"circlet_count":0,"master_deck":["Zap+1","Dualcast","Cold Snap","Coolheaded","Sunder+1","Auto Shields+1","Rainbow+1","Consume","Stack","Biased Cognition+1","Undo","Double Energy+1","Self Repair","Go for the Eyes","Echo Form+1","Capacitor","Creative AI","FTL","Reinforced Body","BootSequence","Lockon+1","Cold Snap+1","Defragment","BootSequence+1","Compile Driver+1","Conserve Battery+1","Reboot","Turbo+1","Loop","Coolheaded+1","Leap","Force Field"],"special_seed":0,"relics":["Cracked Core","NeowsBlessing","Meat on the Bone","Ancient Tea Set","Dream Catcher","Strawberry","Whetstone","Pandora\u0027s Box","Anchor","MutagenicStrength","Enchiridion","Vajra","Shuriken","Tiny House","Bag of Preparation","Toy Ornithopter","Oddly Smooth Stone","Blue Candle","Boot"],"potions_floor_usage":[33,38,44,50,50,50],"damage_taken":[{"damage":0.0,"enemies":"2 Louse","floor":1.0,"turns":1.0},{"damage":0.0,"enemies":"3 Sentries","floor":8.0,"turns":1.0},{"damage":0.0,"enemies":"Gremlin Nob","floor":10.0,"turns":1.0},{"damage":0.0,"enemies":"Cultist","floor":12.0,"turns":3.0},{"damage":18.0,"enemies":"Small Slimes","floor":13.0,"turns":40.0},{"damage":4.0,"enemies":"2 Fungi Beasts","floor":14.0,"turns":2.0},{"damage":41.0,"enemies":"The Guardian","floor":16.0,"turns":9.0},{"damage":11.0,"enemies":"3 Byrds","floor":18.0,"turns":4.0},{"damage":0.0,"enemies":"Spheric Guardian","floor":19.0,"turns":4.0},{"damage":19.0,"enemies":"Slavers","floor":24.0,"turns":7.0},{"damage":6.0,"enemies":"Centurion and Healer","floor":27.0,"turns":5.0},{"damage":0.0,"enemies":"3 Cultists","floor":28.0,"turns":2.0},{"damage":1.0,"enemies":"Snake Plant","floor":29.0,"turns":3.0},{"damage":6.0,"enemies":"Centurion and Healer","floor":30.0,"turns":6.0},{"damage":0.0,"enemies":"Shelled Parasite and Fungi","floor":31.0,"turns":4.0},{"damage":5,"enemies":"Automaton","floor":33,"turns":12},{"damage":0,"enemies":"Orb Walker","floor":35,"turns":4},{"damage":0,"enemies":"3 Darklings","floor":37,"turns":3},{"damage":28,"enemies":"4 Shapes","floor":38,"turns":6},{"damage":0,"enemies":"Jaw Worm Horde","floor":41,"turns":6},{"damage":8,"enemies":"Maw","floor":42,"turns":9},{"damage":16,"enemies":"3 Darklings","floor":44,"turns":7},{"damage":25,"enemies":"Nemesis","floor":45,"turns":9},{"damage":31,"enemies":"Donu and Deca","floor":50,"turns":11}],"seed_played":"5015276375347723885","potions_obtained":[{"floor":12.0,"key":"SpeedPotion"},{"floor":13.0,"key":"Poison Potion"},{"floor":16.0,"key":"Swift Potion"},{"floor":19.0,"key":"Dexterity Potion"},{"floor":28.0,"key":"FocusPotion"},{"floor":33,"key":"Explosive Potion"},{"floor":38,"key":"Explosive Potion"},{"floor":44,"key":"Ancient Potion"}],"is_trial":false,"path_per_floor":["M","?","$","T","?","R","$","E","T","E","R","M","M","M","R","B",null,"M","M","$","?","?","R","E","R","T","M","M","M","M","M","R","B",null,"M","$","M","M","$","R","M","M","T","M","E","?","R","T","R","B",null],"character_chosen":"DEFECT","items_purchased":["Coolheaded","Sunder","Anchor","Reinforced Body","Bag of Preparation","Toy Ornithopter"],"campfire_rested":3,"item_purchase_floors":[3,7,20,20,36,39],"current_hp_per_floor":[75,75,75,75,63,63,63,63,70,70,70,70,52,48,72,43,82,78,78,78,78,62,62,57,81,81,82,82,81,82,82,82,82,87,87,87,87,73,73,73,80,79,79,75,57,57,83,83,83,67],"gold":199,"neow_bonus":"THREE_ENEMY_KILL","is_prod":false,"is_daily":false,"chose_seed":false,"campfire_upgraded":6,"win_rate":0,"timestamp":1553743063,"path_taken":["M","?","$","?","?","R","$","E","T","E","R","M","M","M","R","BOSS","M","M","$","?","?","R","E","R","T","M","M","M","M","M","R","BOSS","M","$","M","M","$","R","M","M","T","M","E","?","R","?","R","BOSS"],"build_version":"2019-01-23","purchased_purges":0,"victory":true,"max_hp_per_floor":[75,75,75,75,75,75,75,75,82,82,82,82,82,82,82,82,82,82,82,82,82,82,82,82,82,82,82,82,82,82,82,82,82,87,87,87,87,87,87,87,87,87,87,87,87,87,87,87,87,87],"card_choices":[{"not_picked":["Sweeping Beam","Beam Cell"],"picked":"Cold Snap","floor":1.0},{"not_picked":["Doom and Gloom","Streamline"],"picked":"Auto Shields","floor":8.0},{"not_picked":["Darkness","Scrape"],"picked":"Rainbow","floor":10.0},{"not_picked":["Auto Shields","Gash"],"picked":"Consume","floor":12.0},{"not_picked":["Recycle","Reprogram","Storm"],"picked":"SKIP","floor":13.0},{"not_picked":["Streamline","Tempest"],"picked":"Stack","floor":14.0},{"not_picked":["Reprogram","Leap"],"picked":"Coolheaded","floor":15.0},{"not_picked":["Creative AI","Thunder Strike"],"picked":"Biased Cognition","floor":16.0},{"not_picked":["Rebound","Reprogram"],"picked":"FTL","floor":18.0},{"not_picked":["Steam Power","Beam Cell","Recycle"],"picked":"SKIP","floor":19.0},{"not_picked":["Redo","Barrage"],"picked":"BootSequence","floor":24.0},{"not_picked":["Heatsinks","Conserve Battery"],"picked":"Lockon","floor":25.0},{"not_picked":["Redo","Steam"],"picked":"Cold Snap+1","floor":27.0},{"not_picked":["Turbo","Barrage"],"picked":"Defragment","floor":28.0},{"not_picked":["Lockon","Capacitor+1"],"picked":"BootSequence+1","floor":29.0},{"not_picked":["White Noise","Doom and Gloom+1"],"picked":"Compile Driver+1","floor":30.0},{"not_picked":["Reinforced Body","Skim"],"picked":"Conserve Battery+1","floor":31.0},{"not_picked":["Creative AI","Meteor Strike"],"picked":"Reboot","floor":33},{"not_picked":["Cold Snap","Gash"],"picked":"Turbo+1","floor":34},{"not_picked":["Gash+1","Compile Driver"],"picked":"Loop","floor":35},{"not_picked":["Gash+1","Genetic Algorithm"],"picked":"Coolheaded+1","floor":37},{"not_picked":["Echo Form","Sunder"],"picked":"Leap","floor":38},{"not_picked":["Sweeping Beam+1","Heatsinks","BootSequence+1"],"picked":"SKIP","floor":41},{"not_picked":["Redo","Barrage+1","Rebound"],"picked":"SKIP","floor":42},{"not_picked":["Barrage","Rebound"],"picked":"Force Field","floor":44},{"not_picked":["Steam","Steam Power+1","Capacitor+1"],"picked":"SKIP","floor":45}],"player_experience":424241,"relics_obtained":[{"floor":4.0,"key":"Meat on the Bone"},{"floor":8.0,"key":"Dream Catcher"},{"floor":9.0,"key":"Strawberry"},{"floor":10.0,"key":"Whetstone"},{"floor":22.0,"key":"Enchiridion"},{"floor":24.0,"key":"Vajra"},{"floor":26.0,"key":"Shuriken"},{"floor":43,"key":"Oddly Smooth Stone"},{"floor":45,"key":"Blue Candle"},{"floor":48,"key":"Boot"}],"event_choices":[{"cards_removed":["Strike_B"],"damage_healed":0.0,"max_hp_gain":0.0,"max_hp_loss":0.0,"gold_gain":0.0,"event_name":"Purifier","player_choice":"Purged","floor":2.0,"gold_loss":0.0,"damage_taken":0.0},{"damage_healed":0.0,"max_hp_gain":0.0,"max_hp_loss":0.0,"gold_gain":0.0,"event_name":"Scrap Ooze","player_choice":"Success","floor":5.0,"gold_loss":0.0,"damage_taken":12.0,"relics_obtained":["Ancient Tea Set"]},{"damage_healed":0.0,"max_hp_gain":0.0,"max_hp_loss":0.0,"gold_gain":0.0,"event_name":"Drug Dealer","player_choice":"Inject Mutagens","floor":21.0,"gold_loss":0.0,"damage_taken":0.0,"relics_obtained":["MutagenicStrength"]},{"damage_healed":0.0,"max_hp_gain":0.0,"max_hp_loss":0.0,"gold_gain":0.0,"event_name":"Cursed Tome","player_choice":"Obtained Book","floor":22.0,"gold_loss":0.0,"damage_taken":16.0},{"cards_removed":["Coolheaded"],"damage_healed":0,"gold_gain":0,"player_choice":"Removed Skill","damage_taken":0,"max_hp_gain":0,"max_hp_loss":0,"event_name":"Falling","floor":46,"gold_loss":0}],"is_beta":false,"boss_relics":[{"not_picked":["Empty Cage","Runic Pyramid"],"picked":"Pandora\u0027s Box"},{"not_picked":["Runic Dome","Black Star"],"picked":"Tiny House"}],"items_purged_floors":[],"is_endless":false,"potions_floor_spawned":[12,13,16,19,28,30,31,33,37,38,44],"ascension_level":1}