{"gold_per_floor":[113,125,140,17,17,17,50,50,50,84,103,103,113,188,188,288,288,300,149,163,163],"floor_reached":21,"playtime":1022,"items_purged":[],"score":189,"play_id":"9d09b016-cbed-459d-bd31-87de88750601","local_time":"20190321161218","is_ascension_mode":false,"campfire_choices":[{"data":"Accuracy","floor":6,"key":"SMITH"},{"floor":8,"key":"REST"},{"floor":15,"key":"REST"}],"neow_cost":"NONE","seed_source_timestamp":142053908287567,"circlet_count":0,"master_deck":["Defend_G","Defend_G","Defend_G","Defend_G","Defend_G","Strike_G","Strike_G","Strike_G","Strike_G","Strike_G","Survivor","Neutralize","Cloak And Dagger","Distraction","Blade Dance","Acrobatics","Accuracy+1","Blade Dance","Finisher","Escape Plan","A Thousand Cuts","Backflip","Die Die Die","Cloak And Dagger","Finisher"],"relics":["Ring of the Snake","Bird Faced Urn","Darkstone Periapt","Omamori","Eternal Feather","Boot"],"potions_floor_usage":[13,16,18,21],"damage_taken":[{"damage":1,"enemies":"Cultist","floor":1,"turns":5},{"damage":0,"enemies":"Small Slimes","floor":2,"turns":3},{"damage":4,"enemies":"Jaw Worm","floor":3,"turns":6},{"damage":17,"enemies":"Lagavulin","floor":7,"turns":6},{"damage":16,"enemies":"3 Sentries","floor":10,"turns":6},{"damage":6,"enemies":"Large Slime","floor":11,"turns":3},{"damage":6,"enemies":"Exordium Wildlife","floor":13,"turns":3},{"damage":36,"enemies":"Hexaghost","floor":16,"turns":9},{"damage":35,"enemies":"2 Thieves","floor":18,"turns":3},{"damage":10,"enemies":"Chosen","floor":20,"turns":5},{"damage":31,"enemies":"Snecko","floor":21,"turns":4}],"seed_played":"7827242371838873795","potions_obtained":[{"floor":3,"key":"Fire Potion"},{"floor":7,"key":"Strength Potion"},{"floor":11,"key":"PowerPotion"},{"floor":18,"key":"Swift Potion"}],"is_trial":false,"path_per_floor":["M","M","M","$","?","R","E","R","T","E","M","$","M","?","R","B",null,"M","$","M","M"],"character_chosen":"THE_SILENT","items_purchased":["Accuracy","Blade Dance","Boot"],"campfire_rested":2,"item_purchase_floors":[4,4,19],"current_hp_per_floor":[69,69,65,65,65,65,48,69,69,54,50,50,48,37,58,26,70,37,37,29,0],"gold":163,"neow_bonus":"THREE_CARDS","is_prod":false,"is_daily":false,"chose_seed":false,"campfire_upgraded":1,"win_rate":0.0,"timestamp":1553181138,"path_taken":["M","?","M","$","?","R","E","R","T","E","M","$","?","?","R","BOSS","M","$","M","M"],"build_version":"2019-01-23","purchased_purges":0,"victory":false,"max_hp_per_floor":[70,70,70,70,70,70,70,70,70,70,70,70,70,70,70,70,70,70,70,70,70],"card_choices":[{"not_picked":["Endless Agony","Outmaneuver"],"picked":"Cloak And Dagger","floor":0},{"not_picked":["Dagger Spray","Terror"],"picked":"Distraction","floor":1},{"not_picked":["Cloak And Dagger","Outmaneuver"],"picked":"Blade Dance","floor":2},{"not_picked":["Footwork","Concentrate"],"picked":"Acrobatics","floor":3},{"not_picked":["Reflex","Underhanded Strike"],"picked":"Finisher","floor":7},{"not_picked":["All Out Attack","Flying Knee"],"picked":"Escape Plan","floor":10},{"not_picked":["Well Laid Plans","Backstab"],"picked":"A Thousand Cuts","floor":11},{"not_picked":["Footwork","Eviscerate"],"picked":"Backflip","floor":13},{"not_picked":["Malaise","Venomology"],"picked":"Die Die Die","floor":16},{"not_picked":["Distraction","Underhanded Strike"],"picked":"Cloak And Dagger","floor":18},{"not_picked":["Dagger Spray","Leg Sweep"],"picked":"Finisher","floor":20}],"player_experience":338124,"relics_obtained":[{"floor":7,"key":"Bird Faced Urn"},{"floor":9,"key":"Darkstone Periapt"},{"floor":10,"key":"Omamori"}],"event_choices":[{"damage_healed":0,"gold_gain":0,"player_choice":"Ignored","damage_taken":0,"max_hp_gain":0,"max_hp_loss":0,"event_name":"Purifier","floor":5,"gold_loss":0},{"damage_healed":0,"gold_gain":75,"player_choice":"Gather Gold","damage_taken":11,"max_hp_gain":0,"max_hp_loss":0,"event_name":"World of Goop","floor":14,"gold_loss":0}],"is_beta":false,"boss_relics":[{"not_picked":["Cursed Key","Busted Crown"],"picked":"Eternal Feather"}],"items_purged_floors":[],"is_endless":false,"potions_floor_spawned":[3,7,11,18],"killed_by":"Snecko","ascension_level":0}