{"gold_per_floor":[119,133,145,159,171,171,204,204,204,215,215,215,229,82,82,179,179,194,68,68,82,92,92,120,120,199,199,199,216,216,242,242,338,338,358,38,55,70,70,102,122,148,148,148,166,166,178,195,195,195],"floor_reached":51,"playtime":2810,"items_purged":["Strike_B","Writhe"],"score":958,"play_id":"9af3c1bf-8639-41fe-8af1-e615378084db","local_time":"20190325235143","is_ascension_mode":true,"campfire_choices":[{"data":"Sunder","floor":6,"key":"SMITH"},{"data":"Conserve Battery","floor":8,"key":"SMITH"},{"data":"Defend_B","floor":12,"key":"SMITH"},{"data":"Genetic Algorithm","floor":15,"key":"SMITH"},{"data":"Conserve Battery","floor":23,"key":"SMITH"},{"data":"Skim","floor":28,"key":"SMITH"},{"data":"Echo Form","floor":30,"key":"SMITH"},{"data":"Zap","floor":32,"key":"SMITH"},{"data":"Echo Form","floor":46,"key":"SMITH"},{"data":"Force Field","floor":49,"key":"SMITH"}],"neow_cost":"NONE","seed_source_timestamp":45067584039700,"circlet_count":0,"master_deck":["Defend_B+1","Defend_B+1","Defend_B+1","Defend_B+1","Zap+1","Sunder+1","Conserve Battery+1","Skim+1","Echo Form+1","Genetic Algorithm+1","Electrodynamics","Conserve Battery+1","Bite","Bite","Bite","Bite","Bite","Leap+1","Ball Lightning","Machine Learning","BootSequence+1","Force Field+1","Echo Form+1"],"relics":["Cracked Core","Anchor","Bag of Marbles","Pear","Busted Crown","Darkstone Periapt","Gremlin Horn","Mummified Hand","The Courier","Inserter","Calipers","Vajra","Smiling Mask","Shuriken"],"potions_floor_usage":[7,7,10,16,42,50,50],"damage_taken":[{"damage":1,"enemies":"2 Louse","floor":1,"turns":3},{"damage":0,"enemies":"Cultist","floor":2,"turns":3},{"damage":2,"enemies":"Jaw Worm","floor":3,"turns":4},{"damage":1,"enemies":"Exordium Wildlife","floor":4,"turns":3},{"damage":1,"enemies":"Looter","floor":5,"turns":2},{"damage":13,"enemies":"Lagavulin","floor":7,"turns":5},{"damage":0,"enemies":"Lots of Slimes","floor":10,"turns":3},{"damage":0,"enemies":"Large Slime","floor":13,"turns":4},{"damage":31,"enemies":"The Guardian","floor":16,"turns":6},{"damage":0,"enemies":"Shell Parasite","floor":18,"turns":4},{"damage":0,"enemies":"2 Thieves","floor":21,"turns":2},{"damage":5,"enemies":"3 Cultists","floor":22,"turns":5},{"damage":11,"enemies":"Gremlin Leader","floor":24,"turns":6},{"damage":5,"enemies":"Centurion and Healer","floor":29,"turns":7},{"damage":21,"enemies":"Slavers","floor":31,"turns":8},{"damage":44,"enemies":"Champ","floor":33,"turns":17},{"damage":59,"enemies":"3 Darklings","floor":35,"turns":6},{"damage":0,"enemies":"3 Shapes","floor":37,"turns":7},{"damage":0,"enemies":"Jaw Worm Horde","floor":38,"turns":5},{"damage":0,"enemies":"Reptomancer","floor":40,"turns":6},{"damage":4,"enemies":"Writhing Mass","floor":41,"turns":6},{"damage":21,"enemies":"Nemesis","floor":42,"turns":7},{"damage":0,"enemies":"Spire Growth","floor":45,"turns":5},{"damage":0,"enemies":"4 Shapes","floor":47,"turns":4},{"damage":0,"enemies":"Writhing Mass","floor":48,"turns":6},{"damage":56,"enemies":"Time Eater","floor":50,"turns":13}],"seed_played":"8589698841117539127","potions_obtained":[{"floor":3,"key":"Block Potion"},{"floor":5,"key":"Energy Potion"},{"floor":7,"key":"AttackPotion"},{"floor":10,"key":"Fruit Juice"},{"floor":21,"key":"Ancient Potion"},{"floor":22,"key":"SpeedPotion"},{"floor":37,"key":"Weak Potion"},{"floor":38,"key":"Dexterity Potion"},{"floor":41,"key":"LiquidBronze"},{"floor":45,"key":"SmokeBomb"}],"is_trial":false,"path_per_floor":["?","M","?","?","?","?","M","?"],"character_chosen":"DEFECT","items_purchased":["Echo Form","Genetic Algorithm","Conserve Battery","Calipers"],"campfire_rested":0,"item_purchase_floors":[14,14,19,36],"current_hp_per_floor":[74,74,72,71,70,70,57,57,67,72,72,72,72,72,72,41,78,78,78,63,63,59,59,58,64,64,64,64,69,69,69,69,60,67,24,24,44,58,58,69,69,62,62,62,69,69,69,69,69,35],"gold":195,"neow_bonus":"RANDOM_COMMON_RELIC","is_prod":false,"is_daily":false,"chose_seed":false,"campfire_upgraded":10,"win_rate":0,"timestamp":1553572303,"path_taken":["M","M","M","M","M","R","E","R","T","M","?","R","?","$","R","BOSS","M","$","?","M","M","R","E","?","T","?","R","M","R","E","R","BOSS","M","$","M","M","?","E","?","E","T","?","M","R","M","M","R","BOSS"],"build_version":"2019-01-23","purchased_purges":2,"victory":true,"max_hp_per_floor":[75,75,75,75,75,75,75,75,85,90,90,90,90,90,90,90,90,90,90,63,63,63,63,63,69,69,69,69,69,69,69,69,69,69,69,69,69,69,69,69,69,69,69,69,69,69,69,69,69,69],"card_choices":[{"not_picked":["Barrage","Steam"],"picked":"Sunder","floor":1},{"not_picked":["Doom and Gloom","Beam Cell","Chaos"],"picked":"SKIP","floor":2},{"not_picked":["Turbo","Chaos","Beam Cell"],"picked":"SKIP","floor":3},{"not_picked":["Hologram","Turbo"],"picked":"Conserve Battery","floor":4},{"not_picked":["Stack","Redo","Turbo"],"picked":"SKIP","floor":5},{"not_picked":["Steam","Cold Snap","Steam Power"],"picked":"SKIP","floor":7},{"not_picked":["Gash","Coolheaded","Hello World"],"picked":"SKIP","floor":10},{"not_picked":["Hologram","Go for the Eyes"],"picked":"Skim","floor":13},{"not_picked":["Multi-Cast","Creative AI"],"picked":"Electrodynamics","floor":16},{"not_picked":["Cold Snap"],"picked":"SKIP","floor":18},{"not_picked":["Gash"],"picked":"SKIP","floor":21},{"not_picked":["Compile Driver+1"],"picked":"SKIP","floor":22},{"not_picked":[],"picked":"Leap+1","floor":24},{"not_picked":[],"picked":"Ball Lightning","floor":29},{"not_picked":["Sweeping Beam+1"],"picked":"SKIP","floor":31},{"not_picked":[],"picked":"Machine Learning","floor":33},{"not_picked":[],"picked":"BootSequence+1","floor":35},{"not_picked":[],"picked":"Force Field","floor":37},{"not_picked":["Rebound"],"picked":"SKIP","floor":38},{"not_picked":["Genetic Algorithm"],"picked":"SKIP","floor":40},{"not_picked":["Rebound+1"],"picked":"SKIP","floor":41},{"not_picked":[],"picked":"Echo Form","floor":42},{"not_picked":["Hologram"],"picked":"SKIP","floor":45},{"not_picked":["Coolheaded+1"],"picked":"SKIP","floor":47},{"not_picked":["Turbo"],"picked":"SKIP","floor":48}],"player_experience":287021,"relics_obtained":[{"floor":7,"key":"Bag of Marbles"},{"floor":9,"key":"Pear"},{"floor":24,"key":"Darkstone Periapt"},{"floor":26,"key":"Mummified Hand"},{"floor":31,"key":"The Courier"},{"floor":40,"key":"Vajra"},{"floor":42,"key":"Smiling Mask"},{"floor":43,"key":"Shuriken"}],"event_choices":[{"damage_healed":0,"gold_gain":0,"player_choice":"Bought 0 Potions","damage_taken":0,"max_hp_gain":0,"max_hp_loss":0,"event_name":"The Woman in Blue","floor":11,"gold_loss":0},{"damage_healed":0,"gold_gain":0,"player_choice":"Became a vampire","damage_taken":0,"max_hp_gain":0,"max_hp_loss":27,"event_name":"Vampires","floor":20,"gold_loss":0,"cards_obtained":["Bite","Bite","Bite","Bite","Bite"]},{"damage_healed":0,"gold_gain":0,"player_choice":"Opened","damage_taken":0,"relics_obtained":["Gremlin Horn"],"max_hp_gain":0,"max_hp_loss":0,"event_name":"The Mausoleum","floor":25,"gold_loss":0,"cards_obtained":["Writhe"]},{"damage_healed":0,"gold_gain":0,"player_choice":"Simplicity","damage_taken":0,"max_hp_gain":0,"max_hp_loss":0,"event_name":"Back to Basics","floor":27,"gold_loss":0,"cards_upgraded":["Defend_B","Defend_B","Defend_B"]},{"damage_healed":0,"gold_gain":0,"player_choice":"0 cards matched","damage_taken":0,"max_hp_gain":0,"max_hp_loss":0,"event_name":"Match and Keep!","floor":39,"gold_loss":0,"cards_obtained":[]},{"cards_removed":["Dualcast"],"damage_healed":0,"gold_gain":0,"player_choice":"Purged","damage_taken":0,"max_hp_gain":0,"max_hp_loss":0,"event_name":"Purifier","floor":44,"gold_loss":0}],"is_beta":false,"boss_relics":[{"not_picked":["White Beast Statue","Runic Dome"],"picked":"Busted Crown"},{"not_picked":["Coffee Dripper","Nuclear Battery"],"picked":"Inserter"}],"items_purged_floors":[19,36],"is_endless":false,"potions_floor_spawned":[3,5,7,10,21,22,37,38,41,45],"ascension_level":5}