{"gold_per_floor":[112,25,25,25,35,35,50,50,50,64,64,64,14,25,25,25],"floor_reached":16,"playtime":491,"items_purged":["Strike_G","Strike_G"],"score":160,"play_id":"a1f3084d-e90d-4e05-8826-211558221f9e","local_time":"20190320155356","is_ascension_mode":true,"campfire_choices":[{"data":"Footwork","floor":6,"key":"SMITH"},{"data":"Terror","floor":8,"key":"SMITH"},{"data":"Neutralize","floor":12,"key":"SMITH"},{"data":"PiercingWail","floor":15,"key":"SMITH"}],"neow_cost":"NONE","seed_source_timestamp":3930862543335,"circlet_count":0,"master_deck":["AscendersBane","Defend_G","Defend_G","Defend_G","Defend_G","Strike_G","Strike_G","Strike_G","Survivor","Neutralize+1","All Out Attack","Footwork+1","Deflect","Terror+1","PiercingWail+1"],"relics":["Ring of the Snake","Smiling Mask","Mango"],"potions_floor_usage":[],"damage_taken":[{"damage":3,"enemies":"Jaw Worm","floor":1,"turns":7},{"damage":0,"enemies":"Small Slimes","floor":5,"turns":4},{"damage":0,"enemies":"Cultist","floor":7,"turns":5},{"damage":0,"enemies":"Blue Slaver","floor":10,"turns":4},{"damage":0,"enemies":"Large Slime","floor":14,"turns":5},{"damage":62,"enemies":"Hexaghost","floor":16,"turns":16}],"seed_played":"3576388451912399570","potions_obtained":[{"floor":1,"key":"Block Potion"}],"is_trial":false,"path_per_floor":["M","$","?","?","M","R","M","R","T","M","?","R","$","M","R","B"],"character_chosen":"THE_SILENT","items_purchased":["Footwork"],"campfire_rested":0,"item_purchase_floors":[2],"current_hp_per_floor":[60,60,60,65,65,65,65,65,79,79,79,79,79,79,79,17],"gold":25,"neow_bonus":"RANDOM_COMMON_RELIC","is_prod":false,"is_daily":false,"chose_seed":false,"campfire_upgraded":4,"win_rate":0,"timestamp":1553064836,"path_taken":["M","$","?","?","M","R","M","R","T","M","?","R","$","M","R","BOSS"],"build_version":"2019-01-23","purchased_purges":2,"victory":false,"max_hp_per_floor":[70,70,70,75,75,75,75,75,89,89,89,89,89,89,89,89],"card_choices":[{"not_picked":["Dash","Outmaneuver"],"picked":"All Out Attack","floor":1},{"not_picked":["Setup","Heel Hook"],"picked":"Deflect","floor":5},{"not_picked":["Sucker Punch","Masterful Stab"],"picked":"Terror","floor":7},{"not_picked":["Slice","Poisoned Stab"],"picked":"PiercingWail","floor":10},{"not_picked":["Dagger Throw","Outmaneuver","Quick Slash"],"picked":"SKIP","floor":14}],"player_experience":355023,"relics_obtained":[{"floor":9,"key":"Mango"}],"event_choices":[{"damage_healed":0,"gold_gain":0,"player_choice":"Ignored","damage_taken":0,"max_hp_gain":0,"max_hp_loss":0,"event_name":"Liars Game","floor":3,"gold_loss":0},{"damage_healed":0,"gold_gain":0,"player_choice":"Donut","damage_taken":0,"max_hp_gain":5,"max_hp_loss":0,"event_name":"Big Fish","floor":4,"gold_loss":0},{"cards_removed":["Defend_G"],"damage_healed":0,"gold_gain":0,"player_choice":"Offered Basic","damage_taken":0,"max_hp_gain":0,"max_hp_loss":0,"event_name":"Bonfire Elementals","floor":11,"gold_loss":0}],"is_beta":false,"boss_relics":[],"items_purged_floors":[2,13],"is_endless":false,"potions_floor_spawned":[1],"killed_by":"Hexaghost","ascension_level":10}