{"gold_per_floor":[113,125,137,151,151,185,199,217,243,59,59,59,74,99,99,204,204,220,220,289,278,11,11,38,38,85,102,102,102,113,113,113,211,261,274,287,299,312,1311,1311,1311,1324,1324,1336,1336,118,132,152,152,152],"floor_reached":50,"playtime":2607,"items_purged":["Doubt","Normality"],"score":649,"play_id":"d674394c-e69e-4d37-afb8-35c3807078b2","local_time":"20190228170729","is_ascension_mode":true,"campfire_choices":[{"data":"Backflip","floor":12.0,"key":"SMITH"},{"data":"Noxious Fumes","floor":15.0,"key":"SMITH"},{"data":"Footwork","floor":23.0,"key":"SMITH"},{"data":"Survivor","floor":25.0,"key":"SMITH"},{"data":"Footwork","floor":29.0,"key":"SMITH"},{"data":"Neutralize","floor":32.0,"key":"SMITH"},{"data":"Night Terror","floor":40.0,"key":"SMITH"},{"floor":49.0,"key":"REST"}],"neow_cost":"CURSE","seed_source_timestamp":23554548498858,"circlet_count":0,"master_deck":["Defend_G","Defend_G","Defend_G","Defend_G","Defend_G","Strike_G","Strike_G","Strike_G","Survivor+1","Neutralize+1","Escape Plan","Calculated Gamble","Backflip+1","PiercingWail","PiercingWail","A Thousand Cuts","Noxious Fumes+1","Crippling Poison","Bullet Time","Deadly Poison+1","Deadly Poison","Footwork+1","Expertise+1","Footwork+1","Expertise","Neutralize","Night Terror+1","Outmaneuver","Malaise","Normality","Transmutation","Well Laid Plans","Caltrops+1","Venomology","Well Laid Plans+1"],"special_seed":0,"relics":["Ring of the Snake","Snake Skull","Anchor","Vajra","Ancient Tea Set","Lizard Tail","Matryoshka","TwistedFunnel","Strawberry","Smiling Mask","Dream Catcher","Tiny House","Paper Crane","Mercury Hourglass","Unceasing Top","Toy Ornithopter","Nunchaku"],"potions_floor_usage":[50],"damage_taken":[{"damage":0.0,"enemies":"Small Slimes","floor":1.0,"turns":3.0},{"damage":0.0,"enemies":"Cultist","floor":2.0,"turns":5.0},{"damage":6.0,"enemies":"Jaw Worm","floor":3.0,"turns":6.0},{"damage":4.0,"enemies":"Blue Slaver","floor":4.0,"turns":8.0},{"damage":38.0,"enemies":"Lagavulin","floor":6.0,"turns":11.0},{"damage":1.0,"enemies":"Exordium Wildlife","floor":7.0,"turns":6.0},{"damage":2.0,"enemies":"2 Fungi Beasts","floor":8.0,"turns":5.0},{"damage":0.0,"enemies":"Looter","floor":13.0,"turns":4.0},{"damage":2.0,"enemies":"3 Sentries","floor":14.0,"turns":6.0},{"damage":10.0,"enemies":"Hexaghost","floor":16.0,"turns":9.0},{"damage":2.0,"enemies":"Spheric Guardian","floor":18.0,"turns":5.0},{"damage":0.0,"enemies":"2 Thieves","floor":21.0,"turns":4.0},{"damage":7.0,"enemies":"Book of Stabbing","floor":24.0,"turns":6.0},{"damage":4.0,"enemies":"Centurion and Healer","floor":27.0,"turns":5.0},{"damage":6.0,"enemies":"Chosen and Byrds","floor":30.0,"turns":4.0},{"damage":45.0,"enemies":"Collector","floor":33.0,"turns":8.0},{"damage":21.0,"enemies":"3 Darklings","floor":35.0,"turns":5.0},{"damage":3.0,"enemies":"Orb Walker","floor":36.0,"turns":4.0},{"damage":0.0,"enemies":"Maw","floor":37.0,"turns":11.0},{"damage":27.0,"enemies":"Transient","floor":38.0,"turns":5.0},{"damage":1.0,"enemies":"4 Shapes","floor":42.0,"turns":3.0},{"damage":37.0,"enemies":"Spire Growth","floor":44.0,"turns":7.0},{"damage":25.0,"enemies":"Maw","floor":47.0,"turns":9.0},{"damage":0.0,"enemies":"4 Shapes","floor":48.0,"turns":5.0},{"damage":74,"enemies":"Awakened One","floor":50,"turns":5}],"seed_played":"1818597772891557812","potions_obtained":[{"floor":1.0,"key":"Fire Potion"},{"floor":4.0,"key":"Strength Potion"},{"floor":6.0,"key":"GhostInAJar"},{"floor":8.0,"key":"PowerPotion"},{"floor":13.0,"key":"Weak Potion"},{"floor":14.0,"key":"SkillPotion"},{"floor":30.0,"key":"Fire Potion"},{"floor":34.0,"key":"GhostInAJar"},{"floor":36.0,"key":"Dexterity Potion"},{"floor":37.0,"key":"GamblersBrew"},{"floor":44.0,"key":"AttackPotion"}],"is_trial":false,"path_per_floor":["M","M","M","M","?","E","M","M","T","$","?","R","M","E","R","B",null,"M","?","T","M","$","R","E","R","T","M","?","R","M","?","R","B",null,"M","M","M","M","?","R","?","M","T","M","?","$","M","M","R","B"],"character_chosen":"THE_SILENT","items_purchased":["Noxious Fumes","Crippling Poison","TwistedFunnel","Footwork","Unceasing Top","Toy Ornithopter","Nunchaku","SneckoOil","Fire Potion","Transmutation","Well Laid Plans"],"campfire_rested":1,"item_purchase_floors":[10,10,22,22,46,46,46,46,46,46,46],"current_hp_per_floor":[70,70,64,60,80,42,41,39,39,39,36,36,36,34,34,24,80,78,78,78,78,78,78,78,78,78,74,74,74,68,68,68,23,92,71,68,68,41,41,41,41,40,40,3,3,3,42,42,69,0],"gold":152,"neow_bonus":"THREE_RARE_CARDS","is_prod":false,"is_daily":false,"chose_seed":false,"campfire_upgraded":7,"win_rate":0,"timestamp":1551344849,"path_taken":["M","M","M","M","?","E","?","M","T","$","?","R","M","E","R","BOSS","M","?","?","M","$","R","E","R","T","M","?","R","M","?","R","BOSS","M","M","M","M","?","R","?","M","T","M","?","$","M","M","R","BOSS"],"build_version":"2019-01-23","purchased_purges":2,"victory":false,"max_hp_per_floor":[70,70,70,70,80,80,80,80,80,80,80,80,80,80,80,80,80,80,80,80,80,80,80,87,87,87,87,87,87,87,87,87,87,92,92,92,92,92,92,92,92,92,92,92,92,92,92,92,92,92],"card_choices":[{"not_picked":["Malaise","Unload"],"picked":"Grand Finale","floor":0.0},{"not_picked":["Prepared","Cloak And Dagger"],"picked":"Escape Plan","floor":1.0},{"not_picked":["Skewer","Dagger Throw","Reflex"],"picked":"SKIP","floor":2.0},{"not_picked":["Quick Slash","Prepared"],"picked":"Calculated Gamble","floor":3.0},{"not_picked":["Flechettes","Eviscerate"],"picked":"Backflip","floor":4.0},{"not_picked":["Heel Hook","Backstab"],"picked":"PiercingWail","floor":6.0},{"not_picked":["Underhanded Strike","Concentrate"],"picked":"PiercingWail","floor":7.0},{"not_picked":["Blade Dance","Bane"],"picked":"A Thousand Cuts","floor":8.0},{"not_picked":["Prepared","Outmaneuver","Infinite Blades"],"picked":"SKIP","floor":13.0},{"not_picked":["Outmaneuver","Sucker Punch","Flying Knee"],"picked":"SKIP","floor":14.0},{"not_picked":["Tools of the Trade","Storm of Steel"],"picked":"Bullet Time","floor":16.0},{"not_picked":["Dagger Spray","Underhanded Strike"],"picked":"Deadly Poison+1","floor":18.0},{"not_picked":["Flying Knee+1","Dodge and Roll+1"],"picked":"Deadly Poison","floor":21.0},{"not_picked":["Calculated Gamble","Backflip"],"picked":"Expertise+1","floor":24.0},{"not_picked":["Outmaneuver","After Image"],"picked":"Footwork","floor":27.0},{"not_picked":["Bane","Choke","Sucker Punch"],"picked":"SKIP","floor":30.0},{"not_picked":["Grand Finale","Unload"],"picked":"Night Terror","floor":33.0},{"not_picked":["Slice","Underhanded Strike+1"],"picked":"Outmaneuver","floor":34.0},{"not_picked":["Backflip","Leg Sweep"],"picked":"Malaise","floor":35.0},{"not_picked":["Acrobatics","Predator+1","Flying Knee"],"picked":"SKIP","floor":36.0},{"not_picked":["Predator","Flying Knee+1","Sucker Punch"],"picked":"SKIP","floor":37.0},{"not_picked":["Acrobatics+1","Cloak And Dagger+1","All Out Attack"],"picked":"SKIP","floor":38.0},{"not_picked":["Flying Knee+1","Quick Slash+1","Phantasmal Killer"],"picked":"SKIP","floor":42.0},{"not_picked":["Blade Dance","Quick Slash","Acrobatics"],"picked":"SKIP","floor":44.0},{"not_picked":["Reflex+1","Blade Dance"],"picked":"Caltrops+1","floor":47.0},{"not_picked":["Skewer+1","All Out Attack"],"picked":"Venomology","floor":48.0},{"not_picked":["Acrobatics","Blade Dance+1"],"picked":"Well Laid Plans+1","floor":49.0}],"player_experience":221271,"relics_obtained":[{"floor":6.0,"key":"Snake Skull"},{"floor":9.0,"key":"Anchor"},{"floor":14.0,"key":"Ancient Tea Set"},{"floor":20.0,"key":"Matryoshka"},{"floor":24.0,"key":"Strawberry"},{"floor":26.0,"key":"Smiling Mask"},{"floor":26.0,"key":"Dream Catcher"},{"floor":43.0,"key":"Paper Crane"},{"floor":43.0,"key":"Mercury Hourglass"}],"event_choices":[{"cards_removed":["Grand Finale"],"damage_healed":10.0,"max_hp_gain":10.0,"max_hp_loss":0.0,"gold_gain":0.0,"event_name":"Bonfire Elementals","player_choice":"Offered Rare","floor":5.0,"gold_loss":0.0,"damage_taken":0.0},{"damage_healed":0.0,"max_hp_gain":0.0,"max_hp_loss":0.0,"gold_gain":0.0,"event_name":"Scrap Ooze","player_choice":"Success","floor":11.0,"gold_loss":0.0,"damage_taken":3.0,"relics_obtained":["Vajra"]},{"damage_healed":0.0,"max_hp_gain":0.0,"max_hp_loss":0.0,"gold_gain":0.0,"event_name":"Vampires","player_choice":"Ignored","floor":19.0,"gold_loss":0.0,"damage_taken":0.0},{"damage_healed":0.0,"max_hp_gain":0.0,"max_hp_loss":0.0,"gold_gain":0.0,"cards_transformed":["Strike_G","Strike_G"],"event_name":"Drug Dealer","player_choice":"Became Test Subject","floor":28.0,"gold_loss":0.0,"damage_taken":0.0,"cards_obtained":["Slice","Expertise"]},{"damage_healed":0.0,"max_hp_gain":0.0,"max_hp_loss":0.0,"gold_gain":0.0,"event_name":"Match and Keep!","player_choice":"1 cards matched","floor":31.0,"gold_loss":0.0,"damage_taken":0.0,"cards_obtained":["Neutralize"]},{"damage_healed":0.0,"max_hp_gain":0.0,"max_hp_loss":0.0,"gold_gain":999.0,"event_name":"MindBloom","player_choice":"Gold","floor":39.0,"gold_loss":0.0,"damage_taken":0.0,"cards_obtained":["Normality","Normality"]},{"damage_healed":0.0,"max_hp_gain":0.0,"max_hp_loss":0.0,"gold_gain":0.0,"event_name":"Mysterious Sphere","player_choice":"Ignored","floor":41.0,"gold_loss":0.0,"damage_taken":0.0},{"cards_removed":["Slice"],"damage_healed":0.0,"max_hp_gain":0.0,"max_hp_loss":0.0,"gold_gain":0.0,"event_name":"Falling","player_choice":"Removed Attack","floor":45.0,"gold_loss":0.0,"damage_taken":0.0}],"is_beta":false,"boss_relics":[{"not_picked":["Coffee Dripper","Sozu"],"picked":"Lizard Tail"},{"not_picked":["WristBlade","White Beast Statue"],"picked":"Tiny House"}],"items_purged_floors":[10,46],"is_endless":false,"potions_floor_spawned":[1,4,6,8,13,14,30,36,37,44],"killed_by":"Awakened One","ascension_level":4}