{"gold_per_floor":[117,117,133,17,32,32,63,79,79,4,22,39,39,59,59,154,154,174,174,273,291,291],"floor_reached":22,"playtime":690,"items_purged":["Strike_R"],"score":188,"play_id":"4724a59f-664b-4125-9242-7e6518c7c3ea","local_time":"20190324154614","is_ascension_mode":false,"campfire_choices":[{"data":"Whirlwind","floor":6,"key":"SMITH"},{"data":"Heavy Blade","floor":15,"key":"SMITH"}],"neow_cost":"NONE","seed_source_timestamp":400027537796238,"circlet_count":0,"master_deck":["Strike_R","Strike_R","Strike_R","Strike_R","Defend_R","Defend_R","Defend_R","Defend_R","Bash","Inflame","Heavy Blade+1","Whirlwind+1","Inflame","Clash","Heavy Blade","Flex","Flex","Double Tap","Armaments"],"relics":["Black Blood","Potion Belt","Art of War","Juzu Bracelet"],"potions_floor_usage":[16,21,21,21,21],"damage_taken":[{"damage":0,"enemies":"2 Louse","floor":1,"turns":3},{"damage":6,"enemies":"Cultist","floor":3,"turns":3},{"damage":0,"enemies":"Small Slimes","floor":5,"turns":3},{"damage":29,"enemies":"3 Sentries","floor":7,"turns":7},{"damage":4,"enemies":"Exordium Wildlife","floor":8,"turns":3},{"damage":3,"enemies":"Large Slime","floor":11,"turns":5},{"damage":9,"enemies":"Blue Slaver","floor":12,"turns":3},{"damage":9,"enemies":"3 Louse","floor":14,"turns":3},{"damage":57,"enemies":"Hexaghost","floor":16,"turns":8},{"damage":31,"enemies":"Shell Parasite","floor":18,"turns":5},{"damage":22,"enemies":"2 Thieves","floor":21,"turns":3},{"damage":2,"enemies":"3 Cultists","floor":22,"turns":2}],"seed_played":"-3792122853873912016","potions_obtained":[{"floor":5,"key":"Weak Potion"},{"floor":7,"key":"BloodPotion"},{"floor":8,"key":"Explosive Potion"},{"floor":16,"key":"EntropicBrew"},{"floor":18,"key":"Energy Potion"}],"is_trial":false,"path_per_floor":["M","?","M","$","M","R","E","M","T","$","M","M","?","M","R","B",null,"M","?","?","M","M"],"character_chosen":"IRONCLAD","items_purchased":["Whirlwind","Inflame"],"campfire_rested":0,"item_purchase_floors":[4,4],"current_hp_per_floor":[80,80,80,80,80,80,57,59,59,59,62,59,59,56,56,13,80,59,59,59,55,53],"gold":291,"neow_bonus":"RANDOM_COMMON_RELIC","is_prod":false,"is_daily":false,"chose_seed":false,"campfire_upgraded":2,"win_rate":0,"timestamp":1553438774,"path_taken":["M","?","M","$","M","R","E","?","T","$","M","M","?","M","R","BOSS","M","?","?","M","M"],"build_version":"2019-01-23","purchased_purges":1,"victory":false,"max_hp_per_floor":[80,80,80,80,80,80,80,80,80,80,80,80,80,80,80,80,80,80,80,80,80,80],"card_choices":[{"not_picked":["Twin Strike","Dual Wield","Wild Strike"],"picked":"SKIP","floor":1},{"not_picked":["Flex","Spot Weakness"],"picked":"Heavy Blade","floor":3},{"not_picked":["Body Slam","Brutality"],"picked":"Clash","floor":5},{"not_picked":["Twin Strike","Reckless Charge","Clothesline"],"picked":"SKIP","floor":7},{"not_picked":["Anger","Corruption","Cleave"],"picked":"SKIP","floor":8},{"not_picked":["Body Slam","Sentinel"],"picked":"Heavy Blade","floor":11},{"not_picked":["Twin Strike","Cleave"],"picked":"Flex","floor":12},{"not_picked":["Shrug It Off","Pommel Strike"],"picked":"Flex","floor":14},{"not_picked":["Immolate","Berserk"],"picked":"Double Tap","floor":16},{"not_picked":["True Grit+1","Clash"],"picked":"Armaments","floor":18},{"not_picked":["Cleave","Sentinel+1","Heavy Blade"],"picked":"SKIP","floor":21}],"player_experience":400271,"relics_obtained":[{"floor":7,"key":"Art of War"},{"floor":9,"key":"Juzu Bracelet"}],"event_choices":[{"damage_healed":0,"gold_gain":0,"player_choice":"1 cards matched","damage_taken":0,"max_hp_gain":0,"max_hp_loss":0,"event_name":"Match and Keep!","floor":2,"gold_loss":0,"cards_obtained":["Inflame"]},{"damage_healed":0,"gold_gain":0,"player_choice":"Ignored","damage_taken":0,"max_hp_gain":0,"max_hp_loss":0,"event_name":"Liars Game","floor":13,"gold_loss":0},{"damage_healed":0,"gold_gain":0,"player_choice":"Ignored","damage_taken":0,"max_hp_gain":0,"max_hp_loss":0,"event_name":"Vampires","floor":19,"gold_loss":0},{"damage_healed":0,"gold_gain":99,"player_choice":"Stole From Cult","damage_taken":0,"max_hp_gain":0,"max_hp_loss":0,"event_name":"Nest","floor":20,"gold_loss":0}],"is_beta":false,"boss_relics":[{"not_picked":["Coffee Dripper","Tiny House"],"picked":"Black Blood"}],"items_purged_floors":[10],"is_endless":false,"potions_floor_spawned":[5,7,8,16,18],"killed_by":"3 Cultists","ascension_level":0}