{"gold_per_floor":[112,112,128,146,146,177,194,213,213,228,253,253,268,283,283,283],"floor_reached":16,"playtime":1490,"items_purged":[],"score":117,"play_id":"ac0433bd-7dc8-4dea-a3e7-08f65171d96b","local_time":"20181218203859","is_ascension_mode":true,"campfire_choices":[{"data":"Blade Dance","floor":12,"key":"SMITH"},{"data":"Accuracy","floor":15,"key":"SMITH"}],"neow_cost":"NONE","seed_source_timestamp":527786905531276,"circlet_count":0,"master_deck":["Defend_G","Defend_G","Defend_G","Defend_G","Defend_G","Strike_G","Strike_G","Strike_G","Strike_G","Survivor","Neutralize","Accuracy+1","Sucker Punch","Backstab","Blade Dance+1","Escape Plan","Finisher","Cloak And Dagger","Accuracy","Cloak And Dagger"],"relics":["Ring of the Snake","Bag of Marbles","Singing Bowl","Odd Mushroom"],"potions_floor_usage":[10,16,16,16],"damage_taken":[{"damage":26,"enemies":"Jaw Worm","floor":1,"turns":8},{"damage":0,"enemies":"Cultist","floor":3,"turns":5},{"damage":4,"enemies":"Small Slimes","floor":4,"turns":6},{"damage":30,"enemies":"3 Sentries","floor":6,"turns":14},{"damage":4,"enemies":"Blue Slaver","floor":7,"turns":3},{"damage":0,"enemies":"Gremlin Gang","floor":8,"turns":5},{"damage":1,"enemies":"2 Fungi Beasts","floor":10,"turns":4},{"damage":4,"enemies":"The Mushroom Lair","floor":11,"turns":4},{"damage":0,"enemies":"Exordium Thugs","floor":13,"turns":2},{"damage":1,"enemies":"Looter","floor":14,"turns":2},{"damage":21,"enemies":"Slime Boss","floor":16,"turns":4}],"seed_played":"4832052382661683343","potions_obtained":[{"floor":1,"key":"Energy Potion"},{"floor":4,"key":"Dexterity Potion"},{"floor":6,"key":"LiquidBronze"},{"floor":11,"key":"LiquidBronze"},{"floor":13,"key":"Regen Potion"}],"is_trial":false,"path_per_floor":["M","?","M","M","?","E","M","M","T","M","?","R","M","M","R","B"],"character_chosen":"THE_SILENT","items_purchased":[],"campfire_rested":0,"item_purchase_floors":[],"current_hp_per_floor":[51,51,51,47,47,17,13,13,13,12,8,8,8,7,7,0],"gold":283,"neow_bonus":"TEN_PERCENT_HP_BONUS","is_prod":false,"is_daily":false,"chose_seed":false,"campfire_upgraded":2,"win_rate":0,"timestamp":1545187139,"path_taken":["M","?","M","M","?","E","M","M","T","?","?","R","M","M","R","BOSS"],"build_version":"2018-12-13","purchased_purges":0,"victory":false,"max_hp_per_floor":[77,77,77,77,77,77,77,77,77,77,77,77,77,77,77,77],"card_choices":[{"not_picked":["Deadly Poison","Deflect"],"picked":"Accuracy","floor":1},{"not_picked":["Bane","Prepared","Dagger Spray"],"picked":"SKIP","floor":3},{"not_picked":["Acrobatics","Glass Knife"],"picked":"Sucker Punch","floor":4},{"not_picked":["Deflect","Flechettes"],"picked":"Backstab","floor":6},{"not_picked":["Flechettes","Dagger Throw"],"picked":"Blade Dance","floor":7},{"not_picked":["Outmaneuver","Flying Knee"],"picked":"Escape Plan","floor":8},{"not_picked":["Bouncing Flask","Underhanded Strike"],"picked":"Finisher","floor":10},{"not_picked":["Blade Dance","Backflip"],"picked":"Cloak And Dagger","floor":11},{"not_picked":["Underhanded Strike","Prepared"],"picked":"Accuracy","floor":13},{"not_picked":["Flechettes","Slice"],"picked":"Cloak And Dagger","floor":14}],"player_experience":289984,"relics_obtained":[{"floor":5,"key":"Bag of Marbles"},{"floor":6,"key":"Singing Bowl"},{"floor":11,"key":"Odd Mushroom"}],"event_choices":[{"cards_removed":["Strike_G"],"damage_healed":0,"gold_gain":0,"player_choice":"Forget","damage_taken":0,"max_hp_gain":0,"max_hp_loss":0,"event_name":"Living Wall","floor":2,"gold_loss":0},{"damage_healed":0,"gold_gain":0,"player_choice":"Relic","damage_taken":0,"max_hp_gain":0,"max_hp_loss":0,"event_name":"Wheel of Change","floor":5,"gold_loss":0},{"damage_healed":0,"gold_gain":0,"player_choice":"Fought Mushrooms","damage_taken":0,"max_hp_gain":0,"max_hp_loss":0,"event_name":"Mushrooms","floor":11,"gold_loss":0}],"is_beta":false,"boss_relics":[],"items_purged_floors":[],"is_endless":false,"potions_floor_spawned":[1,4,6,11,13,14],"killed_by":"Slime Boss","ascension_level":2}