{"gold_per_floor":[116,191,208,218,124,124,124,141,191,191,208,228,228,244,244,346,346,364,378,304,304,348,348,348],"floor_reached":24,"playtime":1621,"items_purged":[],"score":190,"play_id":"6cc631a4-39c3-49dc-8025-7a14186dd81e","local_time":"20181009204320","is_ascension_mode":false,"campfire_choices":[{"data":"Jack Of All Trades","floor":6.0,"key":"SMITH"},{"floor":13.0,"key":"REST"},{"floor":15.0,"key":"REST"},{"floor":23,"key":"REST"}],"neow_cost":"NONE","seed_source_timestamp":0,"circlet_count":0,"master_deck":["Strike_R","Strike_R","Strike_R","Strike_R","Strike_R","Defend_R","Defend_R","Defend_R","Defend_R","Bash","Havoc","Evolve","Pommel Strike","Jack Of All Trades+1","Pommel Strike","Rampage","Dark Embrace","Rampage","Uppercut+1","Second Wind","Ghostly Armor","Corruption","Entrench+1"],"special_seed":0,"relics":["White Beast Statue"],"potions_floor_usage":[24],"damage_taken":[{"damage":9.0,"enemies":"Jaw Worm","floor":1.0,"turns":4.0},{"damage":0.0,"enemies":"Small Slimes","floor":3.0,"turns":3.0},{"damage":1.0,"enemies":"Cultist","floor":4.0,"turns":3.0},{"damage":5.0,"enemies":"Looter","floor":8.0,"turns":3.0},{"damage":19.0,"enemies":"Exordium Wildlife","floor":11.0,"turns":7.0},{"damage":4.0,"enemies":"Exordium Thugs","floor":12.0,"turns":3.0},{"damage":9.0,"enemies":"Blue Slaver","floor":14.0,"turns":3.0},{"damage":64.0,"enemies":"Slime Boss","floor":16.0,"turns":11.0},{"damage":23.0,"enemies":"3 Byrds","floor":18.0,"turns":7.0},{"damage":20.0,"enemies":"Spheric Guardian","floor":19.0,"turns":4.0},{"damage":38.0,"enemies":"Cultist and Chosen","floor":22.0,"turns":10.0},{"damage":39,"enemies":"Slavers","floor":24,"turns":3}],"seed_played":"-1533414993431388399","potions_obtained":[{"floor":1.0,"key":"Dexterity Potion"},{"floor":3.0,"key":"BloodPotion"},{"floor":4.0,"key":"SteroidPotion"},{"floor":8.0,"key":"Fire Potion"},{"floor":11.0,"key":"Ancient Potion"},{"floor":12.0,"key":"SkillPotion"},{"floor":14.0,"key":"LiquidBronze"},{"floor":16.0,"key":"Dexterity Potion"},{"floor":18.0,"key":"Fire Potion"},{"floor":19.0,"key":"Regen Potion"},{"floor":22.0,"key":"Fire Potion"}],"is_trial":false,"path_per_floor":["M","?","M","M","$","R","?","M","T","T","M","M","R","M","R","B",null,"M","M","$","?","M","R"],"character_chosen":"IRONCLAD","items_purchased":["Jack Of All Trades","Second Wind"],"campfire_rested":3,"item_purchase_floors":[5,20],"current_hp_per_floor":[71,60,60,67,67,67,67,62,62,62,43,39,63,54,78,14,80,57,37,37,37,14,38,0],"gold":348,"neow_bonus":"BOSS_RELIC","is_prod":false,"is_daily":false,"chose_seed":false,"campfire_upgraded":1,"win_rate":0,"timestamp":1539110600,"path_taken":["M","?","M","?","$","R","?","?","T","?","M","?","R","?","R","BOSS","M","M","$","?","M","R","E"],"build_version":"2018-10-04v2","purchased_purges":0,"victory":false,"max_hp_per_floor":[80,80,80,80,80,80,80,80,80,80,80,80,80,80,80,80,80,80,80,80,80,80,80,80],"card_choices":[{"not_picked":["Clash","Rage"],"picked":"Havoc","floor":1.0},{"not_picked":["Sentinel","Headbutt"],"picked":"Evolve","floor":3.0},{"not_picked":["Rage","Flex"],"picked":"Pommel Strike","floor":4.0},{"not_picked":["Anger","Combust"],"picked":"Pommel Strike","floor":8.0},{"not_picked":["Dropkick","Pommel Strike"],"picked":"Rampage","floor":11.0},{"not_picked":["Intimidate","Headbutt"],"picked":"Body Slam","floor":12.0},{"not_picked":["Anger","Warcry"],"picked":"Barricade","floor":14.0},{"not_picked":["Double Tap","Brutality"],"picked":"Dark Embrace","floor":16.0},{"not_picked":["Warcry","Havoc+1"],"picked":"Rampage","floor":18.0},{"not_picked":["Wild Strike","Carnage"],"picked":"Uppercut+1","floor":19.0},{"not_picked":["Searing Blow","Thunderclap+1"],"picked":"Entrench+1","floor":22.0}],"player_experience":225689,"relics_obtained":[],"event_choices":[{"event_name":"World of Goop","player_choice":"Gather Gold","floor":2.0,"damage_taken":0.0},{"event_name":"Dead Adventurer","player_choice":"Searched \u00271\u0027 times","floor":7.0,"damage_taken":0.0},{"event_name":"Drug Dealer","player_choice":"Became Test Subject","floor":21.0,"damage_taken":0.0}],"is_beta":false,"boss_relics":[{"not_picked":["Astrolabe","Orrery","Sozu"]}],"items_purged_floors":[],"is_endless":false,"potions_floor_spawned":[1,3,4,8,11,12,14,16,18,19,22],"killed_by":"Slavers","ascension_level":0}