{"gold_per_floor":[112,122,149,149,161,161,188,188,214,226,273,285,316,339,351,462,474,505,532,544,556,580,592,50,78,105,105,125,125,160,180,180,180],"floor_reached":33,"playtime":2660,"items_purged":["Defend_G"],"score":335,"play_id":"c3f243f7-da2e-445f-bbde-f6ba699a9d81","local_time":"20181127112916","is_ascension_mode":true,"campfire_choices":[{"data":"Noxious Fumes","floor":6,"key":"SMITH"},{"data":"Bullet Time","floor":8,"key":"SMITH"},{"data":"Terror","floor":10,"key":"SMITH"},{"data":"Neutralize","floor":12,"key":"SMITH"},{"data":"Slice","floor":15,"key":"SMITH"},{"data":"Footwork","floor":23,"key":"SMITH"},{"data":"Accuracy","floor":27,"key":"SMITH"},{"data":"Bite","floor":29,"key":"SMITH"},{"data":"Defend_G","floor":32,"key":"SMITH"}],"neow_cost":"NONE","seed_source_timestamp":472157159404,"circlet_count":0,"master_deck":["Defend_G+1","Defend_G+1","Defend_G","Defend_G","Survivor","Neutralize+1","Quick Slash+1","Terror+1","Noxious Fumes+1","Bullet Time+1","Slice+1","Backflip","Backstab","Malaise+1","Blade Dance+1","Accuracy+1","Footwork+1","Bite+1","Bite","Bite","Bite","Bite","Slice","Well Laid Plans"],"relics":["Ring of the Snake","Smiling Mask","Letter Opener","MawBank","PreservedInsect","Sozu","Chemical X","War Paint","Bag of Preparation","Juzu Bracelet","Regal Pillow","Anchor"],"potions_floor_usage":[16],"damage_taken":[{"damage":0,"enemies":"Cultist","floor":1,"turns":3},{"damage":1,"enemies":"Jaw Worm","floor":2,"turns":5},{"damage":0,"enemies":"Small Slimes","floor":5,"turns":2},{"damage":8,"enemies":"Lagavulin","floor":7,"turns":6},{"damage":15,"enemies":"3 Sentries","floor":11,"turns":6},{"damage":0,"enemies":"2 Fungi Beasts","floor":13,"turns":2},{"damage":0,"enemies":"Looter","floor":14,"turns":3},{"damage":18,"enemies":"The Guardian","floor":16,"turns":8},{"damage":5,"enemies":"2 Thieves","floor":18,"turns":4},{"damage":0,"enemies":"Spheric Guardian","floor":19,"turns":3},{"damage":20,"enemies":"3 Cultists","floor":22,"turns":6},{"damage":19,"enemies":"Slavers","floor":25,"turns":6},{"damage":0,"enemies":"Chosen and Byrds","floor":28,"turns":5},{"damage":1,"enemies":"Book of Stabbing","floor":30,"turns":5},{"damage":0,"enemies":"Shelled Parasite and Fungi","floor":31,"turns":5},{"damage":60,"enemies":"Collector","floor":33,"turns":5}],"seed_played":"1539243854921288657","potions_obtained":[{"floor":2,"key":"FearPotion"},{"floor":7,"key":"Strength Potion"},{"floor":11,"key":"FearPotion"},{"floor":13,"key":"Poison Potion"},{"floor":14,"key":"Dexterity Potion"}],"is_trial":false,"path_per_floor":["M","M","T","?","M","R","E","R","T","R","E","R","M","M","R","B",null,"M","M","?","?","M","R","$","E","T","R","M","R","E","M","R","B"],"character_chosen":"THE_SILENT","items_purchased":["Chemical X","War Paint","Bag of Preparation"],"campfire_rested":0,"item_purchase_floors":[24,24,24],"current_hp_per_floor":[70,69,69,55,55,55,47,47,47,47,32,32,32,32,32,14,70,65,65,65,49,37,37,37,30,30,30,40,40,46,49,49,0],"gold":180,"neow_bonus":"RANDOM_COMMON_RELIC","is_prod":false,"is_daily":false,"chose_seed":false,"campfire_upgraded":9,"win_rate":0,"timestamp":1543285756,"path_taken":["M","M","?","?","M","R","E","R","T","R","E","R","M","M","R","BOSS","M","M","?","?","M","R","$","E","T","R","M","R","E","M","R","BOSS"],"build_version":"2018-11-15","purchased_purges":1,"victory":false,"max_hp_per_floor":[70,70,70,70,70,70,70,70,70,70,70,70,70,70,70,70,70,70,70,70,49,49,49,49,49,49,49,49,49,49,49,49,49],"card_choices":[{"not_picked":["Deadly Poison","Crippling Poison"],"picked":"Quick Slash","floor":1},{"not_picked":["Dagger Spray","Deflect"],"picked":"Terror","floor":2},{"not_picked":["Cloak And Dagger","Expertise"],"picked":"Noxious Fumes","floor":5},{"not_picked":["Flying Knee","Prepared"],"picked":"Bullet Time","floor":7},{"not_picked":["Outmaneuver","Poisoned Stab"],"picked":"Slice","floor":11},{"not_picked":["Prepared","Poisoned Stab"],"picked":"Backflip","floor":13},{"not_picked":["Noxious Fumes","Terror"],"picked":"Backstab","floor":14},{"not_picked":["Wraith Form v2","Unload"],"picked":"Malaise","floor":16},{"not_picked":["Flying Knee","Choke"],"picked":"Blade Dance+1","floor":18},{"not_picked":["Dagger Spray+1","Underhanded Strike+1"],"picked":"Accuracy","floor":19},{"not_picked":["PiercingWail","Flechettes","Deflect"],"picked":"SKIP","floor":22},{"not_picked":["Blur","Dagger Throw"],"picked":"Slice","floor":25},{"not_picked":["Backflip","Deadly Poison"],"picked":"Well Laid Plans","floor":28},{"not_picked":["Dash","Slice","Choke"],"picked":"SKIP","floor":30},{"not_picked":["Flying Knee","Backflip","Blur"],"picked":"SKIP","floor":31}],"player_experience":92273,"relics_obtained":[{"floor":7,"key":"Letter Opener"},{"floor":9,"key":"MawBank"},{"floor":11,"key":"PreservedInsect"},{"floor":25,"key":"Juzu Bracelet"},{"floor":26,"key":"Regal Pillow"},{"floor":30,"key":"Anchor"}],"event_choices":[{"damage_healed":0,"gold_gain":0,"player_choice":"Entered Light","damage_taken":14,"max_hp_gain":0,"max_hp_loss":0,"event_name":"Shining Light","floor":4,"gold_loss":0,"cards_upgraded":["Strike_G","Quick Slash"]},{"damage_healed":0,"gold_gain":0,"player_choice":"Read","damage_taken":0,"max_hp_gain":0,"max_hp_loss":0,"event_name":"The Library","floor":20,"gold_loss":0,"cards_obtained":["Footwork"]},{"damage_healed":0,"gold_gain":0,"player_choice":"Became a vampire","damage_taken":0,"max_hp_gain":0,"max_hp_loss":21,"event_name":"Vampires","floor":21,"gold_loss":0,"cards_obtained":["Bite","Bite","Bite","Bite","Bite"]}],"is_beta":false,"boss_relics":[{"not_picked":["White Beast Statue","Ring of the Serpent"],"picked":"Sozu"}],"items_purged_floors":[24],"is_endless":false,"potions_floor_spawned":[2,7,11,13,14,30],"killed_by":"Collector","ascension_level":1}