{"gold_per_floor":[359,359,534,5,21,56,69,69,94,94,112,127,143,143,143,240,240,258,258,274,199,209,209,235,254,278,21,48,48,48,22,22,117,117,132,150,150,25,247,247,280,81,81,181,181,31,31,51,51,51],"floor_reached":51,"playtime":2483,"items_purged":["Doubt","Accuracy","Strike_G+1","Blade Dance"],"score":1099,"play_id":"ef2b4efc-f0db-4bdc-ae54-3f368e90701a","local_time":"20190320163746","is_ascension_mode":true,"campfire_choices":[{"floor":8.0,"key":"REST"},{"data":"Cloak And Dagger","floor":15,"key":"SMITH"},{"data":"Survivor","floor":23,"key":"SMITH"},{"data":"Footwork","floor":30,"key":"SMITH"},{"floor":32,"key":"REST"},{"data":"Burst","floor":40,"key":"SMITH"},{"data":"Catalyst","floor":45,"key":"SMITH"},{"data":"Noxious Fumes","floor":47,"key":"SMITH"},{"data":"Noxious Fumes","floor":49,"key":"SMITH"}],"neow_cost":"PERCENT_DAMAGE","seed_source_timestamp":4434213945475,"circlet_count":0,"master_deck":["AscendersBane","Defend_G+1","Defend_G+1","Defend_G+1","Defend_G+1","Defend_G+1","Survivor+1","Neutralize","Neutralize","Corpse Explosion","Dark Shackles","Adrenaline","Cloak And Dagger+1","Noxious Fumes+1","Catalyst+1","Footwork+1","Burst+1","Backflip","Burst","Setup+1","Dash+1","Infinite Blades+1","Leg Sweep+1","Noxious Fumes+1","Noxious Fumes+1","PiercingWail+1","PiercingWail"],"special_seed":0,"relics":["Ring of the Snake","DollysMirror","Happy Flower","Regal Pillow","Ornamental Fan","Eternal Feather","Red Mask","Centennial Puzzle","Art of War","Anchor","Astrolabe","Blue Candle","Mercury Hourglass","Bird Faced Urn"],"potions_floor_usage":[16,16,20,28,33,36,50,50,50],"damage_taken":[{"damage":0.0,"enemies":"2 Louse","floor":1.0,"turns":3.0},{"damage":3.0,"enemies":"Jaw Worm","floor":5.0,"turns":6.0},{"damage":22.0,"enemies":"3 Sentries","floor":6.0,"turns":6.0},{"damage":1.0,"enemies":"Small Slimes","floor":7.0,"turns":4.0},{"damage":9.0,"enemies":"Blue Slaver","floor":11.0,"turns":4.0},{"damage":0.0,"enemies":"Looter","floor":12.0,"turns":3.0},{"damage":0.0,"enemies":"2 Fungi Beasts","floor":13.0,"turns":4.0},{"damage":36,"enemies":"Slime Boss","floor":16,"turns":14},{"damage":0,"enemies":"3 Byrds","floor":18,"turns":3},{"damage":15,"enemies":"Chosen","floor":20,"turns":5},{"damage":25,"enemies":"Centurion and Healer","floor":22,"turns":7},{"damage":4,"enemies":"Masked Bandits","floor":24,"turns":4},{"damage":2,"enemies":"Snecko","floor":25,"turns":6},{"damage":4,"enemies":"Slavers","floor":28,"turns":3},{"damage":64,"enemies":"Champ","floor":33,"turns":15},{"damage":0,"enemies":"Orb Walker","floor":35,"turns":4},{"damage":35,"enemies":"3 Darklings","floor":36,"turns":5},{"damage":42,"enemies":"Nemesis","floor":41,"turns":11},{"damage":0,"enemies":"Mind Bloom Boss Battle","floor":44,"turns":7},{"damage":0,"enemies":"Maw","floor":48,"turns":8},{"damage":39,"enemies":"Time Eater","floor":50,"turns":13}],"seed_played":"-756771508118283095","potions_obtained":[{"floor":1.0,"key":"SkillPotion"},{"floor":11.0,"key":"SpeedPotion"},{"floor":13.0,"key":"AttackPotion"},{"floor":16,"key":"AttackPotion"},{"floor":22,"key":"PowerPotion"},{"floor":24,"key":"Dexterity Potion"},{"floor":25,"key":"Energy Potion"},{"floor":28,"key":"AttackPotion"},{"floor":44,"key":"Dexterity Potion"}],"is_trial":false,"path_per_floor":["M","?","?","$","M","E","M","R","T","?","M","M","M","?","R","B",null,"M","?","M","?","M","R","?","M","T","$","E","?","R","$","R","B",null,"M","M","?","$","?","R","E","$","T","?","R","$","R","M","R","B",null],"character_chosen":"THE_SILENT","items_purchased":["DollysMirror","Corpse Explosion","Dark Shackles","Art of War","Backflip","Noxious Fumes","Poison Potion","Noxious Fumes"],"campfire_rested":2,"item_purchase_floors":[4,4,4,27,31,38,38,42],"current_hp_per_floor":[45,50,50,50,47,25,24,46,46,46,37,37,37,37,37,1,57,57,57,42,42,17,29,25,23,23,23,19,19,31,31,75,11,59,59,24,85,85,85,85,43,43,43,43,58,58,73,83,85,52],"gold":51,"neow_bonus":"TWO_FIFTY_GOLD","is_prod":false,"is_daily":false,"chose_seed":false,"campfire_upgraded":7,"win_rate":0,"timestamp":1553067466,"path_taken":["M","?","?","$","M","E","?","R","T","?","M","M","M","?","R","BOSS","M","?","M","?","M","R","?","M","T","$","E","?","R","$","R","BOSS","M","M","?","?","?","R","E","$","T","?","R","$","R","M","R","BOSS"],"build_version":"2019-01-23","purchased_purges":4,"victory":true,"max_hp_per_floor":[70,75,75,75,75,75,75,75,75,75,75,75,75,75,75,75,75,75,75,75,75,75,75,75,75,75,75,75,75,75,75,75,75,75,75,75,85,85,85,85,85,85,85,85,85,85,85,85,85,85],"card_choices":[{"not_picked":["Dagger Spray","Quick Slash"],"picked":"Accuracy","floor":1.0},{"not_picked":["Acrobatics","Deflect","Sucker Punch"],"picked":"SKIP","floor":5.0},{"not_picked":["Distraction","Caltrops"],"picked":"Adrenaline","floor":6.0},{"not_picked":["Finisher","Acrobatics","Endless Agony"],"picked":"SKIP","floor":7.0},{"not_picked":["Bane","Poisoned Stab"],"picked":"Blade Dance","floor":11.0},{"not_picked":["Underhanded Strike","Quick Slash"],"picked":"Cloak And Dagger","floor":12.0},{"not_picked":["Dagger Throw","Flying Knee","Outmaneuver"],"picked":"SKIP","floor":13.0},{"not_picked":["Storm of Steel","Unload"],"picked":"Envenom","floor":16},{"not_picked":["PiercingWail","Slice+1"],"picked":"Noxious Fumes+1","floor":18},{"not_picked":["Prepared","Dash+1","Sucker Punch"],"picked":"SKIP","floor":20},{"not_picked":["Outmaneuver","Dodge and Roll"],"picked":"Catalyst","floor":22},{"not_picked":["Poisoned Stab","Prepared"],"picked":"Footwork","floor":24},{"not_picked":["Choke","Flying Knee","Deflect+1"],"picked":"SKIP","floor":25},{"not_picked":["Outmaneuver","Dagger Spray"],"picked":"Burst","floor":28},{"not_picked":["Adrenaline","Bullet Time"],"picked":"Burst","floor":33},{"not_picked":["Sucker Punch+1","Quick Slash","Backflip"],"picked":"SKIP","floor":35},{"not_picked":["Quick Slash","Deflect"],"picked":"Leg Sweep+1","floor":36},{"not_picked":["Reflex","Backflip","Unload"],"picked":"SKIP","floor":41},{"not_picked":["Prepared+1","Flechettes+1"],"picked":"PiercingWail+1","floor":44},{"not_picked":["Burst","Outmaneuver+1"],"picked":"PiercingWail","floor":48}],"player_experience":355514,"relics_obtained":[{"floor":6.0,"key":"Happy Flower"},{"floor":9.0,"key":"Regal Pillow"},{"floor":24,"key":"Red Mask"},{"floor":26,"key":"Centennial Puzzle"},{"floor":28,"key":"Anchor"},{"floor":41,"key":"Blue Candle"},{"floor":43,"key":"Mercury Hourglass"},{"floor":44,"key":"Bird Faced Urn"}],"event_choices":[{"damage_healed":0.0,"max_hp_gain":5.0,"max_hp_loss":0.0,"gold_gain":0.0,"event_name":"Big Fish","player_choice":"Donut","floor":2.0,"gold_loss":0.0,"damage_taken":0.0},{"damage_healed":0.0,"max_hp_gain":0.0,"max_hp_loss":0.0,"gold_gain":175.0,"event_name":"Liars Game","player_choice":"AGREE","floor":3.0,"gold_loss":0.0,"damage_taken":0.0,"cards_obtained":["Doubt"]},{"damage_healed":0.0,"max_hp_gain":0.0,"max_hp_loss":0.0,"gold_gain":0.0,"event_name":"Golden Idol","player_choice":"Ignored","floor":10.0,"gold_loss":0.0,"damage_taken":0.0},{"damage_healed":0,"gold_gain":0,"player_choice":"Searched \u00271\u0027 times","damage_taken":0,"relics_obtained":["Ornamental Fan"],"max_hp_gain":0,"max_hp_loss":0,"event_name":"Dead Adventurer","floor":14,"gold_loss":0},{"damage_healed":0,"gold_gain":0,"player_choice":"Simplicity","damage_taken":0,"max_hp_gain":0,"max_hp_loss":0,"event_name":"Back to Basics","floor":19,"gold_loss":0,"cards_upgraded":["Defend_G","Defend_G","Defend_G","Defend_G","Defend_G","Strike_G","Strike_G","Strike_G","Strike_G","Strike_G"]},{"cards_removed":["Strike_G"],"damage_healed":0,"gold_gain":0,"player_choice":"Gave Gold","damage_taken":0,"max_hp_gain":0,"max_hp_loss":0,"event_name":"Beggar","floor":21,"gold_loss":75},{"damage_healed":0,"gold_gain":0,"player_choice":"Fought Bandits","damage_taken":0,"max_hp_gain":0,"max_hp_loss":0,"event_name":"Masked Bandits","floor":24,"gold_loss":0},{"damage_healed":0,"gold_gain":0,"player_choice":"Ignored","damage_taken":0,"max_hp_gain":0,"max_hp_loss":0,"event_name":"Vampires","floor":29,"gold_loss":0},{"cards_removed":["Envenom"],"damage_healed":51,"gold_gain":0,"player_choice":"Offered Rare","damage_taken":0,"max_hp_gain":10,"max_hp_loss":0,"event_name":"Bonfire Elementals","floor":37,"gold_loss":0},{"damage_healed":0,"gold_gain":222,"player_choice":"Wore Mask","damage_taken":0,"max_hp_gain":0,"max_hp_loss":0,"event_name":"Tomb of Lord Red Mask","floor":39,"gold_loss":0},{"damage_healed":0,"gold_gain":0,"player_choice":"Fight","damage_taken":0,"max_hp_gain":0,"max_hp_loss":0,"event_name":"MindBloom","floor":44,"gold_loss":0}],"is_beta":false,"boss_relics":[{"not_picked":["HoveringKite","Runic Dome"],"picked":"Eternal Feather"},{"not_picked":["White Beast Statue","Velvet Choker"],"picked":"Astrolabe"}],"items_purged_floors":[4,27,42,46],"is_endless":false,"potions_floor_spawned":[1,11,13,16,22,24,25,28,44,48],"ascension_level":10}