{"gold_per_floor":[119,119,119,134,134,165,18,37,61,75,75,7,26,38,38,138,138,153,153,252,269,285,285,213,213,213,233,233,248,259,274,274,274],"floor_reached":33,"playtime":659,"items_purged":[],"score":251,"play_id":"f6304d67-1759-4227-ba1b-2f11d8cfe104","local_time":"20190314182029","is_ascension_mode":false,"campfire_choices":[{"floor":11,"key":"REST"},{"data":"Flex","floor":15,"key":"SMITH"},{"floor":23,"key":"REST"},{"data":"Heavy Blade","floor":25,"key":"SMITH"},{"floor":28,"key":"REST"},{"floor":32,"key":"REST"}],"neow_cost":"NONE","seed_source_timestamp":0,"circlet_count":0,"master_deck":["Strike_R","Strike_R","Strike_R","Strike_R","Strike_R","Defend_R","Defend_R+1","Defend_R","Defend_R+1","Bash+1","Heavy Blade+1","Thunderclap","Twin Strike","Headbutt","Sword Boomerang","Flex+1","Pommel Strike","Pommel Strike","Cleave","Flex+1","Heavy Blade+1","Headbutt","Perfected Strike+1","Dropkick","Sword Boomerang","Thunderclap","Inflame","Thunderclap"],"special_seed":0,"relics":["Burning Blood","War Paint","Vajra","Regal Pillow","Black Star","Toxic Egg 2"],"potions_floor_usage":[16,21,22,27,31],"damage_taken":[{"damage":6.0,"enemies":"Jaw Worm","floor":1.0,"turns":3.0},{"damage":0.0,"enemies":"2 Louse","floor":4.0,"turns":2.0},{"damage":28.0,"enemies":"Gremlin Nob","floor":6.0,"turns":5.0},{"damage":5,"enemies":"Small Slimes","floor":8,"turns":2},{"damage":4,"enemies":"Looter","floor":10,"turns":3},{"damage":12,"enemies":"Exordium Thugs","floor":13,"turns":3},{"damage":7,"enemies":"Blue Slaver","floor":14,"turns":2},{"damage":7,"enemies":"Slime Boss","floor":16,"turns":6},{"damage":10,"enemies":"Chosen","floor":18,"turns":3},{"damage":16,"enemies":"2 Thieves","floor":21,"turns":3},{"damage":19,"enemies":"Centurion and Healer","floor":22,"turns":3},{"damage":20,"enemies":"Shelled Parasite and Fungi","floor":27,"turns":3},{"damage":10,"enemies":"Cultist and Chosen","floor":29,"turns":4},{"damage":42,"enemies":"Snake Plant","floor":30,"turns":3},{"damage":20,"enemies":"Centurion and Healer","floor":31,"turns":4},{"damage":78,"enemies":"Champ","floor":33,"turns":6}],"seed_played":"-4372894217697383096","potions_obtained":[{"floor":1.0,"key":"SpeedPotion"},{"floor":10,"key":"SteroidPotion"},{"floor":14,"key":"Weak Potion"},{"floor":16,"key":"SteroidPotion"},{"floor":21,"key":"Ancient Potion"},{"floor":22,"key":"PowerPotion"},{"floor":30,"key":"Weak Potion"}],"is_trial":false,"path_per_floor":["M","?","?","M","?","E","$","M","T","M","R","$","M","M","R","B",null,"M","?","?","M","M","R","$","R","T","M","R","M","M","M","R","B"],"character_chosen":"IRONCLAD","items_purchased":["Vajra","Flex","Pommel Strike","Dropkick"],"campfire_rested":4,"item_purchase_floors":[7,12,12,24],"current_hp_per_floor":[80,85,85,85,85,63,63,64,64,66,85,85,79,78,78,77,85,81,81,81,71,58,85,85,85,85,71,85,81,45,31,71,0],"gold":274,"neow_bonus":"UPGRADE_CARD","is_prod":false,"is_daily":false,"chose_seed":false,"campfire_upgraded":2,"win_rate":0,"timestamp":1552584029,"path_taken":["M","?","?","M","?","E","?","M","T","M","R","$","M","M","R","BOSS","M","?","?","M","M","R","$","R","T","M","R","M","?","M","R","BOSS"],"build_version":"2019-01-23","purchased_purges":0,"victory":false,"max_hp_per_floor":[80,85,85,85,85,85,85,85,85,85,85,85,85,85,85,85,85,85,85,85,85,85,85,85,85,85,85,85,85,85,85,85,85],"card_choices":[{"not_picked":["Pummel","Flex"],"picked":"Heavy Blade","floor":1.0},{"not_picked":["Reckless Charge","Sword Boomerang"],"picked":"Thunderclap","floor":4.0},{"not_picked":["Heavy Blade","Iron Wave"],"picked":"Twin Strike","floor":6.0},{"not_picked":["Combust","Fiend Fire"],"picked":"Headbutt","floor":8},{"not_picked":["Spot Weakness","Bloodletting"],"picked":"Sword Boomerang","floor":10},{"not_picked":["Disarm","Wild Strike"],"picked":"Pommel Strike","floor":13},{"not_picked":["Sentinel","Pommel Strike"],"picked":"Cleave","floor":14},{"not_picked":["Spot Weakness","Heavy Blade+1"],"picked":"Flex+1","floor":18},{"not_picked":["Fire Breathing+1","Reckless Charge+1"],"picked":"Headbutt","floor":21},{"not_picked":["Heavy Blade","Fire Breathing"],"picked":"Perfected Strike+1","floor":22},{"not_picked":["Burning Pact+1","Reckless Charge"],"picked":"Sword Boomerang","floor":27},{"not_picked":["Rage+1","Sword Boomerang"],"picked":"Thunderclap","floor":29},{"not_picked":["Warcry+1","Clothesline"],"picked":"Inflame","floor":30},{"not_picked":["Fire Breathing+1","Whirlwind+1"],"picked":"Thunderclap","floor":31}],"player_experience":299384,"relics_obtained":[{"floor":6.0,"key":"War Paint"},{"floor":9,"key":"Regal Pillow"},{"floor":26,"key":"Toxic Egg 2"}],"event_choices":[{"damage_healed":0.0,"max_hp_gain":5.0,"max_hp_loss":0.0,"gold_gain":0.0,"event_name":"Big Fish","player_choice":"Donut","floor":2.0,"gold_loss":0.0,"damage_taken":0.0},{"damage_healed":0.0,"max_hp_gain":0.0,"max_hp_loss":0.0,"gold_gain":0.0,"event_name":"Living Wall","player_choice":"Grow","floor":3.0,"gold_loss":0.0,"damage_taken":0.0,"cards_upgraded":["Heavy Blade"]},{"damage_healed":0.0,"max_hp_gain":0.0,"max_hp_loss":0.0,"gold_gain":0.0,"event_name":"Liars Game","player_choice":"Ignored","floor":5.0,"gold_loss":0.0,"damage_taken":0.0},{"damage_healed":0,"gold_gain":0,"player_choice":"Read","damage_taken":0,"max_hp_gain":0,"max_hp_loss":0,"event_name":"The Library","floor":19,"gold_loss":0,"cards_obtained":["Heavy Blade"]},{"damage_healed":0,"gold_gain":99,"player_choice":"Stole From Cult","damage_taken":0,"max_hp_gain":0,"max_hp_loss":0,"event_name":"Nest","floor":20,"gold_loss":0}],"is_beta":false,"boss_relics":[{"not_picked":["Black Blood","Cursed Key"],"picked":"Black Star"}],"items_purged_floors":[],"is_endless":false,"potions_floor_spawned":[1,10,14,16,21,22,30],"killed_by":"Champ","ascension_level":0}