{"gold_per_floor":[110,110,35,51,66,66,79,95,95,115,134,151,51,51,51,155,155,174,174],"floor_reached":19,"playtime":1076,"items_purged":["Defend_R","Defend_R"],"score":163,"play_id":"87d9df10-b690-4fd9-852c-35c9b4ada2c8","local_time":"20181014192712","is_ascension_mode":false,"campfire_choices":[{"data":"Bash","floor":6,"key":"SMITH"},{"floor":15,"key":"REST"}],"neow_cost":"PERCENT_DAMAGE","seed_source_timestamp":153964415651707,"circlet_count":0,"master_deck":["Strike_R","Strike_R","Strike_R","Defend_R","Defend_R","Bash+1","Shrug It Off","Dual Wield"],"relics":["Burning Blood","Pear","Eternal Feather"],"potions_floor_usage":[10,12,16],"damage_taken":[{"damage":0,"enemies":"Small Slimes","floor":1,"turns":5},{"damage":3,"enemies":"2 Louse","floor":4,"turns":4},{"damage":5,"enemies":"Cultist","floor":5,"turns":4},{"damage":12,"enemies":"Gremlin Gang","floor":7,"turns":6},{"damage":7,"enemies":"Looter","floor":8,"turns":3},{"damage":2,"enemies":"2 Fungi Beasts","floor":10,"turns":4},{"damage":14,"enemies":"Lots of Slimes","floor":11,"turns":6},{"damage":2,"enemies":"3 Louse","floor":12,"turns":5},{"damage":72,"enemies":"The Guardian","floor":16,"turns":13},{"damage":69,"enemies":"Spheric Guardian","floor":18,"turns":10}],"seed_played":"-6577786623601774037","potions_obtained":[{"floor":4,"key":"LiquidBronze"},{"floor":8,"key":"BloodPotion"},{"floor":10,"key":"SteroidPotion"}],"is_trial":false,"path_per_floor":["M","?","$","M","M","R","M","M","T","M","M","M","$","?","R","B",null,"M"],"character_chosen":"IRONCLAD","items_purchased":[],"campfire_rested":1,"item_purchase_floors":[],"current_hp_per_floor":[62,62,62,65,66,66,60,59,69,82,74,78,78,78,90,24,90,27,27],"gold":174,"neow_bonus":"REMOVE_TWO","is_prod":false,"is_daily":false,"chose_seed":false,"campfire_upgraded":1,"win_rate":0,"timestamp":1539538032,"path_taken":["M","?","$","M","M","R","M","M","T","?","M","M","$","?","R","BOSS","M","?"],"build_version":"2018-10-11","purchased_purges":2,"victory":false,"max_hp_per_floor":[80,80,80,80,80,80,80,80,90,90,90,90,90,90,90,90,90,90,90],"card_choices":[{"not_picked":["Heavy Blade","Iron Wave","Corruption"],"picked":"SKIP","floor":1},{"not_picked":["Rupture","Thunderclap","Wild Strike"],"picked":"SKIP","floor":4},{"not_picked":["Blood for Blood","Flex","True Grit"],"picked":"SKIP","floor":5},{"not_picked":["Armaments","Havoc"],"picked":"Shrug It Off","floor":7},{"not_picked":["Sentinel","Spot Weakness","Hemokinesis"],"picked":"SKIP","floor":8},{"not_picked":["Pommel Strike","Sword Boomerang","Blood for Blood"],"picked":"SKIP","floor":10},{"not_picked":["Heavy Blade","Combust","Evolve"],"picked":"SKIP","floor":11},{"not_picked":["Shrug It Off","Battle Trance","Intimidate"],"picked":"SKIP","floor":12},{"not_picked":["Perfected Strike","Headbutt","Twin Strike+1"],"picked":"SKIP","floor":18}],"player_experience":242309,"relics_obtained":[{"floor":9,"key":"Pear"}],"event_choices":[{"event_name":"Shining Light","player_choice":"Ignored","floor":2,"damage_taken":0},{"event_name":"Dead Adventurer","player_choice":"Searched \u00271\u0027 times","floor":14,"damage_taken":0},{"event_name":"The Library","player_choice":"Read","floor":19,"damage_taken":0}],"is_beta":false,"boss_relics":[{"not_picked":["Tiny House","Astrolabe"],"picked":"Eternal Feather"}],"items_purged_floors":[3,13],"is_endless":false,"potions_floor_spawned":[4,8,10],"ascension_level":0}