{"gold_per_floor":[109,126,11,11,21,21,47,47,94,106,147,2,2,2,2,104,104,123,123],"floor_reached":19,"playtime":818,"items_purged":[],"score":199,"play_id":"6db259a8-3e1f-43f9-87be-2559944fd0e4","local_time":"20190227164305","is_ascension_mode":true,"campfire_choices":[{"data":"Footwork","floor":6,"key":"SMITH"},{"data":"Footwork","floor":8,"key":"SMITH"},{"data":"Defend_G","floor":10,"key":"SMITH"},{"data":"Defend_G","floor":13,"key":"SMITH"},{"data":"Neutralize","floor":15,"key":"SMITH"}],"neow_cost":"NONE","seed_source_timestamp":15444303887153,"circlet_count":0,"master_deck":["Defend_G+1","Defend_G","Defend_G+1","Defend_G","Defend_G","Strike_G","Strike_G","Strike_G","Strike_G","Survivor","Neutralize+1","Footwork+1","Quick Slash","Footwork+1","Crippling Poison","Finisher","Dash","PiercingWail","Blur","Adrenaline"],"relics":["Ring of the Snake","NeowsBlessing","Juzu Bracelet","MawBank","Molten Egg 2","Bronze Scales","Runic Pyramid"],"potions_floor_usage":[11,16],"damage_taken":[{"damage":0,"enemies":"Cultist","floor":1,"turns":1},{"damage":0,"enemies":"Jaw Worm","floor":2,"turns":1},{"damage":0,"enemies":"Small Slimes","floor":5,"turns":2},{"damage":5,"enemies":"Lagavulin","floor":7,"turns":12},{"damage":28,"enemies":"Gremlin Nob","floor":11,"turns":5},{"damage":35,"enemies":"Hexaghost","floor":16,"turns":16},{"damage":0,"enemies":"3 Byrds","floor":18,"turns":3},{"damage":1,"enemies":"Colosseum Slavers","floor":19,"turns":7},{"damage":64,"enemies":"Colosseum Nobs","floor":19,"turns":6}],"seed_played":"-6211655264175086821","potions_obtained":[{"floor":1,"key":"Swift Potion"},{"floor":2,"key":"GamblersBrew"}],"is_trial":false,"path_per_floor":["M","M","$","?","M","R","E","R","T","R","E","$","R","$","R","B",null,"M","?"],"character_chosen":"THE_SILENT","items_purchased":["Footwork","Crippling Poison","Bronze Scales"],"campfire_rested":0,"item_purchase_floors":[3,3,12],"current_hp_per_floor":[70,70,70,70,70,70,65,65,65,65,37,37,37,37,37,2,70,70,5],"gold":123,"neow_bonus":"THREE_ENEMY_KILL","is_prod":false,"is_daily":false,"chose_seed":false,"campfire_upgraded":5,"win_rate":0,"timestamp":1551256985,"path_taken":["M","?","?","?","?","R","E","R","T","R","E","$","R","$","R","BOSS","M","?"],"build_version":"2019-01-23","purchased_purges":0,"victory":false,"max_hp_per_floor":[70,70,70,70,70,70,70,70,70,70,70,70,70,70,70,70,70,70,70],"card_choices":[{"not_picked":["Leg Sweep","Acrobatics"],"picked":"Footwork","floor":1},{"not_picked":["Prepared","Finisher"],"picked":"Quick Slash","floor":2},{"not_picked":["Tools of the Trade","Deflect"],"picked":"Dash","floor":5},{"not_picked":["Acrobatics","Deadly Poison"],"picked":"PiercingWail","floor":7},{"not_picked":["Dodge and Roll","Heel Hook"],"picked":"Blur","floor":11},{"not_picked":["Doppelganger","Phantasmal Killer"],"picked":"Adrenaline","floor":16},{"not_picked":["Dagger Spray+1","Backflip","Cloak And Dagger"],"picked":"SKIP","floor":18}],"player_experience":205902,"relics_obtained":[{"floor":7,"key":"Juzu Bracelet"},{"floor":9,"key":"MawBank"},{"floor":11,"key":"Molten Egg 2"}],"event_choices":[{"damage_healed":0,"gold_gain":0,"cards_transformed":["Strike_G"],"player_choice":"Transformed","damage_taken":0,"max_hp_gain":0,"max_hp_loss":0,"event_name":"Transmorgrifier","floor":4,"gold_loss":0,"cards_obtained":["Finisher"]},{"damage_healed":0,"gold_gain":0,"player_choice":"Fight","damage_taken":0,"max_hp_gain":0,"max_hp_loss":0,"event_name":"Colosseum","floor":19,"gold_loss":0},{"damage_healed":0,"gold_gain":0,"player_choice":"Fought Nobs","damage_taken":0,"max_hp_gain":0,"max_hp_loss":0,"event_name":"Colosseum","floor":19,"gold_loss":0}],"is_beta":false,"boss_relics":[{"not_picked":["Philosopher\u0027s Stone","Calling Bell"],"picked":"Runic Pyramid"}],"items_purged_floors":[],"is_endless":false,"potions_floor_spawned":[1,2,19],"killed_by":"Colosseum Nobs","ascension_level":3}