{"gold_per_floor":[116,116,116,129,129,158,172,202,502,11,44,44,56,73,73,174,174,193,208,223,239,251,251,270,270,317,317,330,20,49,68,68,169,169,189,41,57,72,72,72,91,91,115,141,141,173,173,43,43,43,43,43,3,32,32],"floor_reached":55,"playtime":3311,"items_purged":["Eviscerate+1"],"score":1093,"play_id":"c37fb375-5587-4ca0-9725-0ad5b9667261","local_time":"20190301124826","is_ascension_mode":true,"campfire_choices":[{"data":"Neutralize","floor":12.0,"key":"SMITH"},{"data":"Calculated Gamble","floor":15,"key":"SMITH"},{"data":"Backflip","floor":23,"key":"SMITH"},{"data":"Defend_G","floor":25,"key":"SMITH"},{"data":"Defend_G","floor":27,"key":"SMITH"},{"data":"Defend_G","floor":32,"key":"SMITH"},{"floor":40,"key":"RECALL"},{"floor":42,"key":"REST"},{"floor":47,"key":"REST"},{"floor":49,"key":"REST"},{"floor":52,"key":"REST"}],"neow_cost":"NONE","seed_source_timestamp":2062011432822,"circlet_count":0,"master_deck":["Defend_G","Defend_G+1","Defend_G","Defend_G+1","Defend_G+1","Strike_G","Strike_G","Strike_G","Strike_G","Survivor+1","Neutralize+1","Quick Slash","Bouncing Flask","Cloak And Dagger","Deflect","Well Laid Plans","Calculated Gamble+1","Night Terror","PiercingWail","Backflip+1","Blur+1","Corpse Explosion","Calculated Gamble","Noxious Fumes","All Out Attack+1","Adrenaline","Envenom","Bouncing Flask","Blur+1","Madness","Madness","Crippling Poison+1","Backflip+1","Catalyst","Noxious Fumes","Catalyst+1"],"special_seed":0,"relics":["Ring of the Snake","NeowsBlessing","Darkstone Periapt","Tingsha","Letter Opener","Old Coin","Mercury Hourglass","Toolbox","Tough Bandages","Eternal Feather","Snake Skull","ClockworkSouvenir","Vajra","Fusion Hammer","Strawberry","Juzu Bracelet","Kunai"],"potions_floor_usage":[31,44,50,50,50,50],"damage_taken":[{"damage":0.0,"enemies":"Small Slimes","floor":1.0,"turns":1.0},{"damage":0.0,"enemies":"Cultist","floor":4.0,"turns":1.0},{"damage":0.0,"enemies":"Lagavulin","floor":6.0,"turns":1.0},{"damage":1.0,"enemies":"Jaw Worm","floor":7.0,"turns":5.0},{"damage":26.0,"enemies":"Gremlin Nob","floor":8.0,"turns":4.0},{"damage":0.0,"enemies":"3 Sentries","floor":11.0,"turns":4.0},{"damage":0.0,"enemies":"Blue Slaver","floor":13.0,"turns":3.0},{"damage":0,"enemies":"Exordium Thugs","floor":14,"turns":3},{"damage":0,"enemies":"The Guardian","floor":16,"turns":8},{"damage":2,"enemies":"Chosen","floor":18,"turns":5},{"damage":3,"enemies":"2 Thieves","floor":19,"turns":4},{"damage":0,"enemies":"Snake Plant","floor":20,"turns":4},{"damage":19,"enemies":"Centurion and Healer","floor":21,"turns":13},{"damage":14,"enemies":"3 Cultists","floor":22,"turns":6},{"damage":12,"enemies":"Sentry and Sphere","floor":24,"turns":6},{"damage":3,"enemies":"Chosen and Byrds","floor":28,"turns":5},{"damage":7,"enemies":"Gremlin Leader","floor":30,"turns":5},{"damage":0,"enemies":"Snecko","floor":31,"turns":4},{"damage":40,"enemies":"Collector","floor":33,"turns":8},{"damage":0,"enemies":"3 Shapes","floor":35,"turns":1},{"damage":0,"enemies":"Orb Walker","floor":37,"turns":3},{"damage":0,"enemies":"3 Darklings","floor":38,"turns":3},{"damage":15,"enemies":"Sphere and 2 Shapes","floor":41,"turns":4},{"damage":21,"enemies":"Reptomancer","floor":44,"turns":6},{"damage":0,"enemies":"Nemesis","floor":46,"turns":7},{"damage":67,"enemies":"Donu and Deca","floor":50,"turns":9},{"damage":22,"enemies":"Shield and Spear","floor":54,"turns":4},{"damage":68,"enemies":"The Heart","floor":55,"turns":6}],"seed_played":"-6054916703852920464","potions_obtained":[{"floor":6.0,"key":"Ancient Potion"},{"floor":8.0,"key":"EntropicBrew"},{"floor":16,"key":"Explosive Potion"},{"floor":21,"key":"FairyPotion"},{"floor":30,"key":"Regen Potion"},{"floor":33,"key":"Explosive Potion"},{"floor":35,"key":"Ancient Potion"},{"floor":38,"key":"PowerPotion"}],"is_trial":false,"path_per_floor":["M","?","?","M","?","E","M","E","T","$","E","R","M","M","R","B",null,"M","M","M","M","M","R","M","R","T","R","M","$","E","M","R","B",null,"M","$","M","M","?","R","M","R","T","E","?","E","R","$","R","B",null,"R","$","E","B"],"character_chosen":"THE_SILENT","items_purchased":["Mercury Hourglass","Deflect","Toolbox","ClockworkSouvenir","Calculated Gamble","Noxious Fumes","Bouncing Flask","Dexterity Potion","Catalyst","Noxious Fumes"],"campfire_rested":4,"item_purchase_floors":[10,10,10,29,29,29,36,48,48,53],"current_hp_per_floor":[70,37,37,37,70,70,69,43,43,43,43,43,43,43,43,43,70,68,65,65,46,32,44,32,44,44,56,53,53,46,58,70,30,70,70,70,70,70,61,70,55,70,70,56,56,56,77,77,77,10,77,77,77,55,0],"gold":32,"neow_bonus":"THREE_ENEMY_KILL","is_prod":false,"is_daily":false,"chose_seed":false,"campfire_upgraded":6,"win_rate":0,"timestamp":1551415706,"path_taken":["M","?","?","M","?","E","?","E","T","$","E","R","M","M","R","BOSS","M","M","M","M","M","R","M","R","T","R","?","$","E","M","R","BOSS","M","$","M","?","?","R","M","R","T","E","?","E","R","$","R","BOSS","R","$","E","BOSS"],"build_version":"2019-01-23","purchased_purges":1,"victory":false,"max_hp_per_floor":[70,70,70,70,70,70,70,70,70,70,70,70,70,70,70,70,70,70,70,70,70,70,70,70,70,70,70,70,70,70,70,70,70,70,70,70,70,70,70,70,70,70,70,77,77,77,77,77,77,77,77,77,77,77,77],"card_choices":[{"not_picked":["Acrobatics","Dodge and Roll"],"picked":"Quick Slash","floor":1.0},{"not_picked":["Endless Agony","Masterful Stab"],"picked":"Bouncing Flask","floor":4.0},{"not_picked":["Blade Dance","Outmaneuver","Poisoned Stab"],"picked":"SKIP","floor":6.0},{"not_picked":["Acrobatics","Dagger Throw","Quick Slash"],"picked":"SKIP","floor":7.0},{"not_picked":["Wraith Form v2","Blade Dance"],"picked":"Cloak And Dagger","floor":8.0},{"not_picked":["Dash","Setup","Predator"],"picked":"SKIP","floor":11.0},{"not_picked":["Concentrate","Bouncing Flask"],"picked":"Well Laid Plans","floor":13.0},{"not_picked":["Dagger Throw","Endless Agony"],"picked":"Calculated Gamble","floor":14},{"not_picked":["Wraith Form v2","Phantasmal Killer"],"picked":"Night Terror","floor":16},{"not_picked":["Accuracy","Flying Knee"],"picked":"Eviscerate+1","floor":18},{"not_picked":["Outmaneuver","Dodge and Roll"],"picked":"PiercingWail","floor":19},{"not_picked":["Cloak And Dagger+1","Flechettes"],"picked":"Backflip","floor":20},{"not_picked":["Quick Slash","Setup+1"],"picked":"Blur+1","floor":21},{"not_picked":["Sucker Punch+1","Quick Slash","Heel Hook"],"picked":"SKIP","floor":22},{"not_picked":["Bane","Backflip"],"picked":"Corpse Explosion","floor":24},{"not_picked":["Dodge and Roll+1","Slice","Sucker Punch+1"],"picked":"SKIP","floor":28},{"not_picked":["Quick Slash+1","Finisher"],"picked":"All Out Attack+1","floor":30},{"not_picked":["Deadly Poison","Dodge and Roll+1"],"picked":"Adrenaline","floor":31},{"not_picked":["Wraith Form v2","Glass Knife"],"picked":"Envenom","floor":33},{"not_picked":["Bane","Backflip","Sucker Punch"],"picked":"SKIP","floor":35},{"not_picked":["Poisoned Stab+1","Choke"],"picked":"Blur+1","floor":37},{"not_picked":["Sucker Punch","Riddle With Holes+1","Acrobatics+1"],"picked":"SKIP","floor":38},{"not_picked":["Predator+1","Backflip","Accuracy"],"picked":"SKIP","floor":41},{"not_picked":["Outmaneuver","Finisher+1"],"picked":"Crippling Poison+1","floor":44},{"not_picked":["Flechettes+1","Setup+1"],"picked":"Backflip+1","floor":46},{"not_picked":["Calculated Gamble","Accuracy+1"],"picked":"Catalyst+1","floor":54}],"player_experience":228211,"relics_obtained":[{"floor":6.0,"key":"Tingsha"},{"floor":8.0,"key":"Letter Opener"},{"floor":9.0,"key":"Old Coin"},{"floor":11.0,"key":"Tough Bandages"},{"floor":26,"key":"Snake Skull"},{"floor":30,"key":"Vajra"},{"floor":44,"key":"Strawberry"},{"floor":46,"key":"Juzu Bracelet"},{"floor":54,"key":"Kunai"}],"event_choices":[{"damage_healed":0.0,"max_hp_gain":0.0,"max_hp_loss":0.0,"gold_gain":0.0,"event_name":"Scrap Ooze","player_choice":"Success","floor":2.0,"gold_loss":0.0,"damage_taken":33.0,"relics_obtained":["Darkstone Periapt"]},{"damage_healed":0.0,"max_hp_gain":0.0,"max_hp_loss":0.0,"gold_gain":0.0,"event_name":"Living Wall","player_choice":"Grow","floor":3.0,"gold_loss":0.0,"damage_taken":0.0,"cards_upgraded":["Survivor"]},{"damage_healed":33.0,"max_hp_gain":0.0,"max_hp_loss":0.0,"gold_gain":0.0,"event_name":"Wheel of Change","player_choice":"Full Heal","floor":5.0,"gold_loss":0.0,"damage_taken":0.0},{"damage_healed":0,"gold_gain":0,"player_choice":"Embrace Madness","damage_taken":9,"max_hp_gain":0,"max_hp_loss":0,"event_name":"Winding Halls","floor":39,"gold_loss":0,"cards_obtained":["Madness","Madness"]},{"cards_removed":["Strike_G"],"damage_healed":0,"gold_gain":0,"player_choice":"Removed Attack","damage_taken":0,"max_hp_gain":0,"max_hp_loss":0,"event_name":"Falling","floor":45,"gold_loss":0}],"is_beta":false,"boss_relics":[{"not_picked":["Coffee Dripper","HoveringKite"],"picked":"Eternal Feather"},{"not_picked":["Runic Dome","Snecko Eye"],"picked":"Fusion Hammer"}],"items_purged_floors":[36],"is_endless":false,"potions_floor_spawned":[6,8,16,21,22,28,30,33,35,38],"killed_by":"The Heart","ascension_level":4}