{"gold_per_floor":[212,212,4,21,21,21,31,45,69,69,69,104,104,104,104,104],"floor_reached":16,"playtime":886,"items_purged":[],"score":127,"play_id":"4f8929a2-180c-4a9b-a6da-1f26784e89da","local_time":"20190328130901","is_ascension_mode":true,"campfire_choices":[{"floor":6,"key":"REST"},{"data":"Flame Barrier","floor":13,"key":"SMITH"},{"floor":15,"key":"REST"}],"neow_cost":"NONE","seed_source_timestamp":36719569680484,"circlet_count":0,"master_deck":["Strike_R","Strike_R","Strike_R+1","Strike_R","Strike_R","Defend_R","Defend_R","Defend_R","Defend_R","Bash+1","Iron Wave","Iron Wave+1","Battle Trance","Warcry","Flame Barrier+1"],"relics":["Burning Blood","Membership Card","Vajra","Golden Idol","Juzu Bracelet","Gremlin Horn"],"potions_floor_usage":[16],"damage_taken":[{"damage":10,"enemies":"2 Louse","floor":1,"turns":4},{"damage":7,"enemies":"Small Slimes","floor":4,"turns":6},{"damage":2,"enemies":"Jaw Worm","floor":7,"turns":3},{"damage":14,"enemies":"Exordium Thugs","floor":8,"turns":6},{"damage":16,"enemies":"3 Sentries","floor":12,"turns":10},{"damage":69,"enemies":"Hexaghost","floor":16,"turns":12}],"seed_played":"-7723956481095088231","potions_obtained":[{"floor":8,"key":"GamblersBrew"},{"floor":12,"key":"Ancient Potion"}],"is_trial":false,"path_per_floor":["M","?","$","M","?","R","M","M","T","?","?","E","R","T","R","B"],"character_chosen":"IRONCLAD","items_purchased":["Membership Card"],"campfire_rested":2,"item_purchase_floors":[3],"current_hp_per_floor":[68,68,68,67,51,75,79,71,71,51,51,41,41,41,65,0],"gold":104,"neow_bonus":"HUNDRED_GOLD","is_prod":false,"is_daily":false,"chose_seed":false,"campfire_upgraded":1,"win_rate":0,"timestamp":1553774941,"path_taken":["M","?","$","M","?","R","M","M","T","?","?","E","R","?","R","BOSS"],"build_version":"2019-01-23","purchased_purges":0,"victory":false,"max_hp_per_floor":[80,80,80,80,80,80,80,80,80,80,80,80,80,80,80,80],"card_choices":[{"not_picked":["Twin Strike","Power Through"],"picked":"Iron Wave","floor":1},{"not_picked":["Heavy Blade","Pummel"],"picked":"Iron Wave","floor":4},{"not_picked":["Clash","Infernal Blade"],"picked":"Battle Trance","floor":7},{"not_picked":["Second Wind","Evolve"],"picked":"Warcry","floor":8},{"not_picked":["Iron Wave","Hemokinesis"],"picked":"Flame Barrier","floor":12}],"player_experience":428320,"relics_obtained":[{"floor":9,"key":"Vajra"},{"floor":12,"key":"Juzu Bracelet"},{"floor":14,"key":"Gremlin Horn"}],"event_choices":[{"damage_healed":0,"gold_gain":0,"player_choice":"Grow","damage_taken":0,"max_hp_gain":0,"max_hp_loss":0,"event_name":"Living Wall","floor":2,"gold_loss":0,"cards_upgraded":["Bash"]},{"damage_healed":0,"gold_gain":0,"player_choice":"Entered Light","damage_taken":16,"max_hp_gain":0,"max_hp_loss":0,"event_name":"Shining Light","floor":5,"gold_loss":0,"cards_upgraded":["Iron Wave","Strike_R"]},{"damage_healed":0,"gold_gain":0,"player_choice":"Take Damage","damage_taken":20,"relics_obtained":["Golden Idol"],"max_hp_gain":0,"max_hp_loss":0,"event_name":"Golden Idol","floor":10,"gold_loss":0},{"damage_healed":0,"gold_gain":0,"player_choice":"Searched \u00270\u0027 times","damage_taken":0,"max_hp_gain":0,"max_hp_loss":0,"event_name":"Dead Adventurer","floor":11,"gold_loss":0}],"is_beta":false,"boss_relics":[],"items_purged_floors":[],"is_endless":false,"potions_floor_spawned":[8,12],"killed_by":"Hexaghost","ascension_level":6}