{"gold_per_floor":[117,117,132,40,60,60,85,85,85,10,10,10,21,21,21,116,116,116,116,116,116,0,0,0,0],"floor_reached":25,"playtime":934,"items_purged":["Strike_B"],"score":284,"play_id":"31853f65-9d5b-4572-808c-7194a112c7c1","local_time":"20190313231726","is_ascension_mode":true,"campfire_choices":[{"data":"Beam Cell","floor":6,"key":"SMITH"},{"data":"Reprogram","floor":8,"key":"SMITH"},{"data":"All For One","floor":12,"key":"SMITH"},{"data":"Swift Strike","floor":15,"key":"SMITH"},{"data":"Leap","floor":23,"key":"SMITH"}],"neow_cost":"NONE","seed_source_timestamp":40926171529202,"circlet_count":0,"master_deck":["Strike_B","Strike_B","Strike_B","Defend_B","Defend_B","Defend_B","Defend_B","Zap+1","Dualcast","All For One+1","Beam Cell+1","Swift Strike+1","Leap+1","Reprogram+1","Leap","Echo Form","Gash","Go for the Eyes","Go for the Eyes","Gash+1"],"relics":["Cracked Core","Darkstone Periapt","Orichalcum","Ectoplasm"],"potions_floor_usage":[7,11,18,25],"damage_taken":[{"damage":0,"enemies":"2 Louse","floor":1,"turns":3},{"damage":1,"enemies":"Cultist","floor":3,"turns":3},{"damage":0,"enemies":"Small Slimes","floor":5,"turns":2},{"damage":25,"enemies":"3 Sentries","floor":7,"turns":6},{"damage":0,"enemies":"2 Fungi Beasts","floor":11,"turns":1},{"damage":1,"enemies":"Looter","floor":13,"turns":3},{"damage":31,"enemies":"Hexaghost","floor":16,"turns":8},{"damage":17,"enemies":"Spheric Guardian","floor":18,"turns":4},{"damage":11,"enemies":"Shell Parasite","floor":19,"turns":6},{"damage":0,"enemies":"Cultist and Chosen","floor":21,"turns":6},{"damage":8,"enemies":"3 Cultists","floor":24,"turns":6},{"damage":15,"enemies":"Snake Plant","floor":25,"turns":2}],"seed_played":"2834887496389592719","potions_obtained":[{"floor":1,"key":"LiquidBronze"},{"floor":3,"key":"SmokeBomb"},{"floor":13,"key":"FearPotion"},{"floor":16,"key":"Ancient Potion"},{"floor":24,"key":"EssenceOfSteel"}],"is_trial":false,"path_per_floor":["M","?","M","$","M","R","E","R","T","$","M","R","M","$","R","B",null,"M","M","?","M","?","R","M","M"],"character_chosen":"DEFECT","items_purchased":["Swift Strike"],"campfire_rested":0,"item_purchase_floors":[4],"current_hp_per_floor":[68,68,67,67,67,67,42,42,42,42,42,42,41,41,41,10,59,42,31,31,31,31,31,23,8],"gold":0,"neow_bonus":"ONE_RANDOM_RARE_CARD","is_prod":false,"is_daily":false,"chose_seed":false,"campfire_upgraded":5,"win_rate":0,"timestamp":1552490246,"path_taken":["M","?","?","$","M","R","E","R","T","$","M","R","M","$","R","BOSS","M","M","?","M","?","R","M","M"],"build_version":"2019-01-23","purchased_purges":1,"victory":false,"max_hp_per_floor":[75,75,75,75,75,75,75,75,75,75,75,75,75,75,75,75,75,75,75,75,75,75,75,75,75],"card_choices":[{"not_picked":["Self Repair","Streamline","Aggregate"],"picked":"SKIP","floor":1},{"not_picked":["Scrape","BootSequence"],"picked":"Beam Cell","floor":3},{"not_picked":["Darkness","Barrage"],"picked":"Leap","floor":5},{"not_picked":["Lockon","Melter"],"picked":"Reprogram","floor":7},{"not_picked":["Doom and Gloom","Rip and Tear"],"picked":"Leap","floor":13},{"not_picked":["Rainbow","Creative AI"],"picked":"Echo Form","floor":16},{"not_picked":["Sweeping Beam+1","Blizzard"],"picked":"Gash","floor":18},{"not_picked":["Turbo","Defragment"],"picked":"Go for the Eyes","floor":19},{"not_picked":["Static Discharge","Storm"],"picked":"Go for the Eyes","floor":21},{"not_picked":["Rebound","Aggregate"],"picked":"Gash+1","floor":24}],"player_experience":298344,"relics_obtained":[{"floor":7,"key":"Darkstone Periapt"},{"floor":9,"key":"Orichalcum"}],"event_choices":[{"damage_healed":0,"gold_gain":0,"player_choice":"Forge","damage_taken":0,"max_hp_gain":0,"max_hp_loss":0,"event_name":"Accursed Blacksmith","floor":2,"gold_loss":0,"cards_upgraded":["Zap"]},{"damage_healed":0,"gold_gain":0,"player_choice":"Ignored","damage_taken":0,"max_hp_gain":0,"max_hp_loss":0,"event_name":"Vampires","floor":20,"gold_loss":0},{"damage_healed":0,"gold_gain":0,"player_choice":"Paid Fearfully","damage_taken":0,"max_hp_gain":0,"max_hp_loss":0,"event_name":"Masked Bandits","floor":22,"gold_loss":116}],"is_beta":false,"boss_relics":[{"not_picked":["Cursed Key","White Beast Statue"],"picked":"Ectoplasm"}],"items_purged_floors":[10],"is_endless":false,"potions_floor_spawned":[1,3,13,16,24],"killed_by":"Snake Plant","ascension_level":8}