{"gold_per_floor":[111,122,140,140,140,140,160,160,185,200,200,48,48,58,58,58],"floor_reached":16,"playtime":388,"items_purged":[],"score":92,"play_id":"5a4b9d53-0050-45be-857f-192316a9d789","local_time":"20190320204109","is_ascension_mode":false,"campfire_choices":[{"data":"Cleave","floor":6,"key":"SMITH"},{"data":"Shrug It Off","floor":8,"key":"SMITH"},{"data":"Pummel","floor":11,"key":"SMITH"},{"data":"Perfected Strike","floor":15,"key":"SMITH"}],"neow_cost":"NONE","seed_source_timestamp":72418688833524,"circlet_count":0,"master_deck":["Strike_R","Strike_R","Strike_R","Strike_R","Strike_R","Defend_R","Defend_R","Defend_R","Defend_R","Bash","Cleave+1","Shrug It Off+1","Wild Strike","Pummel+1","Perfected Strike+1"],"relics":["Burning Blood","Bag of Marbles"],"potions_floor_usage":[10,14],"damage_taken":[{"damage":6,"enemies":"Cultist","floor":1,"turns":3},{"damage":6,"enemies":"2 Louse","floor":2,"turns":2},{"damage":0,"enemies":"Small Slimes","floor":3,"turns":3},{"damage":8,"enemies":"Red Slaver","floor":7,"turns":3},{"damage":12,"enemies":"Blue Slaver","floor":10,"turns":2},{"damage":1,"enemies":"Large Slime","floor":14,"turns":5},{"damage":81,"enemies":"Hexaghost","floor":16,"turns":9}],"seed_played":"1561091952565001399","potions_obtained":[{"floor":2,"key":"GamblersBrew"},{"floor":3,"key":"BloodPotion"},{"floor":10,"key":"SkillPotion"}],"is_trial":false,"path_per_floor":["M","M","M","?","?","R","M","R","T","M","R","$","?","M","R","B"],"character_chosen":"IRONCLAD","items_purchased":["Bag of Marbles"],"campfire_rested":0,"item_purchase_floors":[12],"current_hp_per_floor":[80,80,80,80,80,80,78,78,78,80,80,80,80,80,80,0],"gold":58,"neow_bonus":"THREE_CARDS","is_prod":false,"is_daily":false,"chose_seed":false,"campfire_upgraded":4,"win_rate":0,"timestamp":1553110869,"path_taken":["M","?","?","?","?","R","M","R","T","M","R","$","?","?","R","BOSS"],"build_version":"2019-01-23","purchased_purges":0,"victory":false,"max_hp_per_floor":[80,80,80,80,80,80,80,80,80,80,80,80,80,80,80,80],"card_choices":[{"not_picked":["Intimidate","Body Slam"],"picked":"Cleave","floor":0},{"not_picked":["Clothesline","Flame Barrier"],"picked":"Shrug It Off","floor":1},{"not_picked":["Body Slam","Sword Boomerang","Sever Soul"],"picked":"SKIP","floor":2},{"not_picked":["Spot Weakness","Corruption"],"picked":"Dual Wield","floor":3},{"not_picked":["Shrug It Off","Carnage"],"picked":"Wild Strike","floor":7},{"not_picked":["Fire Breathing","Sword Boomerang"],"picked":"Pummel","floor":10},{"not_picked":["Hemokinesis","Iron Wave"],"picked":"Perfected Strike","floor":14}],"player_experience":332308,"relics_obtained":[],"event_choices":[{"damage_healed":0,"gold_gain":0,"player_choice":"Ignored","damage_taken":0,"max_hp_gain":0,"max_hp_loss":0,"event_name":"Golden Wing","floor":4,"gold_loss":0},{"damage_healed":0,"gold_gain":0,"player_choice":"Leave","damage_taken":0,"max_hp_gain":0,"max_hp_loss":0,"event_name":"The Cleric","floor":5,"gold_loss":0},{"cards_removed":["Dual Wield"],"damage_healed":0,"gold_gain":0,"player_choice":"Offered Uncommon","damage_taken":0,"max_hp_gain":0,"max_hp_loss":0,"event_name":"Bonfire Elementals","floor":13,"gold_loss":0}],"is_beta":false,"boss_relics":[],"items_purged_floors":[],"is_endless":false,"potions_floor_spawned":[2,3,10],"killed_by":"Hexaghost","ascension_level":0}