{"gold_per_floor":[113,113,213,232,232,263,263,276,303,332,332,413,413,433,433,528,528,528,528,453,453,453,453,453,453,453,453,453,453,453,453,453,453,453,453,453,453,453,453,453,453,453,453,453,2,2,2,2,2,2],"floor_reached":50,"playtime":4152,"items_purged":["Strike_G"],"score":672,"play_id":"9d45dddd-8b68-405d-9892-dd2f39b9253f","local_time":"20181213004040","is_ascension_mode":false,"campfire_choices":[{"data":"Blade Dance","floor":7,"key":"SMITH"},{"data":"Catalyst","floor":11,"key":"SMITH"},{"data":"Dash","floor":13,"key":"SMITH"},{"data":"Neutralize","floor":15,"key":"SMITH"},{"data":"After Image","floor":24,"key":"SMITH"},{"data":"Envenom","floor":28,"key":"SMITH"},{"floor":30,"key":"REST"},{"data":"Backflip","floor":32,"key":"SMITH"},{"data":"Noxious Fumes","floor":42,"key":"SMITH"},{"floor":49,"key":"RECALL"}],"neow_cost":"NONE","seed_source_timestamp":21180931486097,"circlet_count":0,"master_deck":["Defend_G","Defend_G+1","Defend_G","Defend_G","Defend_G+1","Strike_G","Strike_G","Survivor","Neutralize+1","Blade Dance+1","Flying Knee","Dash+1","Predator","Catalyst+1","Backflip+1","After Image+1","Flying Knee+1","Noxious Fumes+1","Quick Slash+1","Crippling Poison","Envenom+1","Outmaneuver+1","Venomology","Deadly Poison+1","PiercingWail","Backflip+1","Crippling Poison+1","Adrenaline","Catalyst+1","Noxious Fumes+1","Footwork+1","Blur+1","Bandage Up","Caltrops+1","Noxious Fumes+1"],"relics":["Ring of the Snake","NeowsBlessing","War Paint","Snake Skull","Incense Burner","Matryoshka","Ectoplasm","Lantern","Mango","Omamori","Regal Pillow","Orrery","Prayer Wheel","Frozen Egg 2","Dead Branch","Bottled Flame","The Specimen","Blood Vial","Dodecahedron"],"potions_floor_usage":[16,23,35,39,40,40,44,50],"damage_taken":[{"damage":0,"enemies":"Jaw Worm","floor":1,"turns":1},{"damage":0,"enemies":"2 Louse","floor":4,"turns":1},{"damage":0,"enemies":"Lagavulin","floor":6,"turns":1},{"damage":0,"enemies":"Cultist","floor":8,"turns":4},{"damage":15,"enemies":"Gremlin Nob","floor":10,"turns":4},{"damage":4,"enemies":"Blue Slaver","floor":14,"turns":4},{"damage":41,"enemies":"Slime Boss","floor":16,"turns":17},{"damage":0,"enemies":"Shell Parasite","floor":18,"turns":6},{"damage":1,"enemies":"Chosen","floor":19,"turns":4},{"damage":0,"enemies":"Shelled Parasite and Fungi","floor":21,"turns":9},{"damage":2,"enemies":"Cultist and Chosen","floor":22,"turns":5},{"damage":15,"enemies":"Book of Stabbing","floor":23,"turns":5},{"damage":30,"enemies":"Slavers","floor":25,"turns":6},{"damage":0,"enemies":"3 Cultists","floor":29,"turns":5},{"damage":17,"enemies":"Gremlin Leader","floor":31,"turns":5},{"damage":14,"enemies":"Automaton","floor":33,"turns":8},{"damage":0,"enemies":"3 Shapes","floor":35,"turns":4},{"damage":0,"enemies":"3 Darklings","floor":36,"turns":4},{"damage":0,"enemies":"Transient","floor":37,"turns":5},{"damage":0,"enemies":"4 Shapes","floor":38,"turns":3},{"damage":24,"enemies":"Mind Bloom Boss Battle","floor":39,"turns":7},{"damage":27,"enemies":"Spire Growth","floor":40,"turns":6},{"damage":6,"enemies":"Nemesis","floor":41,"turns":7},{"damage":0,"enemies":"Writhing Mass","floor":44,"turns":3},{"damage":0,"enemies":"Jaw Worm Horde","floor":46,"turns":4},{"damage":0,"enemies":"Giant Head","floor":48,"turns":7},{"damage":58,"enemies":"Time Eater","floor":50,"turns":5}],"seed_played":"-1335299022078479266","potions_obtained":[{"floor":6,"key":"Energy Potion"},{"floor":8,"key":"LiquidBronze"},{"floor":10,"key":"PowerPotion"},{"floor":16,"key":"EssenceOfSteel"},{"floor":23,"key":"SkillPotion"},{"floor":31,"key":"Poison Potion"},{"floor":39,"key":"Regen Potion"},{"floor":46,"key":"Swift Potion"}],"is_trial":false,"path_per_floor":["M","?","?","M","?","E","R","M","T","E","R","T","R","M","R","B",null,"M","M","?","M","M","E","R","E","T","?","R","M","R","E","R","B",null,"M","M","M","M","?","M","E","R","T","M","$","M","T","E","R","B"],"character_chosen":"THE_SILENT","items_purchased":["The Specimen","Bandage Up"],"campfire_rested":1,"item_purchase_floors":[45,45],"current_hp_per_floor":[70,70,70,70,63,63,63,63,63,48,48,48,48,44,44,3,70,70,69,69,69,67,52,52,36,36,28,28,28,53,36,36,22,84,84,84,84,84,60,48,42,42,42,42,42,46,46,52,52,0],"gold":2,"neow_bonus":"THREE_ENEMY_KILL","is_prod":false,"is_daily":false,"chose_seed":false,"campfire_upgraded":8,"win_rate":0,"timestamp":1544683240,"path_taken":["M","?","?","?","?","E","R","M","T","E","R","?","R","M","R","BOSS","M","M","?","M","M","E","R","E","T","?","R","?","R","E","R","BOSS","M","?","?","M","?","M","E","R","T","M","$","M","?","E","R","BOSS"],"build_version":"2018-12-06","purchased_purges":1,"victory":false,"max_hp_per_floor":[70,70,70,70,70,70,70,70,70,70,70,70,70,70,70,70,70,70,70,70,70,70,70,70,84,84,84,84,84,84,84,84,84,84,84,84,84,84,84,84,84,84,84,84,84,84,84,84,84,84],"card_choices":[{"not_picked":["Reflex","Calculated Gamble"],"picked":"Blade Dance","floor":1},{"not_picked":["Flechettes","Deadly Poison"],"picked":"Flying Knee","floor":4},{"not_picked":["Acrobatics","Endless Agony"],"picked":"Dash","floor":6},{"not_picked":["Acrobatics","Dodge and Roll"],"picked":"Predator","floor":8},{"not_picked":["Flechettes","Backstab"],"picked":"Catalyst","floor":10},{"not_picked":["Quick Slash","Masterful Stab"],"picked":"Backflip","floor":14},{"not_picked":["A Thousand Cuts","Night Terror"],"picked":"After Image","floor":16},{"not_picked":["Backflip+1","All Out Attack"],"picked":"Flying Knee+1","floor":18},{"not_picked":["Endless Agony","Prepared","Blade Dance"],"picked":"SKIP","floor":19},{"not_picked":["Footwork","Burst"],"picked":"Noxious Fumes+1","floor":21},{"not_picked":["Riddle With Holes","Underhanded Strike"],"picked":"Quick Slash+1","floor":22},{"not_picked":["Infinite Blades","Dagger Throw+1"],"picked":"Crippling Poison","floor":23},{"not_picked":["PiercingWail+1","Quick Slash"],"picked":"Envenom","floor":25},{"not_picked":["Dagger Spray+1","Skewer","Acrobatics"],"picked":"SKIP","floor":29},{"not_picked":["Underhanded Strike","Acrobatics"],"picked":"Outmaneuver+1","floor":31},{"not_picked":["Wraith Form v2","Night Terror"],"picked":"Venomology","floor":33},{"not_picked":["Dodge and Roll+1","Blade Dance"],"picked":"Deadly Poison+1","floor":34},{"not_picked":["All Out Attack","Dagger Spray+1"],"picked":"PiercingWail","floor":34},{"not_picked":["Flying Knee","PiercingWail"],"picked":"Backflip+1","floor":34},{"not_picked":["All Out Attack+1","Outmaneuver"],"picked":"Crippling Poison+1","floor":35},{"not_picked":["Choke","PiercingWail+1","Deadly Poison+1"],"picked":"SKIP","floor":36},{"not_picked":["Bane","All Out Attack+1","Backflip"],"picked":"SKIP","floor":37},{"not_picked":["Slice","Dagger Spray"],"picked":"Adrenaline","floor":38},{"not_picked":["Terror+1","Underhanded Strike+1"],"picked":"Catalyst+1","floor":39},{"not_picked":["Dodge and Roll+1","Backflip"],"picked":"Noxious Fumes","floor":40},{"not_picked":["Poisoned Stab","Flying Knee+1","Dodge and Roll+1"],"picked":"SKIP","floor":40},{"not_picked":["Reflex","PiercingWail"],"picked":"Footwork","floor":41},{"not_picked":["Deflect","Infinite Blades+1"],"picked":"Blur+1","floor":44},{"not_picked":["Endless Agony","PiercingWail","Leg Sweep"],"picked":"SKIP","floor":44},{"not_picked":["Dagger Throw","Choke+1"],"picked":"Caltrops+1","floor":46},{"not_picked":["Phantasmal Killer","Dagger Throw","Riddle With Holes+1"],"picked":"SKIP","floor":46},{"not_picked":["Dodge and Roll","Bane"],"picked":"Noxious Fumes+1","floor":48}],"player_experience":107632,"relics_obtained":[{"floor":6,"key":"War Paint"},{"floor":9,"key":"Snake Skull"},{"floor":10,"key":"Incense Burner"},{"floor":12,"key":"Matryoshka"},{"floor":23,"key":"Lantern"},{"floor":25,"key":"Mango"},{"floor":26,"key":"Omamori"},{"floor":31,"key":"Regal Pillow"},{"floor":39,"key":"Prayer Wheel"},{"floor":41,"key":"Frozen Egg 2"},{"floor":43,"key":"Dead Branch"},{"floor":43,"key":"Bottled Flame"},{"floor":47,"key":"Blood Vial"},{"floor":48,"key":"Dodecahedron"}],"event_choices":[{"damage_healed":0,"gold_gain":0,"player_choice":"Ignored","damage_taken":0,"max_hp_gain":0,"max_hp_loss":0,"event_name":"Liars Game","floor":2,"gold_loss":0},{"damage_healed":0,"gold_gain":100,"player_choice":"Gold","damage_taken":0,"max_hp_gain":0,"max_hp_loss":0,"event_name":"Wheel of Change","floor":3,"gold_loss":0},{"cards_removed":["Strike_G"],"damage_healed":0,"gold_gain":0,"player_choice":"Card Removal","damage_taken":7,"max_hp_gain":0,"max_hp_loss":0,"event_name":"Golden Wing","floor":5,"gold_loss":0},{"cards_removed":["Strike_G"],"damage_healed":0,"gold_gain":0,"player_choice":"Gave Gold","damage_taken":0,"max_hp_gain":0,"max_hp_loss":0,"event_name":"Beggar","floor":20,"gold_loss":75},{"damage_healed":0,"gold_gain":0,"player_choice":"Damaged","damage_taken":8,"max_hp_gain":0,"max_hp_loss":0,"event_name":"Wheel of Change","floor":27,"gold_loss":0},{"damage_healed":0,"gold_gain":0,"player_choice":"Fight","damage_taken":0,"max_hp_gain":0,"max_hp_loss":0,"event_name":"MindBloom","floor":39,"gold_loss":0}],"is_beta":false,"boss_relics":[{"not_picked":["Calling Bell","Eternal Feather"],"picked":"Ectoplasm"},{"not_picked":["Philosopher\u0027s Stone","Tiny House"],"picked":"Orrery"}],"items_purged_floors":[45],"is_endless":false,"potions_floor_spawned":[6,8,10,16,21,22,23,31,33,38,39,46],"killed_by":"Time Eater","ascension_level":0}