{"gold_per_floor":[111,129,145,54,65,99,49,49,49,66,66,66,66,76,76,178,178,188,188,200,216,57,57,57,57,133,147,172,190,205,105,105,105],"floor_reached":33,"playtime":1080,"items_purged":["Strike_G","Strike_G"],"score":249,"play_id":"a67c5750-ce51-42ac-ad3a-5690daa01a4e","local_time":"20190322120437","is_ascension_mode":false,"campfire_choices":[{"data":"Noxious Fumes","floor":8,"key":"SMITH"},{"data":"Neutralize","floor":11,"key":"SMITH"},{"data":"Survivor","floor":13,"key":"SMITH"},{"data":"Poisoned Stab","floor":15,"key":"SMITH"},{"data":"Backflip","floor":23,"key":"SMITH"},{"data":"Defend_G","floor":25,"key":"SMITH"},{"floor":32,"key":"REST"}],"neow_cost":"NONE","seed_source_timestamp":8233072551272,"circlet_count":0,"master_deck":["Defend_G+1","Defend_G","Defend_G","Defend_G","Defend_G","Strike_G","Strike_G","Survivor+1","Neutralize+1","Poisoned Stab","Terror","Noxious Fumes+1","Backflip+1","Poisoned Stab+1","Dark Shackles","PiercingWail","Backflip+1"],"special_seed":0,"relics":["Ring of the Snake"],"potions_floor_usage":[16,20,21,30],"damage_taken":[{"damage":0.0,"enemies":"Cultist","floor":1.0,"turns":4.0},{"damage":2.0,"enemies":"Small Slimes","floor":2.0,"turns":4.0},{"damage":0.0,"enemies":"2 Louse","floor":3.0,"turns":3.0},{"damage":0.0,"enemies":"Looter","floor":5.0,"turns":4.0},{"damage":20.0,"enemies":"3 Sentries","floor":6.0,"turns":10.0},{"damage":0,"enemies":"2 Fungi Beasts","floor":10,"turns":4},{"damage":0,"enemies":"Blue Slaver","floor":14,"turns":5},{"damage":37,"enemies":"Slime Boss","floor":16,"turns":9},{"damage":2,"enemies":"Shell Parasite","floor":18,"turns":6},{"damage":0,"enemies":"Chosen","floor":20,"turns":4},{"damage":35,"enemies":"Snake Plant","floor":21,"turns":6},{"damage":41,"enemies":"Chosen and Byrds","floor":27,"turns":7},{"damage":0,"enemies":"Cultist and Chosen","floor":29,"turns":8},{"damage":14,"enemies":"Centurion and Healer","floor":30,"turns":9},{"damage":47,"enemies":"Automaton","floor":33,"turns":6}],"seed_played":"2667074770748077619","potions_obtained":[{"floor":1.0,"key":"PowerPotion"},{"floor":3.0,"key":"LiquidBronze"},{"floor":14,"key":"EssenceOfSteel"},{"floor":16,"key":"SteroidPotion"},{"floor":20,"key":"Regen Potion"},{"floor":27,"key":"SkillPotion"}],"is_trial":false,"path_per_floor":["M","M","M","$","M","E","?","R","T","M","R","?","R","M","R","B",null,"M","?","M","M","$","R","?","R","T","M","T","M","M","$","R","B"],"character_chosen":"THE_SILENT","items_purchased":["Noxious Fumes","Backflip","Dark Shackles"],"campfire_rested":1,"item_purchase_floors":[4,4,22],"current_hp_per_floor":[77,75,75,75,75,55,55,55,55,55,55,77,77,77,77,40,77,75,75,75,55,55,55,77,77,77,36,36,36,22,22,45,0],"gold":105,"neow_bonus":"TEN_PERCENT_HP_BONUS","is_prod":false,"is_daily":false,"chose_seed":false,"campfire_upgraded":6,"win_rate":0,"timestamp":1553223877,"path_taken":["M","M","M","$","?","E","?","R","T","M","R","?","R","M","R","BOSS","M","?","M","M","$","R","?","R","T","M","?","M","M","$","R","BOSS"],"build_version":"2019-01-23","purchased_purges":2,"victory":false,"max_hp_per_floor":[77,77,77,77,77,77,77,77,77,77,77,77,77,77,77,77,77,77,77,77,77,77,77,77,77,77,77,77,77,77,77,77,77],"card_choices":[{"not_picked":["Acrobatics","Dagger Spray"],"picked":"Poisoned Stab","floor":1.0},{"not_picked":["Quick Slash","Tactician","Accuracy"],"picked":"SKIP","floor":2.0},{"not_picked":["Acrobatics","Terror","Quick Slash"],"picked":"SKIP","floor":3.0},{"not_picked":["Acrobatics","Quick Slash"],"picked":"Terror","floor":3.0},{"not_picked":["Endless Agony","Dagger Throw","Bane"],"picked":"SKIP","floor":5.0},{"not_picked":["Dagger Throw","Endless Agony","Wraith Form v2"],"picked":"SKIP","floor":6},{"not_picked":["Dagger Throw","Blade Dance","Bane"],"picked":"SKIP","floor":10},{"not_picked":["Distraction","Slice"],"picked":"Poisoned Stab","floor":14},{"not_picked":["Deflect","Dagger Throw","Backstab"],"picked":"SKIP","floor":18},{"not_picked":["Underhanded Strike","Poisoned Stab","Prepared"],"picked":"SKIP","floor":20},{"not_picked":["Quick Slash","Sucker Punch+1","Endless Agony"],"picked":"SKIP","floor":21},{"not_picked":["Die Die Die","Slice","Prepared+1"],"picked":"SKIP","floor":27},{"not_picked":["Dagger Spray+1","Sucker Punch"],"picked":"PiercingWail","floor":29},{"not_picked":["Cloak And Dagger+1","Blade Dance"],"picked":"Backflip+1","floor":30}],"player_experience":373195,"relics_obtained":[],"event_choices":[{"cards_removed":["Strike_G"],"damage_healed":0,"gold_gain":0,"player_choice":"Card Removal","damage_taken":0,"max_hp_gain":0,"max_hp_loss":0,"event_name":"The Cleric","floor":7,"gold_loss":50},{"damage_healed":25,"gold_gain":0,"player_choice":"Banana","damage_taken":0,"max_hp_gain":0,"max_hp_loss":0,"event_name":"Big Fish","floor":12,"gold_loss":0},{"damage_healed":25,"gold_gain":0,"player_choice":"Heal","damage_taken":0,"max_hp_gain":0,"max_hp_loss":0,"event_name":"The Library","floor":24,"gold_loss":0}],"is_beta":false,"boss_relics":[{"not_picked":[]}],"items_purged_floors":[22,31],"is_endless":false,"potions_floor_spawned":[1,3,14,16,20,27],"killed_by":"Automaton","ascension_level":0}