{"gold_per_floor":[111,126,126,126,146,146,180,180,261,261,291,311,311,328,328,429,429,444,33,33,51,67,67,95,105,105,119,19,118,49,59,59,59],"floor_reached":33,"playtime":1589,"items_purged":["Strike_B","Strike_B"],"score":371,"play_id":"91ea244a-65fa-4f43-aa0b-e5597cd4342b","local_time":"20181206230336","is_ascension_mode":true,"campfire_choices":[{"data":"Defend_B","floor":6,"key":"SMITH"},{"data":"Defend_B","floor":10,"key":"SMITH"},{"data":"Leap","floor":13,"key":"SMITH"},{"floor":15,"key":"REST"},{"data":"Buffer","floor":23,"key":"SMITH"},{"floor":32,"key":"REST"}],"neow_cost":"NONE","seed_source_timestamp":37434653000137,"circlet_count":0,"master_deck":["Strike_B","Strike_B","Defend_B+1","Defend_B","Defend_B","Defend_B+1","Zap","Dualcast","Cold Snap","Cold Snap","Electrodynamics","White Noise","Leap+1","Buffer+1","Loop","Leap+1","Self Repair","Undo+1"],"relics":["Cracked Core","Vajra","Gremlin Horn","Singing Bowl","Bottled Lightning","FossilizedHelix","Inserter","Emotion Chip","Orichalcum"],"potions_floor_usage":[7,16,24,27],"damage_taken":[{"damage":2,"enemies":"Jaw Worm","floor":1,"turns":3},{"damage":0,"enemies":"Small Slimes","floor":2,"turns":3},{"damage":0,"enemies":"2 Louse","floor":5,"turns":2},{"damage":22,"enemies":"Lagavulin","floor":7,"turns":6},{"damage":10,"enemies":"Gremlin Nob","floor":11,"turns":4},{"damage":20,"enemies":"Gremlin Gang","floor":12,"turns":3},{"damage":0,"enemies":"Blue Slaver","floor":14,"turns":3},{"damage":12,"enemies":"Slime Boss","floor":16,"turns":8},{"damage":13,"enemies":"Spheric Guardian","floor":18,"turns":8},{"damage":6,"enemies":"Chosen","floor":21,"turns":5},{"damage":16,"enemies":"Sentry and Sphere","floor":22,"turns":4},{"damage":38,"enemies":"Book of Stabbing","floor":24,"turns":6},{"damage":9,"enemies":"Centurion and Healer","floor":25,"turns":12},{"damage":0,"enemies":"3 Cultists","floor":27,"turns":3},{"damage":0,"enemies":"Chosen and Byrds","floor":31,"turns":12},{"damage":40,"enemies":"Automaton","floor":33,"turns":6}],"seed_played":"-4784132543838373397","potions_obtained":[{"floor":1,"key":"SteroidPotion"},{"floor":12,"key":"Regen Potion"},{"floor":14,"key":"GamblersBrew"},{"floor":16,"key":"Swift Potion"},{"floor":21,"key":"Explosive Potion"},{"floor":22,"key":"Fire Potion"},{"floor":24,"key":"SpeedPotion"}],"is_trial":false,"path_per_floor":["M","M","?","?","M","R","E","T","T","R","E","M","R","M","R","B",null,"M","$","?","M","M","R","E","M","T","M","$","?","$","M","R","B"],"character_chosen":"DEFECT","items_purchased":["Loop","Emotion Chip","Self Repair"],"campfire_rested":2,"item_purchase_floors":[19,19,30],"current_hp_per_floor":[73,73,73,78,78,78,56,56,56,56,46,26,26,28,52,55,75,64,64,64,60,46,46,10,1,1,3,3,3,3,10,37,0],"gold":59,"neow_bonus":"RANDOM_COMMON_RELIC","is_prod":false,"is_daily":false,"chose_seed":false,"campfire_upgraded":4,"win_rate":0,"timestamp":1544105016,"path_taken":["M","M","?","?","M","R","E","?","T","R","E","?","R","M","R","BOSS","M","$","?","M","M","R","E","M","T","M","$","?","?","M","R","BOSS"],"build_version":"2018-11-15","purchased_purges":2,"victory":false,"max_hp_per_floor":[75,75,75,80,80,80,80,80,80,80,80,80,80,82,82,82,82,84,84,84,86,88,88,90,90,90,92,92,92,92,92,92,92],"card_choices":[{"not_picked":["Hello World","Storm"],"picked":"Cold Snap","floor":1},{"not_picked":["Sweeping Beam","Gash"],"picked":"Cold Snap","floor":2},{"not_picked":["Turbo","Barrage","Steam Power"],"picked":"SKIP","floor":5},{"not_picked":["Sweeping Beam","Cold Snap"],"picked":"Electrodynamics","floor":7},{"not_picked":["Reinforced Body","Ball Lightning"],"picked":"White Noise","floor":11},{"not_picked":["Ball Lightning","Sweeping Beam"],"picked":"Leap","floor":12},{"not_picked":["Hologram","Coolheaded","Fusion"],"picked":"Singing Bowl","floor":14},{"not_picked":["Multi-Cast","Meteor Strike"],"picked":"Buffer","floor":16},{"not_picked":["Ball Lightning","Rebound","Hologram+1"],"picked":"Singing Bowl","floor":18},{"not_picked":["Turbo","Streamline","Redo"],"picked":"Singing Bowl","floor":21},{"not_picked":["Ball Lightning","Conserve Battery","Redo+1"],"picked":"Singing Bowl","floor":22},{"not_picked":["Rebound","Chill","Melter"],"picked":"Singing Bowl","floor":24},{"not_picked":["Compile Driver+1","Hologram"],"picked":"Leap+1","floor":25},{"not_picked":["Static Discharge","Redo","Leap"],"picked":"Singing Bowl","floor":27},{"not_picked":["Go for the Eyes+1","Leap"],"picked":"Undo+1","floor":31}],"player_experience":163404,"relics_obtained":[{"floor":7,"key":"Gremlin Horn"},{"floor":8,"key":"Singing Bowl"},{"floor":9,"key":"Bottled Lightning"},{"floor":11,"key":"FossilizedHelix"},{"floor":24,"key":"Orichalcum"}],"event_choices":[{"damage_healed":0,"gold_gain":0,"player_choice":"Ignored","damage_taken":0,"max_hp_gain":0,"max_hp_loss":0,"event_name":"Liars Game","floor":3,"gold_loss":0},{"damage_healed":0,"gold_gain":0,"player_choice":"Donut","damage_taken":0,"max_hp_gain":5,"max_hp_loss":0,"event_name":"Big Fish","floor":4,"gold_loss":0},{"damage_healed":0,"gold_gain":0,"player_choice":"Ignored","damage_taken":0,"max_hp_gain":0,"max_hp_loss":0,"event_name":"Ghosts","floor":20,"gold_loss":0},{"damage_healed":0,"gold_gain":99,"player_choice":"Stole From Cult","damage_taken":0,"max_hp_gain":0,"max_hp_loss":0,"event_name":"Nest","floor":29,"gold_loss":0}],"is_beta":false,"boss_relics":[{"not_picked":["Eternal Feather","Runic Pyramid"],"picked":"Inserter"}],"items_purged_floors":[19,28],"is_endless":false,"potions_floor_spawned":[1,12,14,16,21,22,24,25],"killed_by":"Automaton","ascension_level":5}