{"gold_per_floor":[110,110,110,130,130,164,164,189,189,200,54,54,74,34,34,134,134,145,164,89,109,122,151,151,151,151,151,151,167,122,122,122,221,221,241,241,218,236,236,236,254,273,273,79,96,114,132,132,132,132,132,132,132,158,158],"floor_reached":55,"playtime":1972,"items_purged":[],"score":699,"play_id":"4c9c8efe-d193-4827-ba3f-9b6095e987fb","local_time":"20190324041450","is_ascension_mode":false,"campfire_choices":[{"data":"Shockwave","floor":7.0,"key":"SMITH"},{"floor":12.0,"key":"REST"},{"data":"Searing Blow","floor":15.0,"key":"SMITH"},{"floor":25.0,"key":"REST"},{"floor":28.0,"key":"RECALL"},{"data":"Demon Form","floor":32.0,"key":"SMITH"},{"data":"Heavy Blade","floor":40.0,"key":"SMITH"},{"floor":49.0,"key":"REST"},{"data":"Heavy Blade","floor":52,"key":"SMITH"}],"neow_cost":"NONE","seed_source_timestamp":357029638900571,"circlet_count":0,"master_deck":["Strike_R","Strike_R","Strike_R","Defend_R","Defend_R","Defend_R","Bash","Shockwave+1","Dropkick","Searing Blow+1","Shrug It Off","Uppercut","Spot Weakness","Demon Form+1","Uppercut","Shrug It Off","Heavy Blade+1","Offering","Clumsy","Shrug It Off","Double Tap","Flex","Heavy Blade+1","Flame Barrier","Impervious","Armaments+1","Inflame+1"],"special_seed":0,"relics":["Burning Blood","NeowsBlessing","Pear","Bottled Lightning","Question Card","StoneCalendar","Unceasing Top","Vajra","Cursed Key","Thread and Needle","Bag of Preparation","Anchor"],"potions_floor_usage":[50,54,55],"damage_taken":[{"damage":0.0,"enemies":"Cultist","floor":1.0,"turns":1.0},{"damage":0.0,"enemies":"Jaw Worm","floor":4.0,"turns":1.0},{"damage":0.0,"enemies":"Gremlin Nob","floor":6.0,"turns":1.0},{"damage":38.0,"enemies":"Lagavulin","floor":8.0,"turns":9.0},{"damage":3.0,"enemies":"2 Louse","floor":10.0,"turns":3.0},{"damage":5.0,"enemies":"Gremlin Gang","floor":13.0,"turns":4.0},{"damage":37.0,"enemies":"The Guardian","floor":16.0,"turns":7.0},{"damage":18.0,"enemies":"Spheric Guardian","floor":18.0,"turns":5.0},{"damage":1.0,"enemies":"Chosen","floor":19.0,"turns":3.0},{"damage":18.0,"enemies":"Snake Plant","floor":21.0,"turns":4.0},{"damage":17.0,"enemies":"3 Cultists","floor":22.0,"turns":5.0},{"damage":27.0,"enemies":"Gremlin Leader","floor":23.0,"turns":6.0},{"damage":23.0,"enemies":"Sentry and Sphere","floor":29.0,"turns":6.0},{"damage":20.0,"enemies":"Champ","floor":33.0,"turns":8.0},{"damage":18.0,"enemies":"3 Darklings","floor":35.0,"turns":5.0},{"damage":8.0,"enemies":"Orb Walker","floor":38.0,"turns":4.0},{"damage":20.0,"enemies":"Writhing Mass","floor":41.0,"turns":4.0},{"damage":26.0,"enemies":"4 Shapes","floor":42.0,"turns":6.0},{"damage":15.0,"enemies":"3 Darklings","floor":45.0,"turns":4.0},{"damage":0.0,"enemies":"Spire Growth","floor":46.0,"turns":3.0},{"damage":0.0,"enemies":"Transient","floor":47.0,"turns":5.0},{"damage":0.0,"enemies":"4 Shapes","floor":48.0,"turns":1.0},{"damage":66,"enemies":"Time Eater","floor":50,"turns":6},{"damage":77,"enemies":"Shield and Spear","floor":54,"turns":6},{"damage":19,"enemies":"The Heart","floor":55,"turns":2}],"seed_played":"5133716958334561851","potions_obtained":[{"floor":1.0,"key":"Fire Potion"},{"floor":4.0,"key":"GamblersBrew"},{"floor":8.0,"key":"Regen Potion"},{"floor":13.0,"key":"PowerPotion"},{"floor":22.0,"key":"Block Potion"},{"floor":23.0,"key":"PowerPotion"},{"floor":38.0,"key":"Explosive Potion"},{"floor":45.0,"key":"SmokeBomb"},{"floor":54,"key":"LiquidBronze"}],"is_trial":false,"path_per_floor":["M","?","T","M","?","E","R","E","T","M","$","R","M","$","R","B",null,"M","M","?","M","M","E","?","R","T","?","R","M","$","?","R","B",null,"M","?","$","M","?","R","M","M","T","$","M","M","M","M","R","B",null,"R","$","E","B"],"character_chosen":"IRONCLAD","items_purchased":["Vajra","Spot Weakness","Shrug It Off","Heavy Blade","Bag of Preparation","AttackPotion"],"campfire_rested":3,"item_purchase_floors":[11,14,30,37,44,44],"current_hp_per_floor":[80,57,57,63,68,74,74,42,42,45,45,72,73,73,73,42,90,78,83,83,71,69,48,48,75,75,75,75,58,58,88,88,74,90,78,78,78,76,76,76,62,42,42,42,33,39,45,51,78,18,90,90,90,19,0],"gold":158,"neow_bonus":"THREE_ENEMY_KILL","is_prod":false,"is_daily":false,"chose_seed":false,"campfire_upgraded":5,"win_rate":0,"timestamp":1553397290,"path_taken":["M","?","?","M","?","E","R","E","T","M","$","R","?","$","R","BOSS","M","M","?","M","M","E","?","R","T","?","R","M","$","?","R","BOSS","M","?","$","M","?","R","M","M","T","$","M","M","?","M","R","BOSS","R","$","E","BOSS"],"build_version":"2019-01-23","purchased_purges":0,"victory":false,"max_hp_per_floor":[80,90,90,90,90,90,90,90,90,90,90,90,90,90,90,90,90,90,90,90,90,90,90,90,90,90,90,90,90,90,90,90,90,90,90,90,90,90,90,90,90,90,90,90,90,90,90,90,90,90,90,90,90,90,90],"card_choices":[{"not_picked":["Heavy Blade","Power Through"],"picked":"Shockwave","floor":1.0},{"not_picked":["Dual Wield","Feel No Pain"],"picked":"Cleave","floor":4.0},{"not_picked":["True Grit","Clash"],"picked":"Dropkick","floor":6.0},{"not_picked":["Inflame","Anger","Sever Soul"],"picked":"Searing Blow","floor":8.0},{"not_picked":["Barricade","Body Slam","Uppercut"],"picked":"Shrug It Off","floor":10.0},{"not_picked":["Havoc","Cleave","True Grit"],"picked":"Uppercut","floor":13.0},{"not_picked":["Bludgeon","Juggernaut","Exhume"],"picked":"Demon Form","floor":16.0},{"not_picked":["Wild Strike","Havoc","Pummel"],"picked":"Uppercut","floor":18.0},{"not_picked":["Blood for Blood","Havoc+1","Body Slam","Clash"],"picked":"SKIP","floor":19.0},{"not_picked":["Headbutt","Intimidate","Uppercut"],"picked":"Shrug It Off","floor":21.0},{"not_picked":["Whirlwind","Iron Wave+1","Wild Strike"],"picked":"Heavy Blade","floor":22.0},{"not_picked":["Twin Strike","Metallicize","Disarm"],"picked":"Offering","floor":23.0},{"not_picked":["Power Through","Armaments","Thunderclap","Ghostly Armor"],"picked":"SKIP","floor":29.0},{"not_picked":["Barricade","Dark Embrace","Feed"],"picked":"Double Tap","floor":33.0},{"not_picked":["Shrug It Off","Body Slam+1","Sentinel+1"],"picked":"Flex","floor":35.0},{"not_picked":["Sword Boomerang+1","Pummel","Twin Strike"],"picked":"Flame Barrier","floor":38.0},{"not_picked":["Twin Strike+1","Clothesline+1","Pommel Strike","Sentinel+1"],"picked":"SKIP","floor":41.0},{"not_picked":["Headbutt","Havoc","True Grit"],"picked":"Impervious","floor":42.0},{"not_picked":["Reckless Charge","Flex","Seeing Red"],"picked":"Armaments+1","floor":45.0},{"not_picked":["Body Slam","Feel No Pain+1","Perfected Strike+1"],"picked":"Inflame+1","floor":46.0},{"not_picked":["Sword Boomerang","Second Wind","Pommel Strike","Havoc"],"picked":"SKIP","floor":47.0},{"not_picked":["Sever Soul+1","Carnage","Intimidate+1","Evolve+1"],"picked":"SKIP","floor":54}],"player_experience":395485,"relics_obtained":[{"floor":3.0,"key":"Bottled Lightning"},{"floor":6.0,"key":"Question Card"},{"floor":8.0,"key":"StoneCalendar"},{"floor":9.0,"key":"Unceasing Top"},{"floor":23.0,"key":"Thread and Needle"},{"floor":54,"key":"Anchor"}],"event_choices":[{"damage_healed":0.0,"max_hp_gain":0.0,"max_hp_loss":0.0,"gold_gain":0.0,"event_name":"Scrap Ooze","player_choice":"Success","floor":2.0,"gold_loss":0.0,"damage_taken":33.0,"relics_obtained":["Pear"]},{"cards_removed":["Cleave"],"damage_healed":5.0,"max_hp_gain":0.0,"max_hp_loss":0.0,"gold_gain":0.0,"event_name":"Bonfire Elementals","player_choice":"Offered Common","floor":5.0,"gold_loss":0.0,"damage_taken":0.0},{"cards_removed":["Cleave"],"damage_healed":5.0,"max_hp_gain":0.0,"max_hp_loss":0.0,"gold_gain":0.0,"event_name":"Bonfire Elementals","player_choice":"Offered Special","floor":5.0,"gold_loss":0.0,"damage_taken":0.0},{"cards_removed":["Strike_R"],"damage_healed":0.0,"max_hp_gain":0.0,"max_hp_loss":0.0,"gold_gain":0.0,"event_name":"Beggar","player_choice":"Gave Gold","floor":20.0,"gold_loss":75.0,"damage_taken":0.0},{"damage_healed":0.0,"max_hp_gain":0.0,"max_hp_loss":0.0,"gold_gain":0.0,"event_name":"Ghosts","player_choice":"Ignored","floor":24.0,"gold_loss":0.0,"damage_taken":0.0},{"cards_removed":["Strike_R"],"damage_healed":0.0,"max_hp_gain":0.0,"max_hp_loss":0.0,"gold_gain":0.0,"event_name":"Back to Basics","player_choice":"Elegance","floor":27.0,"gold_loss":0.0,"damage_taken":0.0},{"damage_healed":30.0,"max_hp_gain":0.0,"max_hp_loss":0.0,"gold_gain":0.0,"event_name":"The Library","player_choice":"Heal","floor":31.0,"gold_loss":0.0,"damage_taken":0.0},{"damage_healed":0.0,"max_hp_gain":0.0,"max_hp_loss":0.0,"gold_gain":0.0,"event_name":"SensoryStone","player_choice":"Memory 1","floor":36.0,"gold_loss":0.0,"damage_taken":0.0},{"cards_removed":["Defend_R"],"damage_healed":0.0,"max_hp_gain":0.0,"max_hp_loss":0.0,"gold_gain":0.0,"event_name":"Purifier","player_choice":"Purged","floor":39.0,"gold_loss":0.0,"damage_taken":0.0}],"is_beta":false,"boss_relics":[{"not_picked":["Empty Cage","Runic Cube"],"picked":"Cursed Key"},{"not_picked":[]}],"items_purged_floors":[],"is_endless":false,"potions_floor_spawned":[1,4,8,13,22,23,33,38,45,48,54],"killed_by":"The Heart","ascension_level":0}