{"gold_per_floor":[218,248,264,4,15,15,44,112,112,127,156,156,180,198,198,294,294,282,25,45,45,65,65,94,94,119,65,78,78,95,12,12,12],"floor_reached":33,"playtime":1822,"items_purged":["Regret","Strike_R"],"score":421,"play_id":"8caf3999-821e-4f2e-bff2-e33526a5d0c4","local_time":"20190312201007","is_ascension_mode":true,"campfire_choices":[{"data":"Feed","floor":6.0,"key":"SMITH"},{"data":"Iron Wave","floor":12.0,"key":"SMITH"},{"data":"Bash","floor":15.0,"key":"SMITH"},{"data":"Barricade","floor":23.0,"key":"SMITH"},{"data":"Shrug It Off","floor":29.0,"key":"SMITH"},{"data":"Metallicize","floor":32.0,"key":"SMITH"}],"neow_cost":"NONE","seed_source_timestamp":3973637508818,"circlet_count":0,"master_deck":["Strike_R","Strike_R","Strike_R","Strike_R","Defend_R","Defend_R","Defend_R","Defend_R","Bash+1","Intimidate","Iron Wave+1","Cleave","The Bomb","Feed+1","Battle Trance","Cleave","Headbutt","Barricade+1","Feed","Shrug It Off","Armaments","Burning Pact+1","Battle Trance","Cleave+1","Shrug It Off+1","Pommel Strike+1","Metallicize+1","Shrug It Off"],"special_seed":0,"relics":["Burning Blood","Tiny Chest","Singing Bowl","Question Card","Shuriken","Incense Burner","Lantern","Orrery","Anchor","Bottled Lightning","Gremlin Horn","PreservedInsect"],"potions_floor_usage":[33],"damage_taken":[{"damage":1.0,"enemies":"Cultist","floor":1.0,"turns":3.0},{"damage":19.0,"enemies":"Jaw Worm","floor":3.0,"turns":6.0},{"damage":0.0,"enemies":"Small Slimes","floor":5.0,"turns":3.0},{"damage":15.0,"enemies":"Lagavulin","floor":7.0,"turns":7.0},{"damage":9.0,"enemies":"Exordium Wildlife","floor":10.0,"turns":4.0},{"damage":20.0,"enemies":"3 Sentries","floor":11.0,"turns":3.0},{"damage":6.0,"enemies":"Gremlin Gang","floor":14.0,"turns":3.0},{"damage":67.0,"enemies":"The Guardian","floor":16.0,"turns":12.0},{"damage":5.0,"enemies":"2 Thieves","floor":18.0,"turns":4.0},{"damage":0.0,"enemies":"3 Byrds","floor":20.0,"turns":6.0},{"damage":21.0,"enemies":"Snecko","floor":22.0,"turns":4.0},{"damage":20.0,"enemies":"Slavers","floor":24.0,"turns":4.0},{"damage":0.0,"enemies":"Cultist and Chosen","floor":28.0,"turns":4.0},{"damage":17.0,"enemies":"Centurion and Healer","floor":30.0,"turns":4.0},{"damage":70,"enemies":"Automaton","floor":33,"turns":6}],"seed_played":"8970533297072386828","potions_obtained":[{"floor":5.0,"key":"Fire Potion"},{"floor":7.0,"key":"SteroidPotion"},{"floor":11.0,"key":"SpeedPotion"},{"floor":14.0,"key":"Regen Potion"},{"floor":18.0,"key":"AttackPotion"},{"floor":20.0,"key":"Ancient Potion"},{"floor":30.0,"key":"EssenceOfSteel"}],"is_trial":false,"path_per_floor":["M","?","M","$","M","R","E","T","T","M","E","R","T","M","R","B",null,"M","$","M","T","M","R","E","?","T","$","M","R","M","$","R","B"],"character_chosen":"IRONCLAD","items_purchased":["Cleave","The Bomb","Anchor","Shrug It Off","Metallicize","Shrug It Off"],"campfire_rested":0,"item_purchase_floors":[4,4,19,27,31,31],"current_hp_per_floor":[77,77,64,64,70,70,65,65,65,66,52,52,52,54,54,12,80,85,85,99,99,84,84,70,70,70,70,79,79,70,70,70,0],"gold":12,"neow_bonus":"HUNDRED_GOLD","is_prod":false,"is_daily":false,"chose_seed":false,"campfire_upgraded":6,"win_rate":0,"timestamp":1552392607,"path_taken":["M","?","M","$","M","R","E","?","T","M","E","R","?","M","R","BOSS","M","$","M","?","M","R","E","?","T","?","M","R","M","$","R","BOSS"],"build_version":"2019-01-23","purchased_purges":2,"victory":false,"max_hp_per_floor":[80,80,80,80,80,80,84,84,84,88,88,88,88,90,90,94,100,104,104,112,112,112,112,112,112,112,112,115,115,117,117,117,117],"card_choices":[{"not_picked":["Havoc","Warcry"],"picked":"Intimidate","floor":1.0},{"not_picked":["Heavy Blade","Twin Strike"],"picked":"Iron Wave","floor":3.0},{"not_picked":["Uppercut","Dropkick"],"picked":"Feed","floor":5.0},{"not_picked":["Body Slam","Evolve"],"picked":"Battle Trance","floor":7.0},{"not_picked":["Pommel Strike","Body Slam","Fire Breathing"],"picked":"Cleave","floor":10.0},{"not_picked":["Clash","Pummel","Perfected Strike"],"picked":"Headbutt","floor":11.0},{"not_picked":["Flex","Perfected Strike","Twin Strike","Reckless Charge"],"picked":"Singing Bowl","floor":14.0},{"not_picked":["Immolate","Exhume","Juggernaut"],"picked":"Barricade","floor":16.0},{"not_picked":["Havoc","Clash","Rampage","Heavy Blade"],"picked":"Singing Bowl","floor":17.0},{"not_picked":["Pommel Strike","Feel No Pain","Perfected Strike","Thunderclap"],"picked":"Singing Bowl","floor":17.0},{"not_picked":["Havoc","Cleave","Pommel Strike","Thunderclap"],"picked":"Singing Bowl","floor":17.0},{"not_picked":["Body Slam","Sword Boomerang","Wild Strike"],"picked":"Feed","floor":17.0},{"not_picked":["Pommel Strike","Sword Boomerang","Armaments"],"picked":"Shrug It Off","floor":17.0},{"not_picked":["Sentinel","Clothesline","Anger+1"],"picked":"Armaments","floor":18.0},{"not_picked":["Sword Boomerang","Wild Strike","Flex"],"picked":"Burning Pact+1","floor":20.0},{"not_picked":["Intimidate","Dropkick+1","Combust"],"picked":"Battle Trance","floor":22.0},{"not_picked":["Armaments","Clothesline","Searing Blow+1"],"picked":"Cleave+1","floor":24.0},{"not_picked":["Hemokinesis","Corruption+1","Havoc"],"picked":"Pommel Strike+1","floor":28.0},{"not_picked":["Perfected Strike+1","Armaments","Pommel Strike","Fiend Fire"],"picked":"Singing Bowl","floor":30.0}],"player_experience":288583,"relics_obtained":[{"floor":7.0,"key":"Singing Bowl"},{"floor":8.0,"key":"Question Card"},{"floor":9.0,"key":"Shuriken"},{"floor":11.0,"key":"Incense Burner"},{"floor":13.0,"key":"Lantern"},{"floor":21.0,"key":"Bottled Lightning"},{"floor":24.0,"key":"Gremlin Horn"},{"floor":26.0,"key":"PreservedInsect"}],"event_choices":[{"damage_healed":0.0,"max_hp_gain":0.0,"max_hp_loss":0.0,"gold_gain":0.0,"event_name":"Big Fish","player_choice":"Box","floor":2.0,"gold_loss":0.0,"damage_taken":0.0,"relics_obtained":["Tiny Chest"],"cards_obtained":["Regret"]},{"damage_healed":0.0,"max_hp_gain":0.0,"max_hp_loss":0.0,"gold_gain":0.0,"event_name":"Ghosts","player_choice":"Ignored","floor":25.0,"gold_loss":0.0,"damage_taken":0.0}],"is_beta":false,"boss_relics":[{"not_picked":["Calling Bell","Runic Cube"],"picked":"Orrery"}],"items_purged_floors":[4,19],"is_endless":false,"potions_floor_spawned":[5,7,11,14,18,20,30],"killed_by":"Automaton","ascension_level":7}