{"gold_per_floor":[144,144,74,119,164,164,254,344,369,459,459,459,504,594,594,894,894,939,939,984,324,49,139,229,29,29,119,119,209,49,349,349,649,649,694,309,309,309,354,744,834,879,879,924,438,558,123,123,123,123],"floor_reached":51,"playtime":4396,"items_purged":["Doppelganger","Grand Finale","Neutralize","Venomology","Flying Knee","Sucker Punch"],"score":1030,"play_id":"852a55b3-a66f-43da-9de6-0ec04f882d36","local_time":"20190327234020","daily_mods":["Shiny","Flight","Midas"],"is_ascension_mode":false,"campfire_choices":[{"floor":6,"key":"REST"},{"floor":15,"key":"REST"},{"floor":32,"key":"REST"},{"floor":49,"key":"REST"}],"neow_cost":"","seed_source_timestamp":0,"circlet_count":0,"master_deck":["Corpse Explosion","Malaise+1","Phantasmal Killer","Die Die Die","Adrenaline","Envenom","Burst+1","Wraith Form v2","Tools of the Trade","Night Terror","Unload","After Image+1","Bullet Time","Storm of Steel","Glass Knife","A Thousand Cuts+1","Adrenaline","Backstab","Predator","Predator","Skewer","Terror+1","Bandage Up","Dash+1","Malaise","Panache","Poisoned Stab","Malaise","Underhanded Strike+1","Well Laid Plans","Master of Strategy","Wraith Form v2","Accuracy+1","Apotheosis","Bullet Time","The Bomb","Mind Blast"],"special_seed":17983,"relics":["Ring of the Snake","The Specimen","Darkstone Periapt","Kunai","Strawberry","Boot","Nunchaku","Cursed Key","Incense Burner","Chemical X","Membership Card","Anchor","Pen Nib","Snake Skull","Sundial","Ancient Tea Set","Dodecahedron","Tough Bandages","Pantograph","Snecko Eye","War Paint","ClockworkSouvenir","Old Coin","Potion Belt","Vajra","Pear","Lee\u0027s Waffle","Unceasing Top","Toy Ornithopter","Gremlin Horn"],"potions_floor_usage":[7,14,20,31,50,50,50],"damage_taken":[{"damage":0,"enemies":"Small Slimes","floor":1,"turns":2},{"damage":0,"enemies":"2 Louse","floor":4,"turns":1},{"damage":0,"enemies":"Cultist","floor":5,"turns":1},{"damage":1,"enemies":"3 Sentries","floor":7,"turns":4},{"damage":12,"enemies":"Lagavulin","floor":8,"turns":4},{"damage":1,"enemies":"Gremlin Nob","floor":10,"turns":3},{"damage":0,"enemies":"Large Slime","floor":13,"turns":2},{"damage":6,"enemies":"3 Sentries","floor":14,"turns":4},{"damage":10,"enemies":"The Guardian","floor":16,"turns":7},{"damage":5,"enemies":"3 Byrds","floor":18,"turns":2},{"damage":12,"enemies":"2 Thieves","floor":20,"turns":4},{"damage":8,"enemies":"Book of Stabbing","floor":23,"turns":5},{"damage":2,"enemies":"Gremlin Leader","floor":24,"turns":4},{"damage":2,"enemies":"Book of Stabbing","floor":27,"turns":6},{"damage":4,"enemies":"Slavers","floor":29,"turns":5},{"damage":0,"enemies":"Colosseum Slavers","floor":31,"turns":3},{"damage":0,"enemies":"Colosseum Nobs","floor":31,"turns":3},{"damage":27,"enemies":"Champ","floor":33,"turns":9},{"damage":0,"enemies":"3 Shapes","floor":35,"turns":2},{"damage":0,"enemies":"3 Darklings","floor":39,"turns":3},{"damage":3,"enemies":"Reptomancer","floor":40,"turns":3},{"damage":0,"enemies":"Giant Head","floor":41,"turns":6},{"damage":0,"enemies":"4 Shapes","floor":42,"turns":1},{"damage":5,"enemies":"Writhing Mass","floor":44,"turns":6},{"damage":0,"enemies":"2 Orb Walkers","floor":46,"turns":3},{"damage":0,"enemies":"Donu and Deca","floor":50,"turns":4}],"seed_played":"8691496002598521880","potions_obtained":[{"floor":1,"key":"Energy Potion"},{"floor":4,"key":"Ancient Potion"},{"floor":5,"key":"Dexterity Potion"},{"floor":20,"key":"SteroidPotion"},{"floor":35,"key":"GhostInAJar"},{"floor":42,"key":"Weak Potion"}],"is_trial":false,"path_per_floor":["?","?","?","M","?","M","?","$","?","?","?","M","M","?","?"],"character_chosen":"THE_SILENT","items_purchased":["Adrenaline","Incense Burner","Chemical X","Bandage Up","Membership Card","Anchor","Sundial","Strength Potion","Panache","War Paint","Well Laid Plans","ClockworkSouvenir","Master of Strategy","Apotheosis","Vajra","Pear","Lee\u0027s Waffle","The Bomb","FearPotion","Toy Ornithopter","Gremlin Horn"],"campfire_rested":4,"item_purchase_floors":[3,21,21,21,22,22,25,25,30,36,36,36,36,45,45,45,45,47,47,47,47],"current_hp_per_floor":[70,67,67,67,67,70,69,57,64,63,63,63,63,57,77,67,77,72,65,53,53,53,49,51,51,51,53,53,65,65,73,77,56,77,77,77,73,73,73,73,73,73,73,72,90,90,90,80,90,90],"gold":123,"neow_bonus":"","is_prod":false,"is_daily":true,"chose_seed":false,"campfire_upgraded":0,"win_rate":0,"timestamp":1553744420,"path_taken":["M","?","$","M","M","R","E","E","T","E","?","?","?","E","R","BOSS","M","?","?","$","$","E","E","$","T","E","?","E","?","?","R","BOSS","M","$","?","?","M","E","E","?","T","?","$","?","$","?","R","BOSS"],"build_version":"2019-01-23","purchased_purges":6,"victory":true,"max_hp_per_floor":[70,70,70,70,70,70,70,70,77,77,77,77,77,77,77,77,77,77,77,77,77,77,77,77,77,77,77,77,77,77,77,77,77,77,77,77,73,73,73,73,73,73,73,73,90,90,90,90,90,90],"card_choices":[{"not_picked":["Setup","Footwork"],"picked":"Sucker Punch","floor":1},{"not_picked":["PiercingWail","Dodge and Roll"],"picked":"Backstab","floor":4},{"not_picked":["Underhanded Strike","Cloak And Dagger"],"picked":"Predator","floor":5},{"not_picked":["Escape Plan","Distraction","Venomology"],"picked":"SKIP","floor":7},{"not_picked":["Concentrate","All Out Attack"],"picked":"Predator","floor":8},{"not_picked":["Cloak And Dagger","Dodge and Roll"],"picked":"Flying Knee","floor":10},{"not_picked":["Endless Agony","Slice","Acrobatics"],"picked":"SKIP","floor":13},{"not_picked":["Dagger Throw","Crippling Poison","Accuracy"],"picked":"SKIP","floor":14},{"not_picked":["Outmaneuver","Slice"],"picked":"Skewer","floor":18},{"not_picked":["Acrobatics","Sucker Punch"],"picked":"Terror+1","floor":20},{"not_picked":["Underhanded Strike","Doppelganger"],"picked":"Dash+1","floor":23},{"not_picked":["Heel Hook+1","Skewer+1"],"picked":"Malaise","floor":24},{"not_picked":["Underhanded Strike","Acrobatics","Slice"],"picked":"SKIP","floor":27},{"not_picked":["PiercingWail","Sucker Punch","Choke"],"picked":"SKIP","floor":29},{"not_picked":["Footwork+1","Backstab"],"picked":"Poisoned Stab","floor":31},{"not_picked":["Night Terror","Envenom"],"picked":"Malaise","floor":33},{"not_picked":["Terror","Slice+1"],"picked":"Underhanded Strike+1","floor":35},{"not_picked":["Tactician","Deflect","Quick Slash"],"picked":"SKIP","floor":39},{"not_picked":["Finisher","Choke"],"picked":"Wraith Form v2","floor":40},{"not_picked":["Dagger Spray","Outmaneuver","Terror"],"picked":"SKIP","floor":41},{"not_picked":["Eviscerate","PiercingWail","Dagger Throw+1"],"picked":"SKIP","floor":42},{"not_picked":["Bane+1","Dodge and Roll+1"],"picked":"Accuracy+1","floor":44},{"not_picked":["Backflip+1","Underhanded Strike+1"],"picked":"Bullet Time","floor":46},{"not_picked":["Trip","HandOfGreed"],"picked":"Mind Blast","floor":48}],"player_experience":330765,"relics_obtained":[{"floor":7,"key":"Darkstone Periapt"},{"floor":8,"key":"Kunai"},{"floor":9,"key":"Strawberry"},{"floor":10,"key":"Boot"},{"floor":14,"key":"Nunchaku"},{"floor":23,"key":"Pen Nib"},{"floor":24,"key":"Snake Skull"},{"floor":27,"key":"Ancient Tea Set"},{"floor":29,"key":"Dodecahedron"},{"floor":31,"key":"Tough Bandages"},{"floor":31,"key":"Pantograph"},{"floor":40,"key":"Old Coin"},{"floor":41,"key":"Potion Belt"},{"floor":46,"key":"Unceasing Top"}],"event_choices":[{"damage_healed":0,"gold_gain":0,"player_choice":"Success","damage_taken":3,"relics_obtained":["The Specimen"],"max_hp_gain":0,"max_hp_loss":0,"event_name":"Scrap Ooze","floor":2,"gold_loss":0},{"damage_healed":0,"gold_gain":0,"player_choice":"Grow","damage_taken":0,"max_hp_gain":0,"max_hp_loss":0,"event_name":"Living Wall","floor":11,"gold_loss":0,"cards_upgraded":["After Image"]},{"damage_healed":0,"gold_gain":0,"player_choice":"1 cards matched","damage_taken":0,"max_hp_gain":0,"max_hp_loss":0,"event_name":"Match and Keep!","floor":12,"gold_loss":0,"cards_obtained":["Neutralize"]},{"damage_healed":0,"gold_gain":0,"player_choice":"","damage_taken":7,"max_hp_gain":0,"max_hp_loss":0,"event_name":"Knowing Skull","floor":19,"potions_obtained":[],"gold_loss":0,"cards_obtained":[]},{"damage_healed":0,"gold_gain":0,"player_choice":"Ignored","damage_taken":0,"max_hp_gain":0,"max_hp_loss":0,"event_name":"The Mausoleum","floor":28,"gold_loss":0},{"damage_healed":0,"gold_gain":0,"player_choice":"Fight","damage_taken":0,"max_hp_gain":0,"max_hp_loss":0,"event_name":"Colosseum","floor":31,"gold_loss":0},{"damage_healed":0,"gold_gain":0,"player_choice":"Fought Nobs","damage_taken":0,"max_hp_gain":0,"max_hp_loss":0,"event_name":"Colosseum","floor":31,"gold_loss":0},{"damage_healed":0,"gold_gain":0,"player_choice":"Max HP","damage_taken":0,"max_hp_gain":0,"max_hp_loss":4,"event_name":"Winding Halls","floor":37,"gold_loss":0},{"damage_healed":0,"gold_gain":0,"player_choice":"Upgraded","damage_taken":0,"max_hp_gain":0,"max_hp_loss":0,"event_name":"Upgrade Shrine","floor":38,"gold_loss":0,"cards_upgraded":["A Thousand Cuts"]},{"damage_healed":0,"gold_gain":0,"player_choice":"Fight","damage_taken":0,"max_hp_gain":0,"max_hp_loss":0,"event_name":"Mysterious Sphere","floor":46,"gold_loss":0},{"damage_healed":0,"gold_gain":0,"player_choice":"Memory 3","damage_taken":10,"max_hp_gain":0,"max_hp_loss":0,"event_name":"SensoryStone","floor":48,"gold_loss":0}],"is_beta":false,"boss_relics":[{"not_picked":["Ectoplasm","Velvet Choker"],"picked":"Cursed Key"},{"not_picked":["Coffee Dripper","Sozu"],"picked":"Snecko Eye"}],"items_purged_floors":[21,25,30,36,45,47],"is_endless":false,"potions_floor_spawned":[1,4,5,16,20,23,31,33,35,40,42],"ascension_level":0}