{"gold_per_floor":[118,133,11,30,49,49,84,12,12,32,32,32,32,51,51,51],"floor_reached":16,"playtime":2657,"items_purged":["Strike_G"],"score":107,"play_id":"76f9b50e-d4a2-4f8c-b6f9-fbc63340d7fb","local_time":"20181127123812","is_ascension_mode":true,"campfire_choices":[{"data":"Deflect","floor":6,"key":"SMITH"},{"data":"Footwork","floor":12,"key":"SMITH"},{"data":"Deflect","floor":15,"key":"SMITH"}],"neow_cost":"NONE","seed_source_timestamp":4612199487383,"circlet_count":0,"master_deck":["Defend_G","Defend_G","Defend_G","Defend_G","Defend_G","Strike_G","Strike_G","Strike_G","Survivor","Neutralize","Well Laid Plans","Deflect+1","Slice","Deflect+1","Backflip","Footwork+1"],"relics":["Ring of the Snake","Ornamental Fan","Question Card","Letter Opener"],"potions_floor_usage":[7,7,16],"damage_taken":[{"damage":0,"enemies":"Cultist","floor":1,"turns":4},{"damage":0,"enemies":"Small Slimes","floor":2,"turns":3},{"damage":4,"enemies":"Jaw Worm","floor":4,"turns":7},{"damage":3,"enemies":"3 Louse","floor":5,"turns":5},{"damage":27,"enemies":"3 Sentries","floor":7,"turns":22},{"damage":0,"enemies":"Blue Slaver","floor":10,"turns":7},{"damage":0,"enemies":"2 Fungi Beasts","floor":14,"turns":5},{"damage":57,"enemies":"Slime Boss","floor":16,"turns":19}],"seed_played":"-4698238560740035949","potions_obtained":[{"floor":1,"key":"EssenceOfSteel"},{"floor":2,"key":"Swift Potion"},{"floor":7,"key":"LiquidBronze"},{"floor":13,"key":"FairyPotion"},{"floor":13,"key":"EssenceOfSteel"}],"is_trial":false,"path_per_floor":["M","M","$","M","M","R","E","$","T","M","?","R","?","M","R","B"],"character_chosen":"THE_SILENT","items_purchased":["Slice","Regen Potion"],"campfire_rested":0,"item_purchase_floors":[3,8],"current_hp_per_floor":[70,70,70,66,63,63,36,36,36,36,24,24,24,24,24,0],"gold":51,"neow_bonus":"REMOVE_CARD","is_prod":false,"is_daily":false,"chose_seed":false,"campfire_upgraded":3,"win_rate":0,"timestamp":1543289892,"path_taken":["M","M","$","M","M","R","E","$","T","M","?","R","?","M","R","BOSS"],"build_version":"2018-11-15","purchased_purges":1,"victory":false,"max_hp_per_floor":[70,70,70,70,70,70,70,70,70,70,70,70,70,70,70,70],"card_choices":[{"not_picked":["Dagger Throw","Sucker Punch"],"picked":"Well Laid Plans","floor":1},{"not_picked":["Deadly Poison","Acrobatics"],"picked":"Deflect","floor":2},{"not_picked":["Crippling Poison","Sucker Punch"],"picked":"Deflect","floor":4},{"not_picked":["Finisher","Poisoned Stab","Prepared"],"picked":"SKIP","floor":5},{"not_picked":["Heel Hook","Deadly Poison"],"picked":"Backflip","floor":7},{"not_picked":["Slice","Catalyst","PiercingWail"],"picked":"Footwork","floor":10},{"not_picked":["Bane","Choke","Underhanded Strike","Doppelganger"],"picked":"SKIP","floor":14}],"player_experience":94933,"relics_obtained":[{"floor":7,"key":"Ornamental Fan"},{"floor":9,"key":"Question Card"}],"event_choices":[{"damage_healed":0,"gold_gain":0,"player_choice":"Success","damage_taken":12,"relics_obtained":["Letter Opener"],"max_hp_gain":0,"max_hp_loss":0,"event_name":"Scrap Ooze","floor":11,"gold_loss":0},{"damage_healed":0,"gold_gain":0,"player_choice":"Got Potions","damage_taken":0,"max_hp_gain":0,"max_hp_loss":0,"event_name":"Lab","floor":13,"gold_loss":0}],"is_beta":false,"boss_relics":[],"items_purged_floors":[3],"is_endless":false,"potions_floor_spawned":[1,2,7],"killed_by":"Slime Boss","ascension_level":1}