{"gold_per_floor":[114,128,128,146,162,192,192,192,192,192,118,83,108,122,122,122],"floor_reached":16,"playtime":765,"items_purged":[],"score":102,"play_id":"0ba2cc7e-7dde-485f-bcd4-d168ee2e84d2","local_time":"20190324144140","is_ascension_mode":false,"campfire_choices":[{"floor":7.0,"key":"REST"},{"floor":10.0,"key":"REST"},{"data":"Uppercut","floor":15.0,"key":"SMITH"}],"neow_cost":"NONE","seed_source_timestamp":395903135859257,"circlet_count":0,"master_deck":["Strike_R","Strike_R","Strike_R","Strike_R","Defend_R","Defend_R","Defend_R","Defend_R","Bash","Armaments","Pommel Strike","Shrug It Off","Flame Barrier","Clothesline","Uppercut+1","Headbutt"],"special_seed":0,"relics":["Burning Blood","Potion Belt","Mummified Hand","Golden Idol","Frozen Egg 2"],"potions_floor_usage":[],"damage_taken":[{"damage":0.0,"enemies":"Jaw Worm","floor":1.0,"turns":5.0},{"damage":2.0,"enemies":"Small Slimes","floor":2.0,"turns":4.0},{"damage":1.0,"enemies":"2 Louse","floor":4.0,"turns":3.0},{"damage":3.0,"enemies":"Large Slime","floor":5.0,"turns":8.0},{"damage":57.0,"enemies":"Gremlin Nob","floor":6.0,"turns":6.0},{"damage":2.0,"enemies":"Blue Slaver","floor":13.0,"turns":4.0},{"damage":33.0,"enemies":"Exordium Wildlife","floor":14.0,"turns":7.0},{"damage":53,"enemies":"Hexaghost","floor":16,"turns":14}],"seed_played":"4722541222691440127","potions_obtained":[{"floor":2.0,"key":"PowerPotion"},{"floor":5.0,"key":"PowerPotion"}],"is_trial":false,"path_per_floor":["M","M","?","M","M","E","R","?","T","R","$","?","M","M","R","B"],"character_chosen":"IRONCLAD","items_purchased":["Uppercut"],"campfire_rested":2,"item_purchase_floors":[11],"current_hp_per_floor":[80,80,68,73,76,25,49,29,29,53,53,73,77,50,50,0],"gold":122,"neow_bonus":"REMOVE_CARD","is_prod":false,"is_daily":false,"chose_seed":false,"campfire_upgraded":1,"win_rate":0,"timestamp":1553434900,"path_taken":["M","M","?","M","M","E","R","?","T","R","?","?","M","M","R","BOSS"],"build_version":"2019-01-23","purchased_purges":0,"victory":false,"max_hp_per_floor":[80,80,80,80,80,80,80,80,80,80,80,80,80,80,80,80],"card_choices":[{"not_picked":["Perfected Strike","Pummel"],"picked":"Armaments","floor":1.0},{"not_picked":["Warcry","Flex"],"picked":"Pommel Strike","floor":2.0},{"not_picked":["Rage","Second Wind"],"picked":"Shrug It Off","floor":4.0},{"not_picked":["Clash","Shrug It Off"],"picked":"Flame Barrier","floor":5.0},{"not_picked":["Flex","Combust"],"picked":"Clothesline","floor":6.0},{"not_picked":["Burning Pact","Second Wind","Hemokinesis"],"picked":"SKIP","floor":13.0},{"not_picked":["Thunderclap","True Grit"],"picked":"Headbutt","floor":14.0}],"player_experience":397457,"relics_obtained":[{"floor":6.0,"key":"Mummified Hand"},{"floor":9.0,"key":"Frozen Egg 2"}],"event_choices":[{"damage_healed":0.0,"max_hp_gain":0.0,"max_hp_loss":0.0,"gold_gain":0.0,"event_name":"Scrap Ooze","player_choice":"Success","floor":3.0,"gold_loss":0.0,"damage_taken":12.0,"relics_obtained":["Potion Belt"]},{"damage_healed":0.0,"max_hp_gain":0.0,"max_hp_loss":0.0,"gold_gain":0.0,"event_name":"Golden Idol","player_choice":"Take Damage","floor":8.0,"gold_loss":0.0,"damage_taken":20.0,"relics_obtained":["Golden Idol"]},{"damage_healed":20.0,"max_hp_gain":0.0,"max_hp_loss":0.0,"gold_gain":0.0,"event_name":"The Cleric","player_choice":"Healed","floor":12.0,"gold_loss":35.0,"damage_taken":0.0}],"is_beta":false,"boss_relics":[],"items_purged_floors":[],"is_endless":false,"potions_floor_spawned":[2,5],"killed_by":"Hexaghost","ascension_level":0}