{"gold_per_floor":[119,139,155,174,6,6,6,6,6,25,55,55,71,92,92,194,194,207,225,225],"floor_reached":20,"playtime":524,"items_purged":[],"score":166,"play_id":"10270cfd-a248-46e4-bcc3-f4cf81e38227","local_time":"20190319171159","is_ascension_mode":false,"campfire_choices":[{"data":"Cleave","floor":6.0,"key":"SMITH"},{"data":"Perfected Strike","floor":15.0,"key":"SMITH"}],"neow_cost":"NONE","seed_source_timestamp":0,"circlet_count":0,"master_deck":["Strike_R","Strike_R","Strike_R","Strike_R","Strike_R","Defend_R","Defend_R","Defend_R","Defend_R","Bash","Shrug It Off","Flex","Cleave+1","Pommel Strike","Heavy Blade","Metallicize","Perfected Strike+1","Feed","Dropkick","Uppercut"],"special_seed":0,"relics":["Burning Blood","Lantern","Charon\u0027s Ashes","Ice Cream","Toxic Egg 2","Odd Mushroom","Lizard Tail"],"potions_floor_usage":[],"damage_taken":[{"damage":6.0,"enemies":"Cultist","floor":1.0,"turns":4.0},{"damage":5.0,"enemies":"2 Louse","floor":2.0,"turns":3.0},{"damage":7.0,"enemies":"Jaw Worm","floor":3.0,"turns":5.0},{"damage":11.0,"enemies":"Blue Slaver","floor":4.0,"turns":4.0},{"damage":0.0,"enemies":"Looter","floor":10.0,"turns":2.0},{"damage":0.0,"enemies":"2 Fungi Beasts","floor":13.0,"turns":3.0},{"damage":8.0,"enemies":"The Mushroom Lair","floor":14.0,"turns":3.0},{"damage":45.0,"enemies":"Slime Boss","floor":16.0,"turns":11.0},{"damage":18.0,"enemies":"3 Byrds","floor":18.0,"turns":5.0},{"damage":9.0,"enemies":"Chosen","floor":19.0,"turns":5.0},{"damage":7,"enemies":"Shelled Parasite and Fungi","floor":20,"turns":1}],"seed_played":"5389513120996936076","potions_obtained":[{"floor":1.0,"key":"AttackPotion"},{"floor":2.0,"key":"SteroidPotion"},{"floor":3.0,"key":"SpeedPotion"},{"floor":16.0,"key":"SneckoOil"}],"is_trial":false,"path_per_floor":["M","M","M","M","$","R","?","?","T","M","?","T","M","?","R","B",null,"M","M","M"],"character_chosen":"IRONCLAD","items_purchased":["Pommel Strike","Lantern"],"campfire_rested":0,"item_purchase_floors":[5,5],"current_hp_per_floor":[88,88,87,82,82,82,79,79,79,85,85,85,88,86,86,47,88,79,76,69],"gold":225,"neow_bonus":"TEN_PERCENT_HP_BONUS","is_prod":false,"is_daily":false,"chose_seed":false,"campfire_upgraded":2,"win_rate":0,"timestamp":1553011919,"path_taken":["M","M","M","M","?","R","?","?","T","?","?","?","M","?","R","BOSS","M","M","M"],"build_version":"2019-01-23","purchased_purges":0,"victory":false,"max_hp_per_floor":[88,88,88,88,88,88,88,88,88,88,88,88,88,88,88,88,88,91,91,91],"card_choices":[{"not_picked":["Bloodletting","Clash"],"picked":"Shrug It Off","floor":1.0},{"not_picked":["Feel No Pain","Havoc","Warcry"],"picked":"SKIP","floor":2.0},{"not_picked":["Evolve","Corruption"],"picked":"Flex","floor":3.0},{"not_picked":["Shrug It Off","Iron Wave"],"picked":"Cleave","floor":4.0},{"not_picked":["True Grit","Body Slam"],"picked":"Heavy Blade","floor":10.0},{"not_picked":["Heavy Blade","Body Slam"],"picked":"Metallicize","floor":13.0},{"not_picked":["Flame Barrier+1","Warcry+1"],"picked":"Perfected Strike","floor":14.0},{"not_picked":["Juggernaut","Double Tap+1"],"picked":"Feed","floor":16.0},{"not_picked":["Corruption","Clash+1"],"picked":"Dropkick","floor":18.0},{"not_picked":["Iron Wave","Warcry+1"],"picked":"Uppercut","floor":19.0}],"player_experience":322892,"relics_obtained":[{"floor":9.0,"key":"Ice Cream"},{"floor":12.0,"key":"Toxic Egg 2"},{"floor":14.0,"key":"Odd Mushroom"}],"event_choices":[{"damage_healed":0.0,"max_hp_gain":0.0,"max_hp_loss":0.0,"gold_gain":0.0,"event_name":"Scrap Ooze","player_choice":"Success","floor":7.0,"gold_loss":0.0,"damage_taken":3.0,"relics_obtained":["Charon\u0027s Ashes"]},{"damage_healed":0.0,"max_hp_gain":0.0,"max_hp_loss":0.0,"gold_gain":0.0,"event_name":"The Cleric","player_choice":"Leave","floor":8.0,"gold_loss":0.0,"damage_taken":0.0},{"damage_healed":0.0,"max_hp_gain":0.0,"max_hp_loss":0.0,"gold_gain":30.0,"event_name":"Dead Adventurer","player_choice":"Searched \u00271\u0027 times","floor":11.0,"gold_loss":0.0,"damage_taken":0.0},{"damage_healed":0.0,"max_hp_gain":0.0,"max_hp_loss":0.0,"gold_gain":0.0,"event_name":"Mushrooms","player_choice":"Fought Mushrooms","floor":14.0,"gold_loss":0.0,"damage_taken":0.0}],"is_beta":false,"boss_relics":[{"not_picked":["Snecko Eye","Coffee Dripper"],"picked":"Lizard Tail"}],"items_purged_floors":[],"is_endless":false,"potions_floor_spawned":[1,2,3,16],"killed_by":"Shelled Parasite and Fungi","ascension_level":0}