{"gold_per_floor":[114,129,129,129,144,174,174,204,254,281,258,48,78,93,93,193,193,208,208,208,208,208,208,238,238,288,318,343,373,373,403,403,503,503,518,243,243,15,30,60,60,75,125,155,170,200,215,215,215,215],"floor_reached":51,"playtime":5703,"items_purged":["Regret"],"score":952,"play_id":"b4ee0164-c892-406f-816c-d1834ceced4f","local_time":"20181014184858","daily_mods":["Draft","Green Cards","Elite Swarm"],"is_ascension_mode":false,"campfire_choices":[{"data":"Envenom","floor":7.0,"key":"SMITH"},{"data":"Adrenaline","floor":15,"key":"SMITH"},{"data":"Seek","floor":23,"key":"SMITH"},{"data":"Reboot","floor":25,"key":"SMITH"},{"floor":30,"key":"REST"},{"floor":32,"key":"REST"},{"floor":41,"key":"REST"},{"floor":49,"key":"REST"}],"neow_cost":"","seed_source_timestamp":0,"circlet_count":0,"master_deck":["Dagger Throw","White Noise+1","Rebound","Blade Dance","PiercingWail","Quick Slash","Steam","Ball Lightning","Blade Dance","White Noise","Ball Lightning","Streamline","Coolheaded+1","Flying Knee","Genetic Algorithm","Streamline","Fusion","Poisoned Stab","Envenom+1","Adrenaline+1","Bane","Die Die Die","Seek+1","Amplify","Flying Knee","Caltrops","Reboot+1","Decay","Reboot","Machine Learning","Adrenaline","Outmaneuver+1","Aggregate","Quick Slash+1","Burst","Pain","Corpse Explosion","Backflip+1","Jack Of All Trades","Flash of Steel","Trip"],"special_seed":17818,"relics":["Cracked Core","Ancient Tea Set","Singing Bowl","Regal Pillow","MawBank","War Paint","DataDisk","Cursed Key","Pen Nib","Boot","Strawberry","Bottled Lightning","PreservedInsect","Blue Candle","Bag of Preparation","White Beast Statue","Sling","Anchor","Question Card","Potion Belt","Matryoshka","Dodecahedron"],"potions_floor_usage":[16,24,24,33,33,40,42,45,46,50,50,50],"damage_taken":[{"damage":0.0,"enemies":"2 Louse","floor":1.0,"turns":2.0},{"damage":5.0,"enemies":"Jaw Worm","floor":2.0,"turns":2.0},{"damage":0.0,"enemies":"Small Slimes","floor":5.0,"turns":2.0},{"damage":12.0,"enemies":"3 Sentries","floor":6.0,"turns":5.0},{"damage":12.0,"enemies":"Lagavulin","floor":8.0,"turns":4.0},{"damage":0.0,"enemies":"2 Fungi Beasts","floor":10.0,"turns":2.0},{"damage":6.0,"enemies":"3 Sentries","floor":13.0,"turns":4.0},{"damage":0,"enemies":"Looter","floor":14,"turns":2},{"damage":0,"enemies":"Slime Boss","floor":16,"turns":4},{"damage":0,"enemies":"3 Byrds","floor":18,"turns":4},{"damage":15,"enemies":"Book of Stabbing","floor":24,"turns":4},{"damage":9,"enemies":"Gremlin Leader","floor":27,"turns":4},{"damage":21,"enemies":"Book of Stabbing","floor":29,"turns":3},{"damage":11,"enemies":"Slavers","floor":31,"turns":4},{"damage":42,"enemies":"Collector","floor":33,"turns":5},{"damage":15,"enemies":"3 Shapes","floor":35,"turns":4},{"damage":5,"enemies":"Orb Walker","floor":39,"turns":3},{"damage":0,"enemies":"2 Orb Walkers","floor":40,"turns":2},{"damage":0,"enemies":"3 Darklings","floor":42,"turns":3},{"damage":11,"enemies":"Giant Head","floor":44,"turns":5},{"damage":2,"enemies":"Reptomancer","floor":45,"turns":2},{"damage":1,"enemies":"2 Orb Walkers","floor":46,"turns":2},{"damage":2,"enemies":"Maw","floor":47,"turns":5},{"damage":36,"enemies":"Donu and Deca","floor":50,"turns":4}],"seed_played":"8003308014887678719","potions_obtained":[{"floor":2.0,"key":"Explosive Potion"},{"floor":6.0,"key":"Strength Potion"},{"floor":13,"key":"GamblersBrew"},{"floor":14,"key":"Weak Potion"},{"floor":24,"key":"SpeedPotion"},{"floor":27,"key":"GamblersBrew"},{"floor":31,"key":"Energy Potion"},{"floor":35,"key":"FearPotion"},{"floor":39,"key":"Regen Potion"},{"floor":40,"key":"SkillPotion"},{"floor":42,"key":"AttackPotion"},{"floor":44,"key":"AttackPotion"},{"floor":45,"key":"LiquidBronze"},{"floor":46,"key":"Dexterity Potion"},{"floor":47,"key":"GamblersBrew"}],"is_trial":false,"path_per_floor":["M","M","?","?","M","E","R","E","T","M","?","$","E","M","R","B",null,"M","?","?","?","?","R","E","R","T","E","T","E","R","E","R","B",null,"M","$","?","$","M","E","R","M","T","E","M","E","M","?","R","B"],"character_chosen":"DEFECT","items_purchased":["War Paint","Die Die Die","Sling","Aggregate","Anchor"],"campfire_rested":4,"item_purchase_floors":[12,12,36,38,38],"current_hp_per_floor":[75,70,58,75,75,63,63,51,51,51,69,69,63,65,65,65,77,77,77,77,77,77,77,62,62,69,60,60,39,79,68,84,44,86,71,71,71,71,66,66,86,88,88,77,77,78,76,66,92,65],"gold":215,"neow_bonus":"","is_prod":false,"is_daily":true,"chose_seed":false,"campfire_upgraded":4,"win_rate":0.0,"timestamp":1539535738,"path_taken":["M","M","?","?","M","E","R","E","T","?","?","?","E","?","R","BOSS","M","?","?","?","?","R","E","R","T","E","?","E","R","E","R","BOSS","M","$","?","$","M","E","R","M","T","E","M","E","M","?","R","BOSS"],"build_version":"2018-10-11","purchased_purges":1,"victory":true,"max_hp_per_floor":[75,75,75,75,75,75,75,75,75,75,75,75,75,77,77,77,77,77,77,77,77,77,77,77,77,84,84,84,84,84,84,84,86,86,86,86,86,86,86,86,86,88,88,88,90,92,92,92,92,92],"card_choices":[{"not_picked":["Scrape","Slice"],"picked":"Dagger Throw","floor":0.0},{"not_picked":["Sunder","Quick Slash"],"picked":"White Noise","floor":0.0},{"not_picked":["Blizzard","Caltrops"],"picked":"Rebound","floor":0.0},{"not_picked":["Outmaneuver","Loop"],"picked":"Blade Dance","floor":0.0},{"not_picked":["Redo","Reprogram"],"picked":"PiercingWail","floor":0.0},{"not_picked":["Compile Driver","Cold Snap"],"picked":"Quick Slash","floor":0.0},{"not_picked":["Slice","Barrage"],"picked":"Steam","floor":0.0},{"not_picked":["Blur","PiercingWail"],"picked":"Ball Lightning","floor":0.0},{"not_picked":["Bane","Heatsinks"],"picked":"Blade Dance","floor":0.0},{"not_picked":["Concentrate","Compile Driver"],"picked":"White Noise","floor":0.0},{"not_picked":["Aggregate","Outmaneuver"],"picked":"Ball Lightning","floor":0.0},{"not_picked":["Self Repair","Fusion"],"picked":"Streamline","floor":0.0},{"not_picked":["Endless Agony","Turbo"],"picked":"Coolheaded","floor":0.0},{"not_picked":["Backstab","Leap"],"picked":"Flying Knee","floor":0.0},{"not_picked":["Bane","Quick Slash"],"picked":"Genetic Algorithm","floor":0.0},{"not_picked":["Footwork","Outmaneuver"],"picked":"Streamline","floor":1.0},{"not_picked":["Dodge and Roll","Capacitor"],"picked":"Fusion","floor":2.0},{"not_picked":["Slice","BootSequence"],"picked":"Poisoned Stab","floor":5.0},{"not_picked":["Wraith Form v2","Burst"],"picked":"Envenom","floor":6.0},{"not_picked":["Creative AI","Doppelganger"],"picked":"Adrenaline","floor":8.0},{"not_picked":["Leap","Beam Cell"],"picked":"Bane","floor":10.0},{"not_picked":["Creative AI","Wraith Form v2"],"picked":"Seek","floor":13},{"not_picked":["Leg Sweep","Slice","Skewer"],"picked":"Singing Bowl","floor":14},{"not_picked":["Machine Learning","A Thousand Cuts"],"picked":"Amplify","floor":16},{"not_picked":["Streamline","Beam Cell+1"],"picked":"Flying Knee","floor":18},{"not_picked":["Multi-Cast","Die Die Die"],"picked":"Reboot","floor":24},{"not_picked":["Echo Form","Venomology"],"picked":"Reboot","floor":27},{"not_picked":["Storm of Steel","Doppelganger"],"picked":"Machine Learning","floor":29},{"not_picked":["Thunder Strike","Venomology"],"picked":"Adrenaline","floor":31},{"not_picked":["Glass Knife","Wraith Form v2","Venomology"],"picked":"Singing Bowl","floor":33},{"not_picked":["Hologram+1","Hello World+1"],"picked":"Outmaneuver+1","floor":35},{"not_picked":["Envenom","Deadly Poison+1"],"picked":"Quick Slash+1","floor":39},{"not_picked":["A Thousand Cuts","Corpse Explosion"],"picked":"Burst","floor":40},{"not_picked":["Barrage+1","Cloak And Dagger","Undo","Steam Power"],"picked":"Singing Bowl","floor":42},{"not_picked":["Buffer","Biased Cognition","Fission"],"picked":"Corpse Explosion","floor":44},{"not_picked":["Blade Dance+1","Calculated Gamble+1","Cold Snap","Sucker Punch+1"],"picked":"Singing Bowl","floor":45},{"not_picked":["Core Surge","Corpse Explosion","Electrodynamics","Hyperbeam"],"picked":"Singing Bowl","floor":46},{"not_picked":["Go for the Eyes+1","Barrage+1","Outmaneuver+1"],"picked":"Backflip+1","floor":47},{"not_picked":["Magnetism","Thinking Ahead","Forethought"],"picked":"Jack Of All Trades","floor":48},{"not_picked":["Jack Of All Trades","The Bomb","Forethought"],"picked":"Flash of Steel","floor":48},{"not_picked":["Blind","Mind Blast","PanicButton"],"picked":"Trip","floor":48}],"player_experience":235549,"relics_obtained":[{"floor":6.0,"key":"Singing Bowl"},{"floor":8.0,"key":"Regal Pillow"},{"floor":9.0,"key":"MawBank"},{"floor":13,"key":"DataDisk"},{"floor":24,"key":"Boot"},{"floor":26,"key":"Strawberry"},{"floor":27,"key":"Bottled Lightning"},{"floor":28,"key":"PreservedInsect"},{"floor":29,"key":"Blue Candle"},{"floor":31,"key":"Bag of Preparation"},{"floor":40,"key":"Question Card"},{"floor":43,"key":"Potion Belt"},{"floor":44,"key":"Matryoshka"},{"floor":46,"key":"Dodecahedron"}],"event_choices":[{"event_name":"Scrap Ooze","player_choice":"success","floor":3.0,"damage_taken":12.0},{"event_name":"Big Fish","player_choice":"Banana","floor":4.0,"damage_taken":0.0},{"event_name":"The Cleric","player_choice":"Healed","floor":11.0,"damage_taken":0.0},{"event_name":"The Library","player_choice":"Read","floor":19,"damage_taken":0},{"event_name":"The Mausoleum","player_choice":"Yes","floor":20,"damage_taken":0},{"event_name":"Ghosts","player_choice":"Ignored","floor":21,"damage_taken":0},{"event_name":"Back to Basics","player_choice":"Elegance","floor":22,"damage_taken":0},{"event_name":"Tomb of Lord Red Mask","player_choice":"Ignored","floor":37,"damage_taken":0},{"event_name":"SensoryStone","player_choice":"Memory 3","floor":48,"damage_taken":0}],"is_beta":false,"boss_relics":[{"not_picked":["Eternal Feather","Fusion Hammer"],"picked":"Cursed Key"},{"not_picked":["Calling Bell","Lizard Tail"],"picked":"White Beast Statue"}],"items_purged_floors":[36],"is_endless":false,"potions_floor_spawned":[2,6,13,14,24,27,31,35,39,40,42,44,45,46,47],"ascension_level":0}