{"gold_per_floor":[110,128,138,313,17,17,29,39,39,56,56,56,71,0,0,95,95,114,134,154,165,165,200,200,200,249,249,21,21,37,50,50,145,145,164,164],"floor_reached":36,"playtime":2862,"items_purged":[],"score":428,"play_id":"b1a070bd-3aaf-4021-84fb-1418b8b31cfa","local_time":"20181222104251","is_ascension_mode":false,"campfire_choices":[{"data":"Poisoned Stab","floor":6,"key":"SMITH"},{"data":"Leg Sweep","floor":12,"key":"SMITH"},{"data":"Adrenaline","floor":15,"key":"SMITH"},{"data":"Bouncing Flask","floor":24,"key":"SMITH"},{"floor":27,"key":"REST"},{"data":"Noxious Fumes","floor":29,"key":"SMITH"},{"data":"Crippling Poison","floor":32,"key":"SMITH"}],"neow_cost":"NONE","seed_source_timestamp":63906599142232,"circlet_count":0,"master_deck":["Defend_G","Defend_G","Defend_G","Defend_G","Defend_G+1","Survivor","Neutralize","Outmaneuver+1","Poisoned Stab","PiercingWail","Doubt","Poisoned Stab+1","Bouncing Flask+1","Deadly Poison+1","Leg Sweep+1","Blur","Adrenaline+1","Phantasmal Killer","Sucker Punch+1","Escape Plan+1","Dodge and Roll+1","Slice","Flying Knee","Slice","Bane","Bite","Bite","Bite","Bite","Bite","Heel Hook+1","Noxious Fumes+1","Deadly Poison","Crippling Poison+1","Corpse Explosion","Poisoned Stab+1"],"relics":["Ring of the Snake","Mercury Hourglass","Mummified Hand","Astrolabe","War Paint","Lantern","Snake Skull","Velvet Choker"],"potions_floor_usage":[16,16],"damage_taken":[{"damage":0,"enemies":"Jaw Worm","floor":1,"turns":5},{"damage":2,"enemies":"Small Slimes","floor":2,"turns":4},{"damage":2,"enemies":"Cultist","floor":3,"turns":4},{"damage":3,"enemies":"3 Louse","floor":7,"turns":4},{"damage":0,"enemies":"Large Slime","floor":8,"turns":4},{"damage":20,"enemies":"Exordium Thugs","floor":10,"turns":5},{"damage":6,"enemies":"Exordium Wildlife","floor":13,"turns":5},{"damage":10,"enemies":"Hexaghost","floor":16,"turns":8},{"damage":1,"enemies":"Chosen","floor":18,"turns":5},{"damage":14,"enemies":"2 Thieves","floor":19,"turns":5},{"damage":0,"enemies":"Snake Plant","floor":20,"turns":4},{"damage":13,"enemies":"3 Cultists","floor":21,"turns":5},{"damage":38,"enemies":"Gremlin Leader","floor":23,"turns":6},{"damage":0,"enemies":"Chosen and Byrds","floor":30,"turns":4},{"damage":10,"enemies":"Centurion and Healer","floor":31,"turns":5},{"damage":41,"enemies":"Collector","floor":33,"turns":8},{"damage":23,"enemies":"3 Darklings","floor":35,"turns":3},{"damage":46,"enemies":"2 Orb Walkers","floor":36,"turns":3}],"seed_played":"-7335618853793295111","potions_obtained":[{"floor":1,"key":"SkillPotion"},{"floor":8,"key":"Dexterity Potion"},{"floor":10,"key":"Swift Potion"},{"floor":13,"key":"EssenceOfSteel"},{"floor":18,"key":"FearPotion"},{"floor":19,"key":"FairyPotion"}],"is_trial":false,"path_per_floor":["M","M","M","?","$","R","M","M","T","M","?","R","M","$","R","B",null,"M","M","M","M","?","E","R","?","T","R","$","R","M","M","R","B",null,"M","?"],"character_chosen":"THE_SILENT","items_purchased":["Poisoned Stab","Mercury Hourglass","Adrenaline","Snake Skull","Noxious Fumes"],"campfire_rested":1,"item_purchase_floors":[5,5,14,28,28],"current_hp_per_floor":[77,75,73,73,73,73,70,70,70,50,50,50,44,44,44,34,77,76,62,62,49,49,17,17,17,17,32,32,32,40,38,38,5,53,30,0],"gold":164,"neow_bonus":"TEN_PERCENT_HP_BONUS","is_prod":false,"is_daily":false,"chose_seed":false,"campfire_upgraded":6,"win_rate":0.0,"timestamp":1545471771,"path_taken":["M","M","M","?","$","R","M","M","T","M","?","R","M","$","R","BOSS","M","?","M","M","?","E","R","?","T","R","$","R","?","M","R","BOSS","M","?"],"build_version":"2018-12-20","purchased_purges":0,"victory":false,"max_hp_per_floor":[77,77,77,77,77,77,77,77,77,77,77,77,77,77,77,77,77,77,77,77,77,53,53,53,53,53,53,53,53,53,53,53,53,53,53,53],"card_choices":[{"not_picked":["Riddle With Holes","Quick Slash"],"picked":"Outmaneuver","floor":1},{"not_picked":["Flying Knee","Deadly Poison"],"picked":"Poisoned Stab","floor":2},{"not_picked":["Backflip","Doppelganger"],"picked":"PiercingWail","floor":3},{"not_picked":["Escape Plan","Dagger Throw"],"picked":"Bouncing Flask","floor":7},{"not_picked":["All Out Attack","Dagger Spray"],"picked":"Deadly Poison","floor":8},{"not_picked":["PiercingWail","Bouncing Flask"],"picked":"Leg Sweep","floor":10},{"not_picked":["Backstab","Masterful Stab"],"picked":"Blur","floor":13},{"not_picked":["After Image","Malaise"],"picked":"Phantasmal Killer","floor":16},{"not_picked":["Prepared","Quick Slash"],"picked":"Slice","floor":18},{"not_picked":["Calculated Gamble","Finisher+1"],"picked":"Flying Knee","floor":19},{"not_picked":["Leg Sweep","Dash"],"picked":"Slice","floor":20},{"not_picked":["Sucker Punch+1","Dagger Throw"],"picked":"Bane","floor":21},{"not_picked":["Quick Slash","Deflect"],"picked":"Heel Hook+1","floor":23},{"not_picked":["Dagger Throw","Prepared+1"],"picked":"Deadly Poison","floor":30},{"not_picked":["Underhanded Strike","Deflect+1"],"picked":"Crippling Poison","floor":31},{"not_picked":["After Image","Tools of the Trade"],"picked":"Corpse Explosion","floor":33},{"not_picked":["Quick Slash","Backflip"],"picked":"Poisoned Stab+1","floor":35}],"player_experience":24383,"relics_obtained":[{"floor":9,"key":"Mummified Hand"},{"floor":23,"key":"War Paint"},{"floor":26,"key":"Lantern"}],"event_choices":[{"damage_healed":0,"gold_gain":175,"player_choice":"AGREE","damage_taken":0,"max_hp_gain":0,"max_hp_loss":0,"event_name":"Liars Game","floor":4,"gold_loss":0,"cards_obtained":["Doubt"]},{"damage_healed":0,"gold_gain":0,"player_choice":"Upgraded","damage_taken":0,"max_hp_gain":0,"max_hp_loss":0,"event_name":"Upgrade Shrine","floor":11,"gold_loss":0,"cards_upgraded":["Deadly Poison"]},{"damage_healed":0,"gold_gain":0,"player_choice":"Became a vampire","damage_taken":0,"max_hp_gain":0,"max_hp_loss":24,"event_name":"Vampires","floor":22,"gold_loss":0,"cards_obtained":["Bite","Bite","Bite","Bite","Bite"]},{"damage_healed":0,"gold_gain":0,"player_choice":"Ignored","damage_taken":0,"max_hp_gain":0,"max_hp_loss":0,"event_name":"NoteForYourself","floor":25,"gold_loss":0},{"damage_healed":0,"gold_gain":0,"player_choice":"Fight","damage_taken":0,"max_hp_gain":0,"max_hp_loss":0,"event_name":"Mysterious Sphere","floor":36,"gold_loss":0}],"is_beta":false,"boss_relics":[{"not_picked":["Snecko Eye","Runic Pyramid"],"picked":"Astrolabe"},{"not_picked":["HoveringKite","Black Star"],"picked":"Velvet Choker"}],"items_purged_floors":[],"is_endless":false,"potions_floor_spawned":[1,8,10,13,18,19,20,30],"killed_by":"2 Orb Walkers","ascension_level":0}