{"gold_per_floor":[119,119,133,143,160,189,189,139,139,139,153,78,78,89,89,187,187,197,197,197,212,127,127,145,145,145,174,184,184,35,45,45,140,140,160,178,197,214,230,230,230,230,230,230,245,245,258,271,271,271],"floor_reached":50,"playtime":2163,"items_purged":["Regret"],"score":493,"play_id":"55e6704f-64d6-42f3-9ee4-500070042b11","local_time":"20190323195357","is_ascension_mode":false,"campfire_choices":[{"floor":7,"key":"REST"},{"data":"Catalyst","floor":15,"key":"SMITH"},{"floor":23,"key":"REST"},{"data":"Poisoned Stab","floor":25,"key":"SMITH"},{"floor":29,"key":"REST"},{"floor":32,"key":"REST"},{"floor":40,"key":"REST"},{"floor":42,"key":"REST"},{"data":"Catalyst","floor":44,"key":"SMITH"},{"floor":49,"key":"REST"}],"neow_cost":"NONE","seed_source_timestamp":327014318786363,"circlet_count":0,"master_deck":["Defend_G","Defend_G","Defend_G","Defend_G","Defend_G","Strike_G","Strike_G","Strike_G","Strike_G","Strike_G","Survivor","Neutralize","Deadly Poison","Neutralize","Crippling Poison","Dagger Throw","Poisoned Stab+1","Catalyst+1","Flying Knee","Deadly Poison","Deadly Poison","Bullet Time","Caltrops","Dagger Throw","Catalyst+1","Caltrops+1","Burst","Quick Slash+1","Writhe","Noxious Fumes+1","Madness","Madness"],"relics":["Ring of the Snake","Ancient Tea Set","Mummified Hand","Gremlin Horn","Strawberry","Cursed Key","Unceasing Top","Orichalcum","Bag of Marbles","Eternal Feather","Frozen Egg 2"],"potions_floor_usage":[14,21,27,27,35,39,48],"damage_taken":[{"damage":0,"enemies":"2 Louse","floor":1,"turns":3},{"damage":0,"enemies":"Cultist","floor":3,"turns":4},{"damage":0,"enemies":"Small Slimes","floor":4,"turns":2},{"damage":1,"enemies":"2 Fungi Beasts","floor":5,"turns":4},{"damage":11,"enemies":"Gremlin Nob","floor":6,"turns":4},{"damage":0,"enemies":"Exordium Thugs","floor":11,"turns":3},{"damage":0,"enemies":"3 Louse","floor":14,"turns":1},{"damage":61,"enemies":"Slime Boss","floor":16,"turns":11},{"damage":10,"enemies":"Shell Parasite","floor":18,"turns":4},{"damage":7,"enemies":"2 Thieves","floor":21,"turns":4},{"damage":0,"enemies":"Centurion and Healer","floor":24,"turns":4},{"damage":32,"enemies":"Gremlin Leader","floor":27,"turns":6},{"damage":7,"enemies":"Cultist and Chosen","floor":28,"turns":5},{"damage":5,"enemies":"Snecko","floor":31,"turns":4},{"damage":69,"enemies":"Automaton","floor":33,"turns":10},{"damage":0,"enemies":"3 Shapes","floor":35,"turns":3},{"damage":15,"enemies":"Orb Walker","floor":36,"turns":4},{"damage":16,"enemies":"Writhing Mass","floor":37,"turns":4},{"damage":24,"enemies":"4 Shapes","floor":38,"turns":5},{"damage":27,"enemies":"Maw","floor":39,"turns":6},{"damage":18,"enemies":"Spire Growth","floor":45,"turns":3},{"damage":29,"enemies":"Jaw Worm Horde","floor":47,"turns":5},{"damage":13,"enemies":"3 Darklings","floor":48,"turns":5},{"damage":55,"enemies":"Awakened One","floor":50,"turns":4}],"seed_played":"6994100630573480855","potions_obtained":[{"floor":1,"key":"FearPotion"},{"floor":6,"key":"Explosive Potion"},{"floor":11,"key":"SteroidPotion"},{"floor":16,"key":"SkillPotion"},{"floor":21,"key":"PowerPotion"},{"floor":33,"key":"Explosive Potion"},{"floor":38,"key":"Regen Potion"},{"floor":45,"key":"SteroidPotion"}],"is_trial":false,"path_per_floor":["M","?","M","M","M","E","R","$","T","?","M","$","?","M","R","B",null,"M","?","?","M","?","R","M","R","T","E","M","R","$","M","R","B",null,"M","M","M","M","M","R","?","R","T","R","M","?","M","M","R","B"],"character_chosen":"THE_SILENT","items_purchased":["Flying Knee","Bag of Marbles"],"campfire_rested":7,"item_purchase_floors":[8,30],"current_hp_per_floor":[70,70,70,70,69,58,70,70,70,77,77,77,77,77,77,16,77,67,67,53,46,46,70,70,70,70,38,31,55,55,50,74,5,82,82,67,51,27,9,48,48,79,79,79,61,51,22,9,50,0],"gold":271,"neow_bonus":"RANDOM_COMMON_RELIC","is_prod":false,"is_daily":false,"chose_seed":false,"campfire_upgraded":3,"win_rate":0.0,"timestamp":1553367237,"path_taken":["M","?","M","?","M","E","R","?","T","?","M","$","?","M","R","BOSS","M","?","?","M","?","R","M","R","T","E","M","R","$","M","R","BOSS","M","M","M","M","M","R","?","R","T","R","?","?","M","M","R","BOSS"],"build_version":"2019-01-23","purchased_purges":1,"victory":false,"max_hp_per_floor":[70,70,70,70,70,70,70,70,70,77,77,77,77,77,77,77,77,77,77,82,82,82,82,82,82,82,82,82,82,82,82,82,82,82,82,82,82,82,82,82,79,79,79,79,79,79,79,79,79,79],"card_choices":[{"not_picked":["Expertise","Skewer"],"picked":"Deadly Poison","floor":1},{"not_picked":["Acrobatics","Setup"],"picked":"Crippling Poison","floor":3},{"not_picked":["Sucker Punch","PiercingWail"],"picked":"Dagger Throw","floor":4},{"not_picked":["Slice","Bane"],"picked":"Poisoned Stab","floor":5},{"not_picked":["Outmaneuver","Calculated Gamble"],"picked":"Catalyst","floor":6},{"not_picked":["Dagger Spray","PiercingWail"],"picked":"Deadly Poison","floor":11},{"not_picked":["Deflect","PiercingWail"],"picked":"Deadly Poison","floor":14},{"not_picked":["Wraith Form v2","Malaise"],"picked":"Bullet Time","floor":16},{"not_picked":["Backstab","Deadly Poison"],"picked":"Caltrops","floor":18},{"not_picked":["Slice","Deadly Poison"],"picked":"Dagger Throw","floor":21},{"not_picked":["Underhanded Strike+1","Dagger Spray","Slice"],"picked":"SKIP","floor":24},{"not_picked":["Distraction","Blade Dance+1","Phantasmal Killer"],"picked":"SKIP","floor":27},{"not_picked":["Quick Slash","Backflip"],"picked":"Catalyst","floor":28},{"not_picked":["Terror","Blade Dance"],"picked":"Caltrops+1","floor":31},{"not_picked":["Tools of the Trade","Night Terror"],"picked":"Burst","floor":33},{"not_picked":["Blade Dance","Riddle With Holes","Acrobatics"],"picked":"SKIP","floor":35},{"not_picked":["Dagger Throw","Cloak And Dagger+1","Heel Hook"],"picked":"SKIP","floor":36},{"not_picked":["Cloak And Dagger","Dodge and Roll"],"picked":"Quick Slash+1","floor":37},{"not_picked":["Cloak And Dagger","Deflect","Eviscerate+1"],"picked":"SKIP","floor":38},{"not_picked":["Footwork","Outmaneuver","Calculated Gamble"],"picked":"SKIP","floor":39},{"not_picked":["Concentrate+1","Grand Finale"],"picked":"Noxious Fumes+1","floor":45},{"not_picked":["Finisher+1","Outmaneuver","Setup"],"picked":"SKIP","floor":47},{"not_picked":["Quick Slash","Blade Dance+1","Acrobatics"],"picked":"SKIP","floor":48}],"player_experience":376203,"relics_obtained":[{"floor":6,"key":"Mummified Hand"},{"floor":9,"key":"Gremlin Horn"},{"floor":27,"key":"Orichalcum"},{"floor":43,"key":"Frozen Egg 2"}],"event_choices":[{"damage_healed":0,"gold_gain":0,"player_choice":"1 cards matched","damage_taken":0,"max_hp_gain":0,"max_hp_loss":0,"event_name":"Match and Keep!","floor":2,"gold_loss":0,"cards_obtained":["Neutralize"]},{"damage_healed":0,"gold_gain":0,"player_choice":"Box","damage_taken":0,"relics_obtained":["Strawberry"],"max_hp_gain":0,"max_hp_loss":0,"event_name":"Big Fish","floor":10,"gold_loss":0,"cards_obtained":["Regret"]},{"damage_healed":0,"gold_gain":0,"player_choice":"Ignored","damage_taken":0,"max_hp_gain":0,"max_hp_loss":0,"event_name":"Golden Wing","floor":13,"gold_loss":0},{"damage_healed":0,"gold_gain":0,"player_choice":"Ignored","damage_taken":0,"max_hp_gain":0,"max_hp_loss":0,"event_name":"Beggar","floor":19,"gold_loss":0},{"damage_healed":0,"gold_gain":0,"player_choice":"Shed Blood","damage_taken":19,"max_hp_gain":5,"max_hp_loss":0,"event_name":"Forgotten Altar","floor":20,"gold_loss":0},{"damage_healed":0,"gold_gain":0,"player_choice":"Obtained Relic","damage_taken":0,"relics_obtained":["Unceasing Top"],"max_hp_gain":0,"max_hp_loss":0,"event_name":"Addict","floor":22,"gold_loss":85},{"cards_removed":["Parasite"],"damage_healed":0,"gold_gain":0,"player_choice":"Purged","damage_taken":0,"max_hp_gain":0,"max_hp_loss":0,"event_name":"Purifier","floor":41,"gold_loss":0},{"damage_healed":0,"gold_gain":0,"player_choice":"Embrace Madness","damage_taken":10,"max_hp_gain":0,"max_hp_loss":0,"event_name":"Winding Halls","floor":46,"gold_loss":0,"cards_obtained":["Madness","Madness"]}],"is_beta":false,"boss_relics":[{"not_picked":["Calling Bell","Philosopher\u0027s Stone"],"picked":"Cursed Key"},{"not_picked":["Runic Pyramid","Black Star"],"picked":"Eternal Feather"}],"items_purged_floors":[12],"is_endless":false,"potions_floor_spawned":[1,6,11,16,18,21,24,33,38,45],"killed_by":"Awakened One","ascension_level":0}