{"gold_per_floor":[111,186,186,205,220,247,247,260,333,333,333,346,363,57,57,157,157,172,183,282,308,328,356,356,356,380,380,40,50,62,62,62,158,158,175,225,84,306,306,306,335,435,435,435,435,449,463,478,478,478,478,478,90,116,116],"floor_reached":55,"playtime":2049,"items_purged":[],"score":765,"play_id":"e21f1fac-9ac3-4f2d-98c1-6c00020ca6c8","local_time":"20190324153425","is_ascension_mode":false,"campfire_choices":[{"data":"Whirlwind","floor":7.0,"key":"SMITH"},{"data":"Flex","floor":10.0,"key":"SMITH"},{"data":"Body Slam","floor":15.0,"key":"SMITH"},{"floor":24.0,"key":"REST"},{"floor":27.0,"key":"REST"},{"data":"J.A.X.","floor":32.0,"key":"SMITH"},{"data":"Limit Break","floor":40.0,"key":"SMITH"},{"floor":44.0,"key":"RECALL"},{"floor":49.0,"key":"REST"},{"data":"Offering","floor":52.0,"key":"SMITH"}],"neow_cost":"NONE","seed_source_timestamp":396983414336118,"circlet_count":0,"master_deck":["Strike_R","Strike_R","Strike_R","Strike_R","Defend_R","Defend_R","Defend_R","Defend_R","Bash+1","Pommel Strike+1","Whirlwind+1","Dropkick","Flex+1","Body Slam+1","Headbutt","Offering","Heavy Blade+1","Inflame","Armaments","Shrug It Off+1","J.A.X.+1","Offering+1","Limit Break+1","Disarm","Flex+1","Thinking Ahead","Shrug It Off","Parasite","Master of Strategy","Disarm+1"],"special_seed":0,"relics":["Black Blood","Mango","Pantograph","Ginger","Velvet Choker","Red Mask","Strawberry","Pen Nib","Vajra","Chemical X","Thread and Needle","Oddly Smooth Stone","Shovel","Centennial Puzzle","StoneCalendar"],"potions_floor_usage":[55,55,55],"damage_taken":[{"damage":7.0,"enemies":"Small Slimes","floor":1.0,"turns":4.0},{"damage":2.0,"enemies":"2 Louse","floor":4.0,"turns":2.0},{"damage":1.0,"enemies":"Cultist","floor":5.0,"turns":3.0},{"damage":31.0,"enemies":"Gremlin Nob","floor":6.0,"turns":5.0},{"damage":17.0,"enemies":"Exordium Wildlife","floor":8.0,"turns":5.0},{"damage":0.0,"enemies":"Lots of Slimes","floor":12.0,"turns":1.0},{"damage":6.0,"enemies":"Exordium Thugs","floor":13.0,"turns":3.0},{"damage":76.0,"enemies":"Hexaghost","floor":16.0,"turns":9.0},{"damage":5.0,"enemies":"Shell Parasite","floor":18.0,"turns":3.0},{"damage":10.0,"enemies":"Chosen","floor":19.0,"turns":2.0},{"damage":6.0,"enemies":"Masked Bandits","floor":21.0,"turns":2.0},{"damage":32.0,"enemies":"Snake Plant","floor":22.0,"turns":3.0},{"damage":52.0,"enemies":"Book of Stabbing","floor":23.0,"turns":5.0},{"damage":3.0,"enemies":"Snecko","floor":29.0,"turns":2.0},{"damage":0.0,"enemies":"Chosen and Byrds","floor":30.0,"turns":4.0},{"damage":32.0,"enemies":"Automaton","floor":33.0,"turns":5.0},{"damage":18.0,"enemies":"3 Shapes","floor":35.0,"turns":1.0},{"damage":0.0,"enemies":"2 Orb Walkers","floor":36.0,"turns":1.0},{"damage":34.0,"enemies":"Nemesis","floor":41.0,"turns":3.0},{"damage":41.0,"enemies":"Mind Bloom Boss Battle","floor":42.0,"turns":4.0},{"damage":3.0,"enemies":"3 Darklings","floor":46.0,"turns":3.0},{"damage":30.0,"enemies":"Maw","floor":47.0,"turns":4.0},{"damage":6.0,"enemies":"Writhing Mass","floor":48.0,"turns":3.0},{"damage":38.0,"enemies":"Time Eater","floor":50.0,"turns":3.0},{"damage":16.0,"enemies":"Shield and Spear","floor":54.0,"turns":3.0},{"damage":103,"enemies":"The Heart","floor":55,"turns":5}],"seed_played":"-1223234203514305494","potions_obtained":[{"floor":1.0,"key":"Strength Potion"},{"floor":6.0,"key":"Strength Potion"},{"floor":16.0,"key":"Block Potion"},{"floor":18.0,"key":"BloodPotion"},{"floor":21.0,"key":"Swift Potion"},{"floor":29.0,"key":"Weak Potion"},{"floor":33.0,"key":"EssenceOfSteel"},{"floor":48.0,"key":"Dexterity Potion"}],"is_trial":false,"path_per_floor":["M","?","?","M","M","E","R","M","T","R","?","M","M","$","R","B",null,"M","M","?","?","M","E","R","?","T","R","$","M","M","?","R","B",null,"M","?","$","?","?","R","E","?","T","R","?","M","M","M","R","B",null,"R","$","E","B"],"character_chosen":"IRONCLAD","items_purchased":["Ginger","Vajra","Chemical X","Limit Break","Centennial Puzzle","Master of Strategy","Poison Potion"],"campfire_rested":3,"item_purchase_floors":[14,28,28,37,53,53,53],"current_hp_per_floor":[79,68,68,72,77,66,66,55,55,55,55,61,61,61,61,16,94,94,90,90,90,73,34,64,64,64,94,94,97,101,101,101,75,101,93,101,101,101,101,101,77,70,70,70,70,77,57,61,91,73,101,101,101,95,0],"gold":116,"neow_bonus":"UPGRADE_CARD","is_prod":false,"is_daily":false,"chose_seed":false,"campfire_upgraded":6,"win_rate":0,"timestamp":1553438065,"path_taken":["M","?","?","M","M","E","R","?","T","R","?","M","?","?","R","BOSS","M","M","?","?","M","E","R","?","T","R","$","?","M","?","R","BOSS","M","?","$","?","?","R","E","?","T","R","?","?","M","M","R","BOSS","R","$","E","BOSS"],"build_version":"2019-01-23","purchased_purges":0,"victory":false,"max_hp_per_floor":[80,80,80,80,80,94,94,94,94,94,94,94,94,94,94,94,94,94,94,94,94,94,101,101,101,101,101,101,101,101,101,101,101,101,101,101,101,101,101,101,101,101,101,101,101,101,101,101,101,101,101,101,101,101,101],"card_choices":[{"not_picked":["Pummel","Havoc"],"picked":"Pommel Strike","floor":1.0},{"not_picked":["Clothesline","Metallicize"],"picked":"Whirlwind","floor":4.0},{"not_picked":["Corruption","Iron Wave"],"picked":"Dropkick","floor":5.0},{"not_picked":["Reckless Charge","Iron Wave","Clothesline"],"picked":"SKIP","floor":6.0},{"not_picked":["Havoc","Sword Boomerang"],"picked":"Flex","floor":8.0},{"not_picked":["Warcry","Entrench"],"picked":"Body Slam","floor":12.0},{"not_picked":["Feel No Pain","Anger"],"picked":"Headbutt","floor":13.0},{"not_picked":["Double Tap","Immolate"],"picked":"Offering","floor":16.0},{"not_picked":["Havoc+1","Twin Strike"],"picked":"Heavy Blade+1","floor":18.0},{"not_picked":["Anger","Sword Boomerang"],"picked":"Inflame","floor":19.0},{"not_picked":["Carnage","Body Slam"],"picked":"Armaments","floor":21.0},{"not_picked":["Burning Pact","True Grit","Pummel"],"picked":"SKIP","floor":22.0},{"not_picked":["Reckless Charge","Headbutt"],"picked":"Shrug It Off+1","floor":23.0},{"not_picked":["Thunderclap","Battle Trance"],"picked":"Inflame","floor":29.0},{"not_picked":["Perfected Strike","Heavy Blade","Armaments"],"picked":"SKIP","floor":30.0},{"not_picked":["Feed","Exhume"],"picked":"Offering","floor":33.0},{"not_picked":["True Grit","Uppercut","Clothesline"],"picked":"SKIP","floor":35.0},{"not_picked":["Pommel Strike+1","Thunderclap+1"],"picked":"Disarm","floor":41.0},{"not_picked":["Wild Strike","Clash+1"],"picked":"Flex+1","floor":42.0},{"not_picked":["Metamorphosis","Enlightenment"],"picked":"Thinking Ahead","floor":45.0},{"not_picked":["Twin Strike","Anger"],"picked":"Shrug It Off","floor":46.0},{"not_picked":["Perfected Strike","Headbutt","Anger"],"picked":"SKIP","floor":47.0},{"not_picked":["Clash+1","True Grit+1","Metallicize+1"],"picked":"SKIP","floor":48.0},{"not_picked":["Battle Trance","Rage+1"],"picked":"Disarm+1","floor":54.0}],"player_experience":398222,"relics_obtained":[{"floor":6.0,"key":"Mango"},{"floor":9.0,"key":"Pantograph"},{"floor":21.0,"key":"Red Mask"},{"floor":23.0,"key":"Strawberry"},{"floor":26.0,"key":"Pen Nib"},{"floor":36.0,"key":"Thread and Needle"},{"floor":41.0,"key":"Oddly Smooth Stone"},{"floor":42.0,"key":"Shovel"},{"floor":54.0,"key":"StoneCalendar"}],"event_choices":[{"damage_healed":0.0,"max_hp_gain":0.0,"max_hp_loss":0.0,"gold_gain":75.0,"event_name":"World of Goop","player_choice":"Gather Gold","floor":2.0,"gold_loss":0.0,"damage_taken":11.0},{"damage_healed":0.0,"max_hp_gain":0.0,"max_hp_loss":0.0,"gold_gain":0.0,"event_name":"Accursed Blacksmith","player_choice":"Forge","floor":3.0,"gold_loss":0.0,"damage_taken":0.0,"cards_upgraded":["Pommel Strike"]},{"cards_removed":["Strike_R"],"damage_healed":0.0,"max_hp_gain":0.0,"max_hp_loss":0.0,"gold_gain":0.0,"event_name":"Bonfire Elementals","player_choice":"Offered Basic","floor":11.0,"gold_loss":0.0,"damage_taken":0.0},{"damage_healed":0.0,"max_hp_gain":0.0,"max_hp_loss":0.0,"gold_gain":99.0,"event_name":"Nest","player_choice":"Stole From Cult","floor":20.0,"gold_loss":0.0,"damage_taken":0.0},{"damage_healed":0.0,"max_hp_gain":0.0,"max_hp_loss":0.0,"gold_gain":0.0,"event_name":"Masked Bandits","player_choice":"Fought Bandits","floor":21.0,"gold_loss":0.0,"damage_taken":0.0},{"damage_healed":0.0,"max_hp_gain":0.0,"max_hp_loss":0.0,"gold_gain":0.0,"event_name":"Drug Dealer","player_choice":"Obtain J.A.X.","floor":25.0,"gold_loss":0.0,"damage_taken":0.0,"cards_obtained":["J.A.X."]},{"damage_healed":0.0,"max_hp_gain":0.0,"max_hp_loss":0.0,"gold_gain":0.0,"event_name":"Beggar","player_choice":"Ignored","floor":31.0,"gold_loss":0.0,"damage_taken":0.0},{"damage_healed":0.0,"max_hp_gain":0.0,"max_hp_loss":0.0,"gold_gain":0.0,"event_name":"Mysterious Sphere","player_choice":"Fight","floor":36.0,"gold_loss":0.0,"damage_taken":0.0},{"damage_healed":0.0,"max_hp_gain":0.0,"max_hp_loss":0.0,"gold_gain":222.0,"event_name":"Tomb of Lord Red Mask","player_choice":"Wore Mask","floor":38.0,"gold_loss":0.0,"damage_taken":0.0},{"cards_removed":["Inflame"],"damage_healed":0.0,"max_hp_gain":0.0,"max_hp_loss":0.0,"gold_gain":0.0,"event_name":"Falling","player_choice":"Removed Power","floor":39.0,"gold_loss":0.0,"damage_taken":0.0},{"damage_healed":0.0,"max_hp_gain":0.0,"max_hp_loss":0.0,"gold_gain":0.0,"event_name":"MindBloom","player_choice":"Fight","floor":42.0,"gold_loss":0.0,"damage_taken":0.0},{"damage_healed":0.0,"max_hp_gain":0.0,"max_hp_loss":0.0,"gold_gain":0.0,"event_name":"SensoryStone","player_choice":"Memory 1","floor":45.0,"gold_loss":0.0,"damage_taken":0.0}],"is_beta":false,"boss_relics":[{"not_picked":["Fusion Hammer","Eternal Feather"],"picked":"Velvet Choker"},{"not_picked":["Lizard Tail","Cursed Key"],"picked":"Black Blood"}],"items_purged_floors":[],"is_endless":false,"potions_floor_spawned":[1,6,16,18,21,29,33,36,48],"killed_by":"The Heart","ascension_level":0}