{"gold_per_floor":[209,17,97,61,74,100,36,36,36,53,53,69,19,30,30,133,133,145,145,155,3,18,18,18,18,18,32,32,48,48,48,48,149,149,169,24,24,24,0,0,31,44,44,44,44,44,57,76,76,76],"floor_reached":50,"playtime":1149,"items_purged":["Decay"],"score":493,"play_id":"a1e39599-1aa2-46f5-bd43-12a5b4e33988","local_time":"20190316005949","is_ascension_mode":false,"campfire_choices":[{"data":"Apotheosis","floor":8.0,"key":"SMITH"},{"data":"Uppercut","floor":11.0,"key":"SMITH"},{"data":"Inflame","floor":15.0,"key":"SMITH"},{"data":"Metallicize","floor":23.0,"key":"SMITH"},{"data":"Cleave","floor":25.0,"key":"SMITH"},{"data":"Bash","floor":30.0,"key":"SMITH"},{"data":"Havoc","floor":32.0,"key":"SMITH"},{"data":"Inflame","floor":40.0,"key":"SMITH"},{"data":"The Bomb","floor":46,"key":"SMITH"},{"data":"Cleave","floor":49,"key":"SMITH"}],"neow_cost":"NONE","seed_source_timestamp":37374535201664,"circlet_count":0,"master_deck":["Bash+1","Havoc+1","Apotheosis+1","Uppercut+1","Thunderclap","Carnage","Cleave+1","Metallicize+1","Inflame+1","Impervious","Twin Strike","Thunderclap+1","Seeing Red","Seeing Red","Limit Break","Pummel","Barricade","Rage","Rupture","Fiend Fire","Dropkick","Shrug It Off","Hemokinesis","True Grit+1","Inflame+1","True Grit+1","Havoc+1","Writhe","The Bomb+1","Cleave+1"],"special_seed":0,"relics":["Burning Blood","Paper Frog","Meat on the Bone","Bird Faced Urn","Ice Cream","Mark of Pain","Strawberry","Darkstone Periapt","Mummified Hand","Pandora\u0027s Box","Red Mask","Incense Burner","Frozen Egg 2"],"potions_floor_usage":[41,41,41,48,50],"damage_taken":[{"damage":1.0,"enemies":"Cultist","floor":1.0,"turns":3.0},{"damage":6.0,"enemies":"2 Louse","floor":5.0,"turns":3.0},{"damage":14.0,"enemies":"Gremlin Nob","floor":6.0,"turns":3.0},{"damage":3.0,"enemies":"Small Slimes","floor":10.0,"turns":2.0},{"damage":0.0,"enemies":"2 Fungi Beasts","floor":12.0,"turns":3.0},{"damage":5.0,"enemies":"Red Slaver","floor":14.0,"turns":4.0},{"damage":26.0,"enemies":"Slime Boss","floor":16.0,"turns":6.0},{"damage":7.0,"enemies":"Shell Parasite","floor":18.0,"turns":4.0},{"damage":0.0,"enemies":"Chosen","floor":20.0,"turns":4.0},{"damage":18.0,"enemies":"Sentry and Sphere","floor":22.0,"turns":5.0},{"damage":15.0,"enemies":"Chosen and Byrds","floor":27.0,"turns":5.0},{"damage":3.0,"enemies":"Centurion and Healer","floor":29.0,"turns":3.0},{"damage":46.0,"enemies":"Collector","floor":33.0,"turns":8.0},{"damage":24.0,"enemies":"Orb Walker","floor":35.0,"turns":3.0},{"damage":41,"enemies":"Reptomancer","floor":41,"turns":5},{"damage":7,"enemies":"3 Shapes","floor":42,"turns":7},{"damage":31,"enemies":"Writhing Mass","floor":47,"turns":4},{"damage":3,"enemies":"Transient","floor":48,"turns":5},{"damage":89,"enemies":"Awakened One","floor":50,"turns":6}],"seed_played":"-8291568837229248966","potions_obtained":[{"floor":6.0,"key":"Swift Potion"},{"floor":10.0,"key":"EssenceOfSteel"},{"floor":18.0,"key":"EssenceOfSteel"},{"floor":27.0,"key":"Poison Potion"},{"floor":33.0,"key":"LiquidBronze"},{"floor":35.0,"key":"Poison Potion"},{"floor":42,"key":"Energy Potion"},{"floor":47,"key":"Poison Potion"}],"is_trial":false,"path_per_floor":["M","$","T","$","M","E","?","R","T","M","R","M","?","M","R","B",null,"M","?","M","$","M","R","?","R","T","M","$","M","R","T","R","B",null,"M","$","?","$","?","R","E","M","T","?","?","R","M","M","R","B"],"character_chosen":"IRONCLAD","items_purchased":["Apotheosis","Uppercut","Strawberry","Inflame"],"campfire_rested":0,"item_purchase_floors":[2,4,21,36],"current_hp_per_floor":[80,80,80,80,80,72,72,72,72,75,75,80,80,80,80,60,80,79,79,80,87,77,77,77,77,77,70,70,75,75,75,75,51,87,71,71,71,71,71,71,54,63,63,91,91,91,72,83,83,0],"gold":76,"neow_bonus":"HUNDRED_GOLD","is_prod":false,"is_daily":false,"chose_seed":false,"campfire_upgraded":10,"win_rate":0,"timestamp":1552669189,"path_taken":["M","$","?","$","M","E","?","R","T","M","R","?","?","M","R","BOSS","M","?","?","$","M","R","?","R","T","?","?","M","R","?","R","BOSS","M","$","?","$","?","R","E","M","T","?","?","R","M","?","R","BOSS"],"build_version":"2019-01-23","purchased_purges":1,"victory":false,"max_hp_per_floor":[80,80,80,80,80,80,80,80,80,80,80,80,80,80,80,80,80,80,80,80,87,87,87,87,87,87,87,87,87,87,87,87,87,87,87,87,87,87,87,87,87,87,87,93,93,93,93,93,93,93],"card_choices":[{"not_picked":["Sentinel","True Grit"],"picked":"Havoc","floor":1.0},{"not_picked":["Battle Trance","Carnage"],"picked":"Thunderclap","floor":5.0},{"not_picked":["Impervious","True Grit"],"picked":"Carnage","floor":6.0},{"not_picked":["Shrug It Off","Armaments"],"picked":"Cleave","floor":10.0},{"not_picked":["Warcry","Heavy Blade"],"picked":"Metallicize","floor":12.0},{"not_picked":["Clothesline","Iron Wave"],"picked":"Inflame","floor":14.0},{"not_picked":["Dark Embrace","Double Tap"],"picked":"Impervious","floor":16.0},{"not_picked":["Carnage","Perfected Strike","Clothesline"],"picked":"SKIP","floor":18.0},{"not_picked":["Shrug It Off+1","Thunderclap"],"picked":"Twin Strike","floor":20.0},{"not_picked":["Wild Strike","Armaments+1"],"picked":"Thunderclap+1","floor":22.0},{"not_picked":["Iron Wave","Shrug It Off"],"picked":"Seeing Red","floor":27.0},{"not_picked":["Sentinel","Flex+1"],"picked":"Seeing Red","floor":29.0},{"not_picked":["Barricade","Juggernaut"],"picked":"Limit Break","floor":33.0},{"not_picked":["Entrench","Power Through"],"picked":"True Grit+1","floor":35.0},{"not_picked":["Warcry","Shrug It Off"],"picked":"True Grit+1","floor":41},{"not_picked":["Hemokinesis","Blood for Blood"],"picked":"Havoc+1","floor":42},{"not_picked":["Good Instincts","Madness"],"picked":"The Bomb","floor":45},{"not_picked":["Intimidate","Sword Boomerang","Clothesline"],"picked":"SKIP","floor":47},{"not_picked":["Clash","Burning Pact"],"picked":"Cleave","floor":48}],"player_experience":318971,"relics_obtained":[{"floor":3.0,"key":"Paper Frog"},{"floor":6.0,"key":"Meat on the Bone"},{"floor":9.0,"key":"Ice Cream"},{"floor":26.0,"key":"Darkstone Periapt"},{"floor":31.0,"key":"Mummified Hand"},{"floor":41,"key":"Incense Burner"},{"floor":43,"key":"Frozen Egg 2"}],"event_choices":[{"damage_healed":0.0,"max_hp_gain":0.0,"max_hp_loss":0.0,"gold_gain":0.0,"event_name":"WeMeetAgain","player_choice":"Paid Gold","floor":7.0,"gold_loss":64.0,"damage_taken":0.0,"relics_obtained":["Bird Faced Urn"]},{"cards_removed":["Strike_R"],"damage_healed":0.0,"max_hp_gain":0.0,"max_hp_loss":0.0,"gold_gain":0.0,"event_name":"The Cleric","player_choice":"Card Removal","floor":13.0,"gold_loss":50.0,"damage_taken":0.0},{"damage_healed":0.0,"max_hp_gain":0.0,"max_hp_loss":0.0,"gold_gain":0.0,"event_name":"The Woman in Blue","player_choice":"Bought 0 Potions","floor":19.0,"gold_loss":0.0,"damage_taken":0.0},{"damage_healed":0.0,"max_hp_gain":0.0,"max_hp_loss":0.0,"gold_gain":0.0,"event_name":"Wheel of Change","player_choice":"Cursed","floor":24.0,"gold_loss":0.0,"damage_taken":0.0,"cards_obtained":["Decay"]},{"damage_healed":0.0,"max_hp_gain":0.0,"max_hp_loss":0.0,"gold_gain":0.0,"event_name":"Mysterious Sphere","player_choice":"Ignored","floor":37.0,"gold_loss":0.0,"damage_taken":0.0},{"damage_healed":0.0,"max_hp_gain":0.0,"max_hp_loss":0.0,"gold_gain":0.0,"event_name":"Tomb of Lord Red Mask","player_choice":"Paid","floor":39.0,"gold_loss":24.0,"damage_taken":0.0,"relics_obtained":["Red Mask"]},{"damage_healed":22,"gold_gain":0,"player_choice":"Writhe","damage_taken":0,"max_hp_gain":0,"max_hp_loss":0,"event_name":"Winding Halls","floor":44,"gold_loss":0,"cards_obtained":["Writhe"]},{"damage_healed":0,"gold_gain":0,"player_choice":"Memory 1","damage_taken":0,"max_hp_gain":0,"max_hp_loss":0,"event_name":"SensoryStone","floor":45,"gold_loss":0}],"is_beta":false,"boss_relics":[{"not_picked":["Snecko Eye","Runic Pyramid"],"picked":"Mark of Pain"},{"not_picked":["Sozu","Runic Cube"],"picked":"Pandora\u0027s Box"}],"items_purged_floors":[36],"is_endless":false,"potions_floor_spawned":[6,10,18,20,27,33,35,42,47],"killed_by":"Awakened One","ascension_level":0}