{"gold_per_floor":[111,111,25,38,38,64,64,15,15,15,26,39,70,81,81,178,178,196,20,20,20,20,54,54,44,71,71,103,103,136,146,146,146],"floor_reached":33,"playtime":2149,"items_purged":[],"score":524,"play_id":"5513463d-1b20-4831-9308-08d70fe61870","local_time":"20190328233151","is_ascension_mode":true,"campfire_choices":[{"data":"Body Slam","floor":7,"key":"SMITH"},{"data":"Bash","floor":10,"key":"SMITH"},{"data":"Flame Barrier","floor":15,"key":"SMITH"},{"floor":24,"key":"REST"},{"floor":27,"key":"REST"},{"floor":29,"key":"REST"},{"floor":32,"key":"REST"}],"neow_cost":"NONE","seed_source_timestamp":346561232185700,"circlet_count":0,"master_deck":["AscendersBane","Strike_R","Strike_R","Strike_R","Strike_R","Strike_R","Defend_R","Defend_R","Defend_R","Defend_R","Bash+1","Body Slam+1","Pommel Strike","Feel No Pain","Iron Wave","Warcry","Feed","Flame Barrier+1","Exhume","Headbutt","The Bomb","J.A.X.","Flame Barrier+1","Warcry","Thunderclap+1","Ghostly Armor","Rupture","Sword Boomerang"],"relics":["Burning Blood","NeowsBlessing","Matryoshka","Thread and Needle","Juzu Bracelet","Dodecahedron","Mark of Pain","Nloth\u0027s Gift","Peace Pipe","Bronze Scales","Strawberry","Red Mask","Mango"],"potions_floor_usage":[14,18,18,23,25,25,33],"damage_taken":[{"damage":0,"enemies":"Jaw Worm","floor":1,"turns":1},{"damage":0,"enemies":"Cultist","floor":4,"turns":1},{"damage":0,"enemies":"Lagavulin","floor":6,"turns":1},{"damage":0,"enemies":"Small Slimes","floor":11,"turns":3},{"damage":0,"enemies":"2 Fungi Beasts","floor":12,"turns":2},{"damage":11,"enemies":"3 Sentries","floor":13,"turns":10},{"damage":4,"enemies":"Exordium Thugs","floor":14,"turns":6},{"damage":39,"enemies":"The Guardian","floor":16,"turns":17},{"damage":20,"enemies":"Shell Parasite","floor":18,"turns":6},{"damage":51,"enemies":"Book of Stabbing","floor":23,"turns":7},{"damage":18,"enemies":"2 Thieves","floor":25,"turns":4},{"damage":47,"enemies":"Masked Bandits","floor":28,"turns":5},{"damage":3,"enemies":"Slavers","floor":30,"turns":5},{"damage":39,"enemies":"Shelled Parasite and Fungi","floor":31,"turns":5},{"damage":75,"enemies":"Collector","floor":33,"turns":6}],"seed_played":"-212895852122480157","potions_obtained":[{"floor":11,"key":"Poison Potion"},{"floor":13,"key":"Fire Potion"},{"floor":16,"key":"Fire Potion"},{"floor":18,"key":"Weak Potion"},{"floor":23,"key":"Weak Potion"},{"floor":31,"key":"Poison Potion"}],"is_trial":false,"path_per_floor":["M","?","?","M","$","E","R","$","T","R","M","M","E","M","R","B",null,"M","$","?","?","?","E","R","M","T","R","?","R","E","M","R","B"],"character_chosen":"IRONCLAD","items_purchased":["Dexterity Potion","The Bomb"],"campfire_rested":4,"item_purchase_floors":[8,19],"current_hp_per_floor":[78,78,78,80,80,80,80,80,80,80,80,80,75,80,80,50,77,63,63,63,63,63,18,43,31,38,65,27,55,72,39,72,0],"gold":146,"neow_bonus":"THREE_ENEMY_KILL","is_prod":false,"is_daily":false,"chose_seed":false,"campfire_upgraded":3,"win_rate":0,"timestamp":1553812311,"path_taken":["M","?","?","?","$","E","R","?","T","R","M","M","E","M","R","BOSS","M","$","?","?","?","E","R","M","T","R","?","R","E","M","R","BOSS"],"build_version":"2019-01-23","purchased_purges":0,"victory":false,"max_hp_per_floor":[80,80,80,80,80,80,80,80,80,80,80,80,80,83,83,86,86,86,86,86,86,86,86,86,86,93,93,96,96,110,110,110,110],"card_choices":[{"not_picked":["Pummel","Wild Strike"],"picked":"Body Slam","floor":1},{"not_picked":["Perfected Strike","Hemokinesis"],"picked":"Pommel Strike","floor":4},{"not_picked":["Body Slam","Dual Wield"],"picked":"Feel No Pain","floor":6},{"not_picked":["Rupture","Entrench"],"picked":"Iron Wave","floor":11},{"not_picked":["Cleave","Entrench"],"picked":"Warcry","floor":12},{"not_picked":["Second Wind","Shockwave"],"picked":"Feed","floor":13},{"not_picked":["Havoc","Evolve"],"picked":"Flame Barrier","floor":14},{"not_picked":["Feed","Limit Break"],"picked":"Exhume","floor":16},{"not_picked":["Anger","Thunderclap"],"picked":"Headbutt","floor":18},{"not_picked":["Headbutt","Havoc"],"picked":"Warcry","floor":23},{"not_picked":["Cleave","Evolve"],"picked":"Thunderclap+1","floor":25},{"not_picked":["Evolve","Heavy Blade"],"picked":"Ghostly Armor","floor":28},{"not_picked":["Offering","Twin Strike"],"picked":"Rupture","floor":30},{"not_picked":["Headbutt","Flex"],"picked":"Sword Boomerang","floor":31}],"player_experience":613692,"relics_obtained":[{"floor":6,"key":"Thread and Needle"},{"floor":9,"key":"Juzu Bracelet"},{"floor":9,"key":"Dodecahedron"},{"floor":13,"key":"Letter Opener"},{"floor":23,"key":"Peace Pipe"},{"floor":26,"key":"Bronze Scales"},{"floor":26,"key":"Strawberry"},{"floor":28,"key":"Red Mask"},{"floor":30,"key":"Mango"}],"event_choices":[{"damage_healed":0,"gold_gain":0,"player_choice":"Ignored","damage_taken":0,"max_hp_gain":0,"max_hp_loss":0,"event_name":"Golden Idol","floor":2,"gold_loss":0},{"damage_healed":0,"gold_gain":0,"player_choice":"Paid Gold","damage_taken":0,"relics_obtained":["Matryoshka"],"max_hp_gain":0,"max_hp_loss":0,"event_name":"WeMeetAgain","floor":3,"gold_loss":86},{"damage_healed":0,"gold_gain":0,"player_choice":"Obtain J.A.X.","damage_taken":0,"max_hp_gain":0,"max_hp_loss":0,"event_name":"Drug Dealer","floor":20,"gold_loss":0,"cards_obtained":["J.A.X."]},{"damage_healed":0,"gold_gain":0,"player_choice":"Traded Relic","damage_taken":0,"relics_obtained":["Nloth\u0027s Gift"],"max_hp_gain":0,"max_hp_loss":0,"event_name":"N\u0027loth","floor":21,"relics_lost":["Letter Opener"],"gold_loss":0},{"damage_healed":0,"gold_gain":0,"player_choice":"Copied","damage_taken":0,"max_hp_gain":0,"max_hp_loss":0,"event_name":"Duplicator","floor":22,"gold_loss":0,"cards_obtained":["Flame Barrier"]},{"damage_healed":0,"gold_gain":0,"player_choice":"Fought Bandits","damage_taken":0,"max_hp_gain":0,"max_hp_loss":0,"event_name":"Masked Bandits","floor":28,"gold_loss":0}],"is_beta":false,"boss_relics":[{"not_picked":["Pandora\u0027s Box","Lizard Tail"],"picked":"Mark of Pain"}],"items_purged_floors":[],"is_endless":false,"potions_floor_spawned":[11,13,16,18,23,31],"killed_by":"Collector","ascension_level":10}