{"gold_per_floor":[362,378,39,52,52,52,87,104,151,164,164,193,193],"floor_reached":13,"playtime":498,"items_purged":["Doubt"],"score":133,"play_id":"fc3e4fcf-c031-437a-b0e6-099006742046","local_time":"20190315144738","is_ascension_mode":true,"campfire_choices":[{"data":"Inflame","floor":6.0,"key":"SMITH"},{"floor":11,"key":"REST"}],"neow_cost":"CURSE","seed_source_timestamp":1237437305886,"circlet_count":0,"master_deck":["Strike_R","Strike_R","Strike_R","Strike_R","Strike_R","Defend_R","Defend_R","Defend_R","Defend_R","Bash","Flex","Seeing Red","Inflame+1","Mayhem+1","Exhume","Shrug It Off"],"special_seed":0,"relics":["Burning Blood","Sundial","Orichalcum","Strawberry"],"potions_floor_usage":[10,12],"damage_taken":[{"damage":16.0,"enemies":"Jaw Worm","floor":1.0,"turns":7.0},{"damage":1.0,"enemies":"Cultist","floor":2.0,"turns":3.0},{"damage":0.0,"enemies":"Small Slimes","floor":4.0,"turns":3.0},{"damage":35.0,"enemies":"3 Sentries","floor":7.0,"turns":9.0},{"damage":39.0,"enemies":"Exordium Thugs","floor":8.0,"turns":5.0},{"damage":7,"enemies":"Blue Slaver","floor":10,"turns":5},{"damage":33,"enemies":"Gremlin Nob","floor":12,"turns":5},{"damage":0,"enemies":"Gremlin Gang","floor":13,"turns":1}],"seed_played":"4390077603335040859","potions_obtained":[{"floor":1.0,"key":"Explosive Potion"},{"floor":4.0,"key":"PowerPotion"},{"floor":8.0,"key":"PowerPotion"},{"floor":10,"key":"SkillPotion"},{"floor":12,"key":"SpeedPotion"}],"is_trial":false,"path_per_floor":["M","M","$","M","?","R","E","M","T","M","R","E","M"],"character_chosen":"IRONCLAD","items_purchased":["Inflame","Mayhem"],"campfire_rested":1,"item_purchase_floors":[3,3],"current_hp_per_floor":[62,67,67,73,73,73,44,11,11,10,34,14,14],"gold":193,"neow_bonus":"TWO_FIFTY_GOLD","is_prod":false,"is_daily":false,"chose_seed":false,"campfire_upgraded":1,"win_rate":0,"timestamp":1552632458,"path_taken":["M","M","$","M","?","R","E","M","T","M","R","E","?"],"build_version":"2019-01-23","purchased_purges":1,"victory":false,"max_hp_per_floor":[80,80,80,80,80,80,80,80,80,80,80,87,87],"card_choices":[{"not_picked":["Perfected Strike","Clothesline"],"picked":"Flex","floor":1.0},{"not_picked":["True Grit","Fire Breathing"],"picked":"Seeing Red","floor":2.0},{"not_picked":["Body Slam","Sword Boomerang","Fiend Fire"],"picked":"SKIP","floor":4.0},{"not_picked":["Twin Strike","Corruption"],"picked":"Exhume","floor":7.0},{"not_picked":["Warcry","Hemokinesis"],"picked":"Shrug It Off","floor":8.0},{"not_picked":["Headbutt","Sword Boomerang","Wild Strike"],"picked":"SKIP","floor":10},{"not_picked":["Wild Strike","Rupture","Ghostly Armor"],"picked":"SKIP","floor":12}],"player_experience":302684,"relics_obtained":[{"floor":7.0,"key":"Sundial"},{"floor":9.0,"key":"Orichalcum"},{"floor":12,"key":"Strawberry"}],"event_choices":[{"damage_healed":0.0,"max_hp_gain":0.0,"max_hp_loss":0.0,"gold_gain":0.0,"event_name":"Accursed Blacksmith","player_choice":"Forge","floor":5.0,"gold_loss":0.0,"damage_taken":0.0,"cards_upgraded":["Mayhem"]}],"is_beta":false,"boss_relics":[],"items_purged_floors":[3],"is_endless":false,"potions_floor_spawned":[1,4,8,10,12],"killed_by":"Gremlin Gang","ascension_level":8}