{"gold_per_floor":[109,109,28,43,118,118,153,171,171,196,214,214,214],"floor_reached":13,"playtime":491,"items_purged":[],"score":186,"play_id":"a79fb154-bddd-482a-be96-be889ee3e4bf","local_time":"20190328000941","is_ascension_mode":true,"campfire_choices":[{"data":"Loop","floor":6,"key":"SMITH"}],"neow_cost":"NONE","seed_source_timestamp":1280710517172694,"circlet_count":0,"master_deck":["AscendersBane","Strike_B","Strike_B","Strike_B","Defend_B","Defend_B","Defend_B","Defend_B","Zap+1","Dualcast","Steam Power","Loop+1","Leap","Ball Lightning","Echo Form","Sunder"],"special_seed":0,"relics":["Cracked Core","Dodecahedron","Centennial Puzzle","Ancient Tea Set","Golden Idol"],"potions_floor_usage":[10,13],"damage_taken":[{"damage":6,"enemies":"2 Louse","floor":1,"turns":3},{"damage":2,"enemies":"Jaw Worm","floor":4,"turns":3},{"damage":16,"enemies":"Lagavulin","floor":7,"turns":7},{"damage":1,"enemies":"Small Slimes","floor":8,"turns":3},{"damage":8,"enemies":"Gremlin Nob","floor":10,"turns":3},{"damage":3,"enemies":"Blue Slaver","floor":11,"turns":3},{"damage":25,"enemies":"3 Sentries","floor":13,"turns":5}],"seed_played":"-5075348998406978422","potions_obtained":[{"floor":1,"key":"AttackPotion"},{"floor":11,"key":"GamblersBrew"}],"is_trial":false,"path_per_floor":["M","?","$","M","?","R","E","M","T","E","M","?","E"],"character_chosen":"DEFECT","items_purchased":["Loop"],"campfire_rested":0,"item_purchase_floors":[3],"current_hp_per_floor":[58,58,58,56,45,45,29,28,28,20,17,17,0],"gold":214,"neow_bonus":"UPGRADE_CARD","is_prod":false,"is_daily":false,"chose_seed":false,"campfire_upgraded":1,"win_rate":0,"timestamp":1553746181,"path_taken":["M","?","$","M","?","R","E","M","T","E","M","?","E"],"build_version":"2019-03-15","purchased_purges":0,"victory":false,"max_hp_per_floor":[71,71,71,71,71,71,71,71,71,71,71,64,64],"card_choices":[{"not_picked":["Tempest","Streamline","Gash"],"picked":"SKIP","floor":1},{"not_picked":["Streamline","Beam Cell"],"picked":"Leap","floor":4},{"not_picked":["Scrape","Rebound","Sweeping Beam"],"picked":"SKIP","floor":7},{"not_picked":["Force Field","Static Discharge"],"picked":"Ball Lightning","floor":8},{"not_picked":["Fusion","Rainbow"],"picked":"Echo Form","floor":10},{"not_picked":["Beam Cell","Double Energy"],"picked":"Sunder","floor":11}],"player_experience":1329979,"relics_obtained":[{"floor":7,"key":"Dodecahedron"},{"floor":9,"key":"Centennial Puzzle"},{"floor":10,"key":"Ancient Tea Set"}],"event_choices":[{"damage_healed":0,"gold_gain":0,"cards_transformed":["Strike_B"],"player_choice":"Change","damage_taken":0,"max_hp_gain":0,"max_hp_loss":0,"event_name":"Living Wall","floor":2,"gold_loss":0,"cards_obtained":["Steam Power"]},{"damage_healed":0,"gold_gain":75,"player_choice":"Gather Gold","damage_taken":11,"max_hp_gain":0,"max_hp_loss":0,"event_name":"World of Goop","floor":5,"gold_loss":0},{"damage_healed":0,"gold_gain":0,"player_choice":"Lose Max HP","damage_taken":0,"relics_obtained":["Golden Idol"],"max_hp_gain":0,"max_hp_loss":7,"event_name":"Golden Idol","floor":12,"gold_loss":0}],"is_beta":true,"boss_relics":[],"items_purged_floors":[],"is_endless":false,"potions_floor_spawned":[1,11],"killed_by":"3 Sentries","ascension_level":20}