{"gold_per_floor":[116,116,136,152,165,165,185,22,98,98,98,98,118,41,41,139,139,156,156,156,130,147,147,162,162],"floor_reached":25,"playtime":854,"items_purged":[],"score":193,"play_id":"3582a21d-c480-4853-b852-429e81448ef8","local_time":"20181005011939","is_ascension_mode":false,"campfire_choices":[{"data":"Searing Blow","floor":6,"key":"SMITH"},{"data":"Searing Blow+1","floor":12,"key":"SMITH"},{"data":"Searing Blow+2","floor":15,"key":"SMITH"},{"floor":23,"key":"REST"}],"neow_cost":"NONE","seed_source_timestamp":202949412477875,"circlet_count":0,"master_deck":["Strike_R+1","Strike_R+1","Strike_R+1","Strike_R+1","Strike_R+1","Defend_R+1","Defend_R+1","Defend_R+1","Defend_R+1","Bash","Shrug It Off","Searing Blow+3","Perfected Strike","Flame Barrier","Feed","Parasite","Dual Wield","Reaper","Shrug It Off","Uppercut","Iron Wave+1"],"relics":["White Beast Statue","MutagenicStrength"],"potions_floor_usage":[5,7,7,16,16],"damage_taken":[{"damage":0,"enemies":"2 Louse","floor":1,"turns":2},{"damage":4,"enemies":"Small Slimes","floor":3,"turns":3},{"damage":3,"enemies":"Jaw Worm","floor":4,"turns":3},{"damage":2,"enemies":"Looter","floor":5,"turns":3},{"damage":8,"enemies":"Exordium Thugs","floor":7,"turns":3},{"damage":4,"enemies":"Blue Slaver","floor":13,"turns":3},{"damage":61,"enemies":"The Guardian","floor":16,"turns":10},{"damage":47,"enemies":"2 Thieves","floor":18,"turns":5},{"damage":30,"enemies":"Shell Parasite","floor":22,"turns":6},{"damage":7,"enemies":"Snecko","floor":24,"turns":5},{"damage":0,"enemies":"Shelled Parasite and Fungi","floor":25,"turns":1}],"seed_played":"-4771496115041986141","potions_obtained":[{"floor":1,"key":"Poison Potion"},{"floor":3,"key":"Fire Potion"},{"floor":4,"key":"SkillPotion"},{"floor":5,"key":"Poison Potion"},{"floor":7,"key":"SpeedPotion"},{"floor":13,"key":"Explosive Potion"},{"floor":16,"key":"LiquidBronze"},{"floor":18,"key":"SteroidPotion"},{"floor":24,"key":"SkillPotion"}],"is_trial":false,"path_per_floor":["M","?","M","M","M","R","M","$","T","?","?","R","M","$","R","B",null,"M","?","?","$","M","R","M"],"character_chosen":"IRONCLAD","items_purchased":["Feed","Dual Wield","Shrug It Off"],"campfire_rested":1,"item_purchase_floors":[8,14,21],"current_hp_per_floor":[80,80,76,73,71,71,63,63,63,63,80,80,79,79,79,18,83,49,49,49,49,19,44,41,41],"gold":162,"neow_bonus":"BOSS_RELIC","is_prod":false,"is_daily":false,"chose_seed":false,"campfire_upgraded":3,"win_rate":0,"timestamp":1538695179,"path_taken":["M","?","M","M","M","R","M","$","T","?","?","R","M","?","R","BOSS","M","?","?","$","?","R","M","M"],"build_version":"2018-09-27","purchased_purges":0,"victory":false,"max_hp_per_floor":[80,80,80,80,80,80,80,80,80,80,80,80,83,83,83,83,83,86,86,86,86,86,86,86,86],"card_choices":[{"not_picked":["Iron Wave","True Grit"],"picked":"Shrug It Off","floor":1},{"not_picked":["Warcry","Whirlwind"],"picked":"Searing Blow","floor":3},{"not_picked":["Wild Strike","Shrug It Off"],"picked":"Perfected Strike","floor":4},{"not_picked":["Searing Blow","Inflame","Heavy Blade"],"picked":"SKIP","floor":5},{"not_picked":["Shrug It Off","Body Slam"],"picked":"Flame Barrier","floor":7},{"not_picked":["Inflame","Rage","Burning Pact"],"picked":"SKIP","floor":13},{"not_picked":["Brutality","Berserk"],"picked":"Reaper","floor":16},{"not_picked":["Power Through","Spot Weakness","Rupture"],"picked":"SKIP","floor":18},{"not_picked":["Fire Breathing","Cleave"],"picked":"Uppercut","floor":22},{"not_picked":["Intimidate","Blood for Blood"],"picked":"Iron Wave+1","floor":24}],"player_experience":224321,"relics_obtained":[],"event_choices":[{"event_name":"The Cleric","player_choice":"Leave","floor":2,"damage_taken":0},{"event_name":"The Woman in Blue","player_choice":"Bought 0 Potions","floor":10,"damage_taken":0},{"event_name":"Mushrooms","player_choice":"Healed and dodged fight","floor":11,"damage_taken":0},{"event_name":"Back to Basics","player_choice":"Simplicity","floor":19,"damage_taken":0},{"event_name":"Drug Dealer","player_choice":"Inject Mutagens","floor":20,"damage_taken":0}],"is_beta":false,"boss_relics":[{"not_picked":["Runic Pyramid","Snecko Eye","Black Star"]}],"items_purged_floors":[],"is_endless":false,"potions_floor_spawned":[1,3,4,5,7,13,16,18,22,24],"killed_by":"Shelled Parasite and Fungi","ascension_level":0}