{"gold_per_floor":[20,39,52,52,72,98,98,116,166,166,180,215,215,7,7,111,111,121,36,36,36,52,82,82,92,118,43,77,77,103,120,120,215,265,284,284,12,12,25,52,62,91,91,91,91,105,105,0,0,0],"floor_reached":51,"playtime":3178,"items_purged":["Strike_R","Strike_R"],"score":861,"play_id":"42ad0e10-a2f0-478d-b816-2bacba21c28c","local_time":"20190226085039","is_ascension_mode":true,"campfire_choices":[{"data":"Magnetism","floor":7.0,"key":"SMITH"},{"data":"Armaments","floor":13.0,"key":"SMITH"},{"floor":15.0,"key":"REST"},{"data":"PanicButton","floor":24.0,"key":"SMITH"},{"floor":29.0,"key":"REST"},{"floor":32.0,"key":"REST"},{"data":"Reaper","floor":45.0,"key":"SMITH"},{"floor":47,"key":"REST"},{"floor":49,"key":"REST"}],"neow_cost":"NO_GOLD","seed_source_timestamp":648998694923,"circlet_count":0,"master_deck":["Strike_R+1","Strike_R","Defend_R","Defend_R","Defend_R","Defend_R","Bash","PanicButton+1","Magnetism+1","Iron Wave","Pommel Strike","Havoc+1","Shrug It Off","Twin Strike","Armaments+1","Spot Weakness","Limit Break+1","Infernal Blade+1","Havoc+1","Combust+1","Fire Breathing+1","Reaper+1","Entrench+1","Anger+1","Fire Breathing+1","Madness","Madness","Pommel Strike","Anger+1","Havoc+1"],"special_seed":0,"relics":["Burning Blood","Centennial Puzzle","Vajra","Frozen Egg 2","TheAbacus","Busted Crown","Potion Belt","Oddly Smooth Stone","Prayer Wheel","Art of War","Smiling Mask","Thread and Needle","Tiny House","War Paint","PreservedInsect","Ancient Tea Set","Dodecahedron","Red Mask"],"potions_floor_usage":[46,50,50,50],"damage_taken":[{"damage":6.0,"enemies":"2 Louse","floor":1.0,"turns":3.0},{"damage":11.0,"enemies":"Cultist","floor":2.0,"turns":4.0},{"damage":3.0,"enemies":"Jaw Worm","floor":3.0,"turns":4.0},{"damage":16.0,"enemies":"Large Slime","floor":5.0,"turns":8.0},{"damage":30.0,"enemies":"3 Sentries","floor":6.0,"turns":8.0},{"damage":1.0,"enemies":"Looter","floor":8.0,"turns":4.0},{"damage":18.0,"enemies":"Exordium Thugs","floor":11.0,"turns":6.0},{"damage":40.0,"enemies":"Lagavulin","floor":12.0,"turns":6.0},{"damage":4.0,"enemies":"The Guardian","floor":16.0,"turns":9.0},{"damage":11.0,"enemies":"Spheric Guardian","floor":18.0,"turns":4.0},{"damage":0.0,"enemies":"Shell Parasite","floor":21.0,"turns":2.0},{"damage":5.0,"enemies":"Sentry and Sphere","floor":22.0,"turns":5.0},{"damage":31.0,"enemies":"Book of Stabbing","floor":23.0,"turns":5.0},{"damage":18.0,"enemies":"Shelled Parasite and Fungi","floor":25.0,"turns":5.0},{"damage":33.0,"enemies":"Gremlin Leader","floor":28.0,"turns":4.0},{"damage":18.0,"enemies":"Slavers","floor":30.0,"turns":3.0},{"damage":2.0,"enemies":"Centurion and Healer","floor":31.0,"turns":4.0},{"damage":18.0,"enemies":"Champ","floor":33.0,"turns":7.0},{"damage":4.0,"enemies":"Orb Walker","floor":35.0,"turns":4.0},{"damage":21.0,"enemies":"3 Darklings","floor":39.0,"turns":3.0},{"damage":24.0,"enemies":"Giant Head","floor":40.0,"turns":6.0},{"damage":17.0,"enemies":"4 Shapes","floor":41.0,"turns":4.0},{"damage":59.0,"enemies":"Nemesis","floor":42.0,"turns":5.0},{"damage":0.0,"enemies":"Writhing Mass","floor":44.0,"turns":1.0},{"damage":17,"enemies":"Spire Growth","floor":46,"turns":5},{"damage":84,"enemies":"Donu and Deca","floor":50,"turns":9}],"seed_played":"44287391203248358","potions_obtained":[{"floor":3.0,"key":"PowerPotion"},{"floor":5.0,"key":"BloodPotion"},{"floor":8.0,"key":"SmokeBomb"},{"floor":10.0,"key":"Energy Potion"},{"floor":10.0,"key":"SmokeBomb"},{"floor":12.0,"key":"Energy Potion"},{"floor":22.0,"key":"GamblersBrew"},{"floor":23.0,"key":"SkillPotion"},{"floor":28.0,"key":"Fire Potion"},{"floor":31.0,"key":"Ancient Potion"},{"floor":34.0,"key":"Fruit Juice"},{"floor":40.0,"key":"EssenceOfSteel"},{"floor":42.0,"key":"Ancient Potion"},{"floor":46,"key":"PowerPotion"}],"is_trial":false,"path_per_floor":["M","M","M","?","M","E","R","M","T","?","M","E","R","$","R","B",null,"M","?","T","M","M","E","R","M","T","$","E","R","E","M","R","B",null,"M","?","$","?","M","E","M","E","T","M","R","M","R","?","R","B",null],"character_chosen":"IRONCLAD","items_purchased":["TheAbacus","Fire Breathing+1","War Paint"],"campfire_rested":5,"item_purchase_floors":[14,37,37],"current_hp_per_floor":[80,75,78,78,68,44,44,49,49,49,45,11,11,11,35,37,80,75,75,75,80,80,55,55,43,43,43,16,40,28,32,56,44,90,90,90,90,79,76,83,90,37,37,43,43,32,59,59,86,12],"gold":0,"neow_bonus":"RANDOM_COLORLESS_2","is_prod":false,"is_daily":false,"chose_seed":false,"campfire_upgraded":4,"win_rate":0,"timestamp":1551142239,"path_taken":["M","M","M","?","M","E","R","M","T","?","M","E","R","$","R","BOSS","M","?","?","M","M","E","R","M","T","$","E","R","E","M","R","BOSS","M","?","$","?","M","E","?","E","T","M","R","M","R","?","R","BOSS"],"build_version":"2019-01-23","purchased_purges":2,"victory":true,"max_hp_per_floor":[80,80,80,80,80,80,80,80,80,80,80,80,80,80,80,80,80,80,80,80,80,80,80,80,80,80,80,80,80,80,80,80,80,90,90,90,90,90,90,90,90,90,90,90,90,90,90,90,90,90],"card_choices":[{"not_picked":["Twin Strike","Flex"],"picked":"Iron Wave","floor":1.0},{"not_picked":["Thunderclap","Rampage"],"picked":"Pommel Strike","floor":2.0},{"not_picked":["Heavy Blade","Flex"],"picked":"Havoc","floor":3.0},{"not_picked":["Body Slam","Bludgeon"],"picked":"Shrug It Off","floor":5.0},{"not_picked":["Evolve","Shockwave"],"picked":"Twin Strike","floor":6.0},{"not_picked":["Hemokinesis","Thunderclap","Sword Boomerang"],"picked":"SKIP","floor":8.0},{"not_picked":["Intimidate","Clash"],"picked":"Armaments","floor":11.0},{"not_picked":["Pummel","Brutality"],"picked":"Spot Weakness","floor":12.0},{"not_picked":["Feed","Impervious"],"picked":"Limit Break","floor":16.0},{"not_picked":[],"picked":"Infernal Blade","floor":18.0},{"not_picked":[],"picked":"Havoc+1","floor":22.0},{"not_picked":["Power Through"],"picked":"SKIP","floor":23.0},{"not_picked":[],"picked":"Combust+1","floor":25.0},{"not_picked":["Perfected Strike"],"picked":"SKIP","floor":25.0},{"not_picked":["Perfected Strike"],"picked":"SKIP","floor":28.0},{"not_picked":[],"picked":"Fire Breathing+1","floor":30.0},{"not_picked":["Burning Pact"],"picked":"SKIP","floor":31.0},{"not_picked":["Sword Boomerang"],"picked":"SKIP","floor":31.0},{"not_picked":[],"picked":"Reaper","floor":33.0},{"not_picked":[],"picked":"Entrench+1","floor":35.0},{"not_picked":[],"picked":"Anger+1","floor":35.0},{"not_picked":[],"picked":"Pommel Strike","floor":39.0},{"not_picked":["Clothesline"],"picked":"SKIP","floor":39.0},{"not_picked":["Corruption+1"],"picked":"SKIP","floor":40.0},{"not_picked":[],"picked":"Anger+1","floor":41.0},{"not_picked":["Iron Wave+1"],"picked":"SKIP","floor":41.0},{"not_picked":["Anger"],"picked":"SKIP","floor":42.0},{"not_picked":[],"picked":"Havoc+1","floor":46},{"not_picked":["Second Wind+1"],"picked":"SKIP","floor":46}],"player_experience":189988,"relics_obtained":[{"floor":6.0,"key":"Centennial Puzzle"},{"floor":9.0,"key":"Vajra"},{"floor":12.0,"key":"Frozen Egg 2"},{"floor":20.0,"key":"Oddly Smooth Stone"},{"floor":23.0,"key":"Prayer Wheel"},{"floor":26.0,"key":"Art of War"},{"floor":28.0,"key":"Smiling Mask"},{"floor":30.0,"key":"Thread and Needle"},{"floor":40.0,"key":"PreservedInsect"},{"floor":42.0,"key":"Ancient Tea Set"},{"floor":43.0,"key":"Dodecahedron"}],"event_choices":[{"damage_healed":0.0,"max_hp_gain":0.0,"max_hp_loss":0.0,"gold_gain":0.0,"event_name":"Living Wall","player_choice":"Grow","floor":4.0,"gold_loss":0.0,"damage_taken":0.0,"cards_upgraded":["Havoc"]},{"damage_healed":0.0,"max_hp_gain":0.0,"max_hp_loss":0.0,"gold_gain":0.0,"event_name":"Lab","player_choice":"Got Potions","floor":10.0,"gold_loss":0.0,"damage_taken":0.0},{"damage_healed":0.0,"max_hp_gain":0.0,"max_hp_loss":0.0,"gold_gain":0.0,"event_name":"Addict","player_choice":"Obtained Relic","floor":19.0,"gold_loss":85.0,"damage_taken":0.0,"relics_obtained":["Potion Belt"]},{"cards_removed":["Strike_R"],"damage_healed":0.0,"max_hp_gain":0.0,"max_hp_loss":0.0,"gold_gain":0.0,"event_name":"Falling","player_choice":"Removed Attack","floor":36.0,"gold_loss":0.0,"damage_taken":0.0},{"damage_healed":0.0,"max_hp_gain":0.0,"max_hp_loss":0.0,"gold_gain":0.0,"event_name":"Winding Halls","player_choice":"Embrace Madness","floor":38.0,"gold_loss":0.0,"damage_taken":11.0,"cards_obtained":["Madness","Madness"]},{"damage_healed":0,"gold_gain":0,"player_choice":"Paid","damage_taken":0,"relics_obtained":["Red Mask"],"max_hp_gain":0,"max_hp_loss":0,"event_name":"Tomb of Lord Red Mask","floor":48,"gold_loss":105}],"is_beta":false,"boss_relics":[{"not_picked":["Sozu","Philosopher\u0027s Stone"],"picked":"Busted Crown"},{"not_picked":["Cursed Key","Orrery"],"picked":"Tiny House"}],"items_purged_floors":[27,37],"is_endless":false,"potions_floor_spawned":[3,5,8,12,22,23,28,31,40,42,44,46],"ascension_level":3}