{"gold_per_floor":[114,172,185,64,77,107,107,1,1,34,34,45,45,75,75,177,177,193,203,203,302,322,322,242,242,242,276,276,289,289,305,305,305],"floor_reached":33,"playtime":9016,"items_purged":[],"score":308,"play_id":"6e373d19-d821-4287-a053-3975775d83d8","local_time":"20190321224550","is_ascension_mode":false,"campfire_choices":[{"floor":7.0,"key":"REST"},{"data":"Adrenaline","floor":11.0,"key":"SMITH"},{"data":"Prepared","floor":13.0,"key":"SMITH"},{"data":"Die Die Die","floor":15.0,"key":"SMITH"},{"data":"Glass Knife","floor":23.0,"key":"SMITH"},{"data":"Underhanded Strike","floor":25.0,"key":"SMITH"},{"floor":30,"key":"REST"},{"floor":32,"key":"REST"}],"neow_cost":"NONE","seed_source_timestamp":157634811338609,"circlet_count":0,"master_deck":["Defend_G","Defend_G","Defend_G","Defend_G","Defend_G","Strike_G","Strike_G","Strike_G","Strike_G","Strike_G","Survivor","Neutralize","Die Die Die+1","Prepared+1","Flying Knee","Adrenaline+1","Underhanded Strike+1","Underhanded Strike","Dagger Throw","Backstab","Acrobatics","Dagger Throw","Burst","Dagger Spray","Glass Knife+1","Well Laid Plans","Masterful Stab+1","Eviscerate","Reflex","Reflex"],"special_seed":0,"relics":["Ring of the Snake","Incense Burner","Darkstone Periapt","Pantograph","Dodecahedron","The Courier","Art of War","Blue Candle"],"potions_floor_usage":[33,33],"damage_taken":[{"damage":0.0,"enemies":"Jaw Worm","floor":1.0,"turns":5.0},{"damage":0.0,"enemies":"Cultist","floor":3.0,"turns":4.0},{"damage":0.0,"enemies":"2 Louse","floor":5.0,"turns":1.0},{"damage":21.0,"enemies":"3 Sentries","floor":6.0,"turns":7.0},{"damage":0.0,"enemies":"Gremlin Nob","floor":10.0,"turns":3.0},{"damage":0.0,"enemies":"Gremlin Gang","floor":12.0,"turns":3.0},{"damage":5.0,"enemies":"3 Sentries","floor":14.0,"turns":4.0},{"damage":56.0,"enemies":"The Guardian","floor":16.0,"turns":12.0},{"damage":0.0,"enemies":"2 Thieves","floor":18.0,"turns":3.0},{"damage":0.0,"enemies":"Chosen","floor":19.0,"turns":4.0},{"damage":0.0,"enemies":"Snake Plant","floor":22.0,"turns":4.0},{"damage":27.0,"enemies":"Slavers","floor":27.0,"turns":5.0},{"damage":10,"enemies":"Chosen and Byrds","floor":29,"turns":6},{"damage":10,"enemies":"Sentry and Sphere","floor":31,"turns":3},{"damage":76,"enemies":"Collector","floor":33,"turns":6}],"seed_played":"-5871366436597214452","potions_obtained":[{"floor":1.0,"key":"Ancient Potion"},{"floor":10.0,"key":"Dexterity Potion"},{"floor":12.0,"key":"GhostInAJar"},{"floor":19.0,"key":"Regen Potion"},{"floor":31,"key":"PowerPotion"}],"is_trial":false,"path_per_floor":["M","?","M","$","M","E","R","$","T","E","R","M","R","E","R","B",null,"M","M","?","?","M","R","$","R","T","E","T","M","R","M","R","B"],"character_chosen":"THE_SILENT","items_purchased":["Adrenaline","Underhanded Strike","Backstab","Acrobatics","Eviscerate"],"campfire_rested":3,"item_purchase_floors":[4,4,8,8,24],"current_hp_per_floor":[70,70,70,70,70,49,70,70,70,70,70,70,70,65,65,14,70,70,70,70,70,70,70,70,70,70,52,52,42,63,53,70,0],"gold":305,"neow_bonus":"ONE_RANDOM_RARE_CARD","is_prod":false,"is_daily":false,"chose_seed":false,"campfire_upgraded":5,"win_rate":0.0,"timestamp":1553204750,"path_taken":["M","?","M","?","M","E","R","$","T","E","R","M","R","E","R","BOSS","M","M","?","?","M","R","$","R","T","E","?","M","R","?","R","BOSS"],"build_version":"2019-01-23","purchased_purges":0,"victory":false,"max_hp_per_floor":[70,70,70,70,70,70,70,70,70,70,70,70,70,70,70,70,70,70,70,70,70,70,70,70,70,70,70,70,70,70,70,70,70],"card_choices":[{"not_picked":["Finisher","Sucker Punch"],"picked":"Prepared","floor":1.0},{"not_picked":["Crippling Poison","Dagger Spray"],"picked":"Flying Knee","floor":3.0},{"not_picked":["Backflip","Deflect"],"picked":"Underhanded Strike","floor":5.0},{"not_picked":["Outmaneuver","Flying Knee"],"picked":"Dagger Throw","floor":6.0},{"not_picked":["Glass Knife","Dodge and Roll"],"picked":"Dagger Throw","floor":10.0},{"not_picked":["Backflip","Outmaneuver"],"picked":"Burst","floor":12.0},{"not_picked":["Choke","Poisoned Stab"],"picked":"Dagger Spray","floor":14.0},{"not_picked":["Unload","Night Terror"],"picked":"Glass Knife","floor":16.0},{"not_picked":["PiercingWail","Noxious Fumes"],"picked":"Well Laid Plans","floor":18.0},{"not_picked":["Outmaneuver+1","Dodge and Roll"],"picked":"Masterful Stab+1","floor":19.0},{"not_picked":["Accuracy","Blade Dance","Dagger Spray"],"picked":"SKIP","floor":22.0},{"not_picked":["Expertise","Poisoned Stab"],"picked":"Reflex","floor":27.0},{"not_picked":["Endless Agony+1","Well Laid Plans","Heel Hook"],"picked":"SKIP","floor":29},{"not_picked":["Bouncing Flask+1","Deflect"],"picked":"Reflex","floor":31}],"player_experience":352181,"relics_obtained":[{"floor":6.0,"key":"Incense Burner"},{"floor":9.0,"key":"Darkstone Periapt"},{"floor":10.0,"key":"Pantograph"},{"floor":14.0,"key":"Dodecahedron"},{"floor":26.0,"key":"The Courier"},{"floor":27.0,"key":"Art of War"},{"floor":28.0,"key":"Blue Candle"}],"event_choices":[{"damage_healed":0.0,"max_hp_gain":0.0,"max_hp_loss":0.0,"gold_gain":58.0,"event_name":"Golden Wing","player_choice":"Gained Gold","floor":2.0,"gold_loss":0.0,"damage_taken":0.0},{"damage_healed":0.0,"max_hp_gain":0.0,"max_hp_loss":0.0,"gold_gain":0.0,"event_name":"Vampires","player_choice":"Ignored","floor":20.0,"gold_loss":0.0,"damage_taken":0.0},{"damage_healed":0.0,"max_hp_gain":0.0,"max_hp_loss":0.0,"gold_gain":99.0,"event_name":"Nest","player_choice":"Stole From Cult","floor":21.0,"gold_loss":0.0,"damage_taken":0.0}],"is_beta":false,"boss_relics":[{"not_picked":["HoveringKite","Pandora\u0027s Box","Philosopher\u0027s Stone"]}],"items_purged_floors":[],"is_endless":false,"potions_floor_spawned":[1,10,12,19,31],"killed_by":"Collector","ascension_level":0}