{"gold_per_floor":[109,123,123,198,218,218,218,218,244,244,244,176,176,189,189,291,291,305,316,316,42,53,53,68,68,68,18,18,44,44,58,58,160,160,171,184,184,184,203,229,241,253,337,50,50,62,62,80,80,80],"floor_reached":50,"playtime":1388,"items_purged":["Writhe"],"score":480,"play_id":"673de79a-c35b-443a-afa9-95ba48cde427","local_time":"20190318221644","is_ascension_mode":false,"campfire_choices":[{"data":"Shockwave","floor":6.0,"key":"SMITH"},{"floor":8.0,"key":"REST"},{"data":"Bash","floor":11.0,"key":"SMITH"},{"data":"Pommel Strike","floor":13.0,"key":"SMITH"},{"data":"Inflame","floor":15.0,"key":"SMITH"},{"data":"Impervious","floor":23.0,"key":"SMITH"},{"floor":28.0,"key":"REST"},{"floor":30,"key":"REST"},{"floor":32,"key":"REST"},{"floor":41,"key":"REST"},{"floor":49,"key":"REST"}],"neow_cost":"NONE","seed_source_timestamp":0,"circlet_count":0,"master_deck":["Strike_R+1","Strike_R+1","Strike_R+1","Strike_R+1","Strike_R+1","Defend_R+1","Defend_R+1","Defend_R+1","Defend_R+1","Bash+1","Cleave","Pommel Strike","Shockwave+1","Pommel Strike+1","Inflame+1","Flex","Impervious+1","Shrug It Off+1","Flash of Steel","Pummel","Perfected Strike","Dropkick","Limit Break","Wild Strike","Thunderclap+1","Flame Barrier+1","Shrug It Off","Perfected Strike","Dual Wield","Sword Boomerang+1"],"special_seed":0,"relics":["Burning Blood","Bag of Marbles","Vajra","Pen Nib","Black Star","PreservedInsect","Tiny Chest","Meat on the Bone","StoneCalendar","Blue Candle","Philosopher\u0027s Stone","Gremlin Horn","Bag of Preparation","MawBank","Kunai","DollysMirror"],"potions_floor_usage":[33,37,40,50,50,50],"damage_taken":[{"damage":0.0,"enemies":"2 Louse","floor":1.0,"turns":2.0},{"damage":0.0,"enemies":"Small Slimes","floor":2.0,"turns":2.0},{"damage":6.0,"enemies":"Cultist","floor":5.0,"turns":4.0},{"damage":15.0,"enemies":"Large Slime","floor":14.0,"turns":5.0},{"damage":32.0,"enemies":"Hexaghost","floor":16.0,"turns":6.0},{"damage":7.0,"enemies":"3 Byrds","floor":18.0,"turns":5.0},{"damage":25.0,"enemies":"2 Thieves","floor":19.0,"turns":4.0},{"damage":0.0,"enemies":"Snake Plant","floor":22.0,"turns":4.0},{"damage":14.0,"enemies":"Cultist and Chosen","floor":24.0,"turns":4.0},{"damage":33,"enemies":"Slavers","floor":29,"turns":4},{"damage":14,"enemies":"Centurion and Healer","floor":31,"turns":5},{"damage":45,"enemies":"Collector","floor":33,"turns":9},{"damage":16,"enemies":"Orb Walker","floor":35,"turns":3},{"damage":19,"enemies":"3 Shapes","floor":36,"turns":3},{"damage":0,"enemies":"Spire Growth","floor":37,"turns":1},{"damage":27,"enemies":"3 Darklings","floor":39,"turns":3},{"damage":23,"enemies":"Nemesis","floor":40,"turns":5},{"damage":14,"enemies":"Sphere and 2 Shapes","floor":46,"turns":3},{"damage":22,"enemies":"Spire Growth","floor":48,"turns":5},{"damage":77,"enemies":"Awakened One","floor":50,"turns":13}],"seed_played":"8195531324026653969","potions_obtained":[{"floor":2.0,"key":"GamblersBrew"},{"floor":5.0,"key":"AttackPotion"},{"floor":14.0,"key":"PowerPotion"},{"floor":18.0,"key":"SteroidPotion"},{"floor":24.0,"key":"Ancient Potion"},{"floor":29,"key":"SpeedPotion"},{"floor":36,"key":"SmokeBomb"},{"floor":39,"key":"Ancient Potion"},{"floor":48,"key":"Weak Potion"}],"is_trial":false,"path_per_floor":["M","M","?","?","M","R","?","R","T","?","R","$","R","M","R","B",null,"M","M","?","$","M","R","M","?","T","?","R","E","R","M","R","B",null,"M","M","M","T","M","E","R","?","T","$","?","M","$","M","R","B"],"character_chosen":"IRONCLAD","items_purchased":["Inflame","Tiny Chest","Flash of Steel","Twin Strike","Shrug It Off","DollysMirror"],"campfire_rested":6,"item_purchase_floors":[12,21,21,44,44,44],"current_hp_per_floor":[80,80,80,69,69,69,62,80,80,80,80,80,80,71,71,45,80,79,60,60,60,66,66,58,58,58,58,80,53,77,69,80,53,80,70,57,63,63,54,49,73,73,73,73,73,65,65,49,73,0],"gold":80,"neow_bonus":"THREE_CARDS","is_prod":false,"is_daily":false,"chose_seed":false,"campfire_upgraded":5,"win_rate":0,"timestamp":1552943804,"path_taken":["M","M","?","?","M","R","?","R","T","?","R","$","R","M","R","BOSS","M","?","?","$","M","R","M","?","T","?","R","E","R","M","R","BOSS","M","M","M","?","M","E","R","?","T","$","?","?","$","M","R","BOSS"],"build_version":"2019-01-23","purchased_purges":1,"victory":false,"max_hp_per_floor":[80,80,80,80,80,80,80,80,80,80,80,80,80,80,80,80,80,80,80,80,80,80,80,80,80,80,80,80,80,80,80,80,80,80,80,80,80,80,80,80,80,80,80,80,80,80,80,80,80,80],"card_choices":[{"not_picked":["Clothesline","Thunderclap"],"picked":"Cleave","floor":0.0},{"not_picked":["Sword Boomerang","Iron Wave"],"picked":"Pommel Strike","floor":1.0},{"not_picked":["Cleave","Iron Wave"],"picked":"Shockwave","floor":2.0},{"not_picked":["Iron Wave","Clash"],"picked":"Pommel Strike","floor":5.0},{"not_picked":["Pummel","Shockwave"],"picked":"Flex","floor":14.0},{"not_picked":["Dark Embrace","Bludgeon"],"picked":"Impervious","floor":16.0},{"not_picked":["Sentinel","Headbutt"],"picked":"Shrug It Off+1","floor":18.0},{"not_picked":["True Grit","Bloodletting"],"picked":"Clothesline+1","floor":19.0},{"not_picked":["Warcry+1","Body Slam"],"picked":"Pummel","floor":22.0},{"not_picked":["Armaments+1","Warcry"],"picked":"Perfected Strike","floor":24.0},{"not_picked":["Searing Blow","Exhume"],"picked":"Dropkick","floor":29},{"not_picked":["Body Slam+1","Havoc","True Grit"],"picked":"SKIP","floor":31},{"not_picked":["Fiend Fire","Brutality"],"picked":"Limit Break","floor":33},{"not_picked":["Dual Wield+1","Anger"],"picked":"Wild Strike","floor":35},{"not_picked":["Reckless Charge","True Grit","Battle Trance"],"picked":"SKIP","floor":36},{"not_picked":["Sword Boomerang","Clothesline+1"],"picked":"Thunderclap+1","floor":39},{"not_picked":["Feed","Wild Strike+1"],"picked":"Flame Barrier+1","floor":40},{"not_picked":["Feel No Pain","Reckless Charge"],"picked":"Sword Boomerang+1","floor":46},{"not_picked":["True Grit","Sever Soul","Blood for Blood"],"picked":"SKIP","floor":48}],"player_experience":304195,"relics_obtained":[{"floor":9.0,"key":"Vajra"},{"floor":26.0,"key":"Meat on the Bone"},{"floor":29,"key":"StoneCalendar"},{"floor":29,"key":"Blue Candle"},{"floor":38,"key":"Gremlin Horn"},{"floor":40,"key":"Bag of Preparation"},{"floor":40,"key":"MawBank"},{"floor":43,"key":"Kunai"}],"event_choices":[{"damage_healed":0.0,"max_hp_gain":0.0,"max_hp_loss":0.0,"gold_gain":0.0,"event_name":"The Cleric","player_choice":"Leave","floor":3.0,"gold_loss":0.0,"damage_taken":0.0},{"damage_healed":0.0,"max_hp_gain":0.0,"max_hp_loss":0.0,"gold_gain":75.0,"event_name":"World of Goop","player_choice":"Gather Gold","floor":4.0,"gold_loss":0.0,"damage_taken":11.0},{"damage_healed":0.0,"max_hp_gain":0.0,"max_hp_loss":0.0,"gold_gain":0.0,"event_name":"Scrap Ooze","player_choice":"Success","floor":7.0,"gold_loss":0.0,"damage_taken":7.0,"relics_obtained":["Bag of Marbles"]},{"damage_healed":0.0,"max_hp_gain":0.0,"max_hp_loss":0.0,"gold_gain":0.0,"event_name":"WeMeetAgain","player_choice":"Gave Potion","floor":10.0,"gold_loss":0.0,"damage_taken":0.0,"relics_obtained":["Pen Nib"]},{"damage_healed":0.0,"max_hp_gain":0.0,"max_hp_loss":0.0,"gold_gain":0.0,"event_name":"The Mausoleum","player_choice":"Opened","floor":20.0,"gold_loss":0.0,"damage_taken":0.0,"relics_obtained":["PreservedInsect"],"cards_obtained":["Writhe"]},{"damage_healed":0.0,"max_hp_gain":0.0,"max_hp_loss":0.0,"gold_gain":0.0,"event_name":"Back to Basics","player_choice":"Simplicity","floor":25.0,"gold_loss":0.0,"damage_taken":0.0,"cards_upgraded":["Strike_R","Strike_R","Strike_R","Strike_R","Strike_R","Defend_R","Defend_R","Defend_R","Defend_R"]},{"damage_healed":0.0,"max_hp_gain":0.0,"max_hp_loss":0.0,"gold_gain":0.0,"event_name":"The Joust","player_choice":"Bet on Murderer","floor":27.0,"gold_loss":50.0,"damage_taken":0.0},{"cards_removed":["Clothesline"],"damage_healed":0,"gold_gain":0,"player_choice":"Removed Attack","damage_taken":0,"max_hp_gain":0,"max_hp_loss":0,"event_name":"Falling","floor":42,"gold_loss":0},{"damage_healed":0,"gold_gain":0,"cards_transformed":["Twin Strike"],"player_choice":"Transformed","damage_taken":0,"max_hp_gain":0,"max_hp_loss":0,"event_name":"Transmorgrifier","floor":45,"gold_loss":0,"cards_obtained":["Dual Wield"]}],"is_beta":false,"boss_relics":[{"not_picked":["Calling Bell","Tiny House"],"picked":"Black Star"},{"not_picked":["Snecko Eye","Runic Pyramid"],"picked":"Philosopher\u0027s Stone"}],"items_purged_floors":[21],"is_endless":false,"potions_floor_spawned":[2,5,14,18,24,29,36,39,48],"killed_by":"Awakened One","ascension_level":0}