{"gold_per_floor":[14,14,89,101,112,112,147,147,174,274,286,305,335,347,359,473,485,516,528,311,326,337,371,371,383,410,335,335,352,371,387,387,491,491,506,405,405,135,147,147,164,164,188,188,188],"floor_reached":45,"playtime":2450,"items_purged":["Strike_R"],"score":611,"play_id":"19a59fed-5e7d-4c16-add7-37a0f2323c2d","local_time":"20190324014629","is_ascension_mode":true,"campfire_choices":[{"data":"Metallicize","floor":6.0,"key":"SMITH"},{"floor":8.0,"key":"REST"},{"data":"Bash","floor":15.0,"key":"SMITH"},{"floor":24.0,"key":"REST"},{"data":"Barricade","floor":32.0,"key":"SMITH"},{"data":"Rampage","floor":40.0,"key":"SMITH"},{"floor":42,"key":"REST"}],"neow_cost":"NO_GOLD","seed_source_timestamp":347787133337255,"circlet_count":0,"master_deck":["Strike_R","Strike_R","Strike_R","Defend_R","Defend_R","Defend_R","Defend_R","Bash+1","Metallicize","Iron Wave","Metallicize+1","Shrug It Off","Barricade+1","Spot Weakness","Infernal Blade","Headbutt+1","Entrench+1","Rampage+1","True Grit+1","Armaments+1","Headbutt","Shrug It Off+1","Flame Barrier","Madness","Madness"],"special_seed":0,"relics":["Burning Blood","Thread and Needle","PreservedInsect","Oddly Smooth Stone","MawBank","Potion Belt","Velvet Choker","Membership Card","Bag of Marbles","Dream Catcher","Lizard Tail","DollysMirror","TheAbacus","Centennial Puzzle","Blood Vial"],"potions_floor_usage":[45],"damage_taken":[{"damage":0.0,"enemies":"2 Louse","floor":1.0,"turns":3.0},{"damage":3.0,"enemies":"Small Slimes","floor":4.0,"turns":4.0},{"damage":0.0,"enemies":"Cultist","floor":5.0,"turns":4.0},{"damage":39.0,"enemies":"Lagavulin","floor":7.0,"turns":13.0},{"damage":0.0,"enemies":"Blue Slaver","floor":11.0,"turns":4.0},{"damage":0.0,"enemies":"Exordium Wildlife","floor":12.0,"turns":7.0},{"damage":0.0,"enemies":"3 Sentries","floor":13.0,"turns":9.0},{"damage":28.0,"enemies":"The Guardian","floor":16.0,"turns":13.0},{"damage":0.0,"enemies":"Shell Parasite","floor":18.0,"turns":8.0},{"damage":0.0,"enemies":"Spheric Guardian","floor":21.0,"turns":6.0},{"damage":30.0,"enemies":"Snake Plant","floor":22.0,"turns":8.0},{"damage":26.0,"enemies":"Slavers","floor":23.0,"turns":6.0},{"damage":23.0,"enemies":"3 Cultists","floor":25.0,"turns":7.0},{"damage":4.0,"enemies":"Chosen and Byrds","floor":29.0,"turns":11.0},{"damage":7.0,"enemies":"Shelled Parasite and Fungi","floor":30.0,"turns":7.0},{"damage":4.0,"enemies":"Snecko","floor":31.0,"turns":7.0},{"damage":22.0,"enemies":"Champ","floor":33.0,"turns":12.0},{"damage":13.0,"enemies":"Orb Walker","floor":35.0,"turns":5.0},{"damage":13.0,"enemies":"3 Shapes","floor":39.0,"turns":7.0},{"damage":30,"enemies":"Transient","floor":41,"turns":5},{"damage":29,"enemies":"3 Darklings","floor":45,"turns":3}],"seed_played":"5857371629776353123","potions_obtained":[{"floor":1.0,"key":"Block Potion"},{"floor":5.0,"key":"Weak Potion"},{"floor":7.0,"key":"PowerPotion"},{"floor":18.0,"key":"SteroidPotion"},{"floor":19.0,"key":"SpeedPotion"},{"floor":19.0,"key":"Block Potion"},{"floor":25.0,"key":"GamblersBrew"},{"floor":29.0,"key":"FearPotion"},{"floor":30.0,"key":"Poison Potion"},{"floor":35.0,"key":"SteroidPotion"}],"is_trial":false,"path_per_floor":["M","$","?","M","M","R","E","R","T","?","M","M","E","?","R","B",null,"M","?","$","M","M","E","R","M","T","?","?","M","M","M","R","B",null,"M","$","?","$","M","R","M","R","T","?","M"],"character_chosen":"IRONCLAD","items_purchased":["Membership Card","Infernal Blade","DollysMirror","TheAbacus","Centennial Puzzle","Explosive Potion","Headbutt"],"campfire_rested":3,"item_purchase_floors":[20,20,36,38,38,38,38],"current_hp_per_floor":[78,78,67,70,76,76,43,67,67,67,73,79,80,73,73,51,73,79,79,79,80,56,36,60,43,43,43,69,71,70,72,72,56,74,67,67,67,67,60,60,36,60,60,50,23],"gold":188,"neow_bonus":"ONE_RARE_RELIC","is_prod":false,"is_daily":false,"chose_seed":false,"campfire_upgraded":4,"win_rate":0,"timestamp":1553388389,"path_taken":["M","$","?","M","M","R","E","R","T","?","?","M","E","?","R","BOSS","M","?","$","?","M","E","R","M","T","?","?","M","M","M","R","BOSS","M","$","?","$","M","R","M","R","T","?","M"],"build_version":"2019-01-23","purchased_purges":1,"victory":false,"max_hp_per_floor":[80,80,80,80,80,80,80,80,80,80,80,80,80,80,80,80,80,80,80,80,80,80,80,80,80,80,80,80,80,80,80,80,80,80,80,80,80,80,80,80,80,80,80,80,80],"card_choices":[{"not_picked":["Rage","Shockwave"],"picked":"Metallicize","floor":1.0},{"not_picked":["Fire Breathing","Second Wind"],"picked":"Iron Wave","floor":4.0},{"not_picked":["Heavy Blade","Combust"],"picked":"Metallicize","floor":5.0},{"not_picked":["Iron Wave","Anger","Brutality"],"picked":"SKIP","floor":7.0},{"not_picked":["Perfected Strike","Bloodletting"],"picked":"Shrug It Off","floor":11.0},{"not_picked":["Hemokinesis","Searing Blow","Corruption"],"picked":"SKIP","floor":12.0},{"not_picked":["Seeing Red","Anger","Perfected Strike"],"picked":"SKIP","floor":13.0},{"not_picked":["Demon Form","Immolate"],"picked":"Barricade","floor":16.0},{"not_picked":["Clothesline","Clash"],"picked":"Spot Weakness","floor":18.0},{"not_picked":["Thunderclap","Iron Wave"],"picked":"Headbutt+1","floor":21.0},{"not_picked":["Twin Strike","Power Through+1"],"picked":"Entrench+1","floor":22.0},{"not_picked":["Seeing Red+1","Wild Strike"],"picked":"Rampage","floor":23.0},{"not_picked":["Spot Weakness","Carnage+1","Headbutt+1"],"picked":"SKIP","floor":25.0},{"not_picked":["Disarm","Sever Soul","Warcry"],"picked":"SKIP","floor":29.0},{"not_picked":["Wild Strike","Headbutt","Disarm"],"picked":"SKIP","floor":30.0},{"not_picked":["Havoc+1","Anger"],"picked":"True Grit+1","floor":31.0},{"not_picked":["Body Slam","Clothesline"],"picked":"Armaments+1","floor":35.0},{"not_picked":["Flex+1","Blood for Blood"],"picked":"Shrug It Off+1","floor":39.0},{"not_picked":["Clothesline+1","Heavy Blade+1"],"picked":"Flame Barrier","floor":41}],"player_experience":389973,"relics_obtained":[{"floor":7.0,"key":"PreservedInsect"},{"floor":9.0,"key":"Oddly Smooth Stone"},{"floor":13.0,"key":"MawBank"},{"floor":23.0,"key":"Bag of Marbles"},{"floor":26.0,"key":"Dream Catcher"},{"floor":43,"key":"Blood Vial"}],"event_choices":[{"damage_healed":0.0,"max_hp_gain":0.0,"max_hp_loss":0.0,"gold_gain":75.0,"event_name":"World of Goop","player_choice":"Gather Gold","floor":3.0,"gold_loss":0.0,"damage_taken":11.0},{"damage_healed":0.0,"max_hp_gain":0.0,"max_hp_loss":0.0,"gold_gain":100.0,"event_name":"Golden Shrine","player_choice":"Pray","floor":10.0,"gold_loss":0.0,"damage_taken":0.0},{"damage_healed":0.0,"max_hp_gain":0.0,"max_hp_loss":0.0,"gold_gain":0.0,"event_name":"Scrap Ooze","player_choice":"Success","floor":14.0,"gold_loss":0.0,"damage_taken":7.0,"relics_obtained":["Potion Belt"]},{"damage_healed":0.0,"max_hp_gain":0.0,"max_hp_loss":0.0,"gold_gain":0.0,"event_name":"Lab","player_choice":"Got Potions","floor":19.0,"gold_loss":0.0,"damage_taken":0.0},{"cards_removed":["Strike_R"],"damage_healed":0.0,"max_hp_gain":0.0,"max_hp_loss":0.0,"gold_gain":0.0,"event_name":"Beggar","player_choice":"Gave Gold","floor":27.0,"gold_loss":75.0,"damage_taken":0.0},{"damage_healed":26.0,"max_hp_gain":0.0,"max_hp_loss":0.0,"gold_gain":0.0,"event_name":"The Library","player_choice":"Heal","floor":28.0,"gold_loss":0.0,"damage_taken":0.0},{"cards_removed":["Entrench"],"damage_healed":0.0,"max_hp_gain":0.0,"max_hp_loss":0.0,"gold_gain":0.0,"event_name":"Falling","player_choice":"Removed Skill","floor":37.0,"gold_loss":0.0,"damage_taken":0.0},{"damage_healed":0,"gold_gain":0,"player_choice":"Embrace Madness","damage_taken":10,"max_hp_gain":0,"max_hp_loss":0,"event_name":"Winding Halls","floor":44,"gold_loss":0,"cards_obtained":["Madness","Madness"]}],"is_beta":false,"boss_relics":[{"not_picked":["Eternal Feather","Empty Cage"],"picked":"Velvet Choker"},{"not_picked":["Fusion Hammer","Sozu"],"picked":"Lizard Tail"}],"items_purged_floors":[38],"is_endless":false,"potions_floor_spawned":[1,5,7,12,13,18,25,29,30,35,41],"killed_by":"3 Darklings","ascension_level":6}