{"gold_per_floor":[365,383,12,32,32,32,47,82,82,82,82,82,101,6,6,101,101,120,120,140,159,172,172,197,197,197,231,241,241],"floor_reached":29,"playtime":5027,"items_purged":["Strike_B"],"score":331,"play_id":"b7048ff8-8da2-4515-aded-aacd6f0a2105","local_time":"20181125073833","is_ascension_mode":true,"campfire_choices":[{"data":"Redo","floor":6,"key":"SMITH"},{"data":"Zap","floor":10,"key":"SMITH"},{"floor":12,"key":"REST"},{"data":"Defend_B","floor":15,"key":"SMITH"},{"floor":23,"key":"REST"},{"data":"Defend_B","floor":25,"key":"SMITH"}],"neow_cost":"PERCENT_DAMAGE","seed_source_timestamp":1134593307599,"circlet_count":0,"master_deck":["Strike_B","Strike_B","Strike_B","Defend_B+1","Defend_B","Defend_B","Defend_B+1","Zap+1","Dualcast","Consume+1","Glacier","Coolheaded","Redo+1","Coolheaded","Stack","Hologram","Conserve Battery","Undo","Electrodynamics","Leap","Decay","Stack+1","Go for the Eyes","Hello World+1","Genetic Algorithm+1","FTL","Static Discharge+1"],"relics":["FrozenCore","Mercury Hourglass","Centennial Puzzle","Dodecahedron","StoneCalendar","Bronze Scales","Ornamental Fan","Sundial"],"potions_floor_usage":[8,22,28],"damage_taken":[{"damage":11,"enemies":"Jaw Worm","floor":1,"turns":3},{"damage":0,"enemies":"2 Louse","floor":2,"turns":3},{"damage":8,"enemies":"Small Slimes","floor":4,"turns":2},{"damage":3,"enemies":"Gremlin Gang","floor":7,"turns":3},{"damage":6,"enemies":"3 Sentries","floor":8,"turns":6},{"damage":0,"enemies":"2 Fungi Beasts","floor":13,"turns":3},{"damage":0,"enemies":"Slime Boss","floor":16,"turns":9},{"damage":0,"enemies":"Shell Parasite","floor":18,"turns":7},{"damage":0,"enemies":"Spheric Guardian","floor":20,"turns":7},{"damage":0,"enemies":"Snecko","floor":21,"turns":7},{"damage":5,"enemies":"Centurion and Healer","floor":22,"turns":21},{"damage":39,"enemies":"Slavers","floor":24,"turns":7},{"damage":8,"enemies":"Book of Stabbing","floor":27,"turns":7},{"damage":9,"enemies":"Cultist and Chosen","floor":28,"turns":7},{"damage":13,"enemies":"Colosseum Slavers","floor":29,"turns":5},{"damage":37,"enemies":"Colosseum Nobs","floor":29,"turns":4}],"seed_played":"320053636387636719","potions_obtained":[{"floor":1,"key":"Block Potion"},{"floor":16,"key":"PowerPotion"},{"floor":22,"key":"Strength Potion"},{"floor":27,"key":"Regen Potion"},{"floor":28,"key":"SteroidPotion"}],"is_trial":false,"path_per_floor":["M","M","$","M","?","R","M","E","T","R","?","R","M","$","R","B",null,"M","?","M","M","M","R","E","R","T","E","M","?"],"character_chosen":"DEFECT","items_purchased":["Mercury Hourglass","Coolheaded","Conserve Battery","Undo"],"campfire_rested":2,"item_purchase_floors":[3,3,14,14],"current_hp_per_floor":[43,43,43,35,35,35,32,26,26,26,14,36,36,36,36,36,75,75,75,75,75,70,75,36,36,36,28,34,0],"gold":241,"neow_bonus":"TWO_FIFTY_GOLD","is_prod":false,"is_daily":false,"chose_seed":false,"campfire_upgraded":4,"win_rate":0,"timestamp":1543099113,"path_taken":["M","M","$","M","?","R","M","E","T","R","?","R","M","$","R","BOSS","M","?","M","M","M","R","E","R","T","E","?","?"],"build_version":"2018-11-15","purchased_purges":1,"victory":false,"max_hp_per_floor":[75,75,75,75,75,75,75,75,75,75,75,75,75,75,75,75,75,75,75,75,75,75,75,75,75,75,75,75,75],"card_choices":[{"not_picked":["Melter","Redo"],"picked":"Consume","floor":1},{"not_picked":["Coolheaded","Leap"],"picked":"Glacier","floor":2},{"not_picked":["Aggregate","Heatsinks"],"picked":"Redo","floor":4},{"not_picked":["Melter","Steam Power"],"picked":"Coolheaded","floor":7},{"not_picked":["Undo","Multi-Cast"],"picked":"Stack","floor":8},{"not_picked":["Tempest","Ball Lightning"],"picked":"Hologram","floor":13},{"not_picked":["Thunder Strike","Rainbow"],"picked":"Electrodynamics","floor":16},{"not_picked":["Sweeping Beam","Darkness+1"],"picked":"Leap","floor":18},{"not_picked":["Doom and Gloom+1","Storm"],"picked":"Stack+1","floor":20},{"not_picked":["Tempest+1","Beam Cell+1"],"picked":"Go for the Eyes","floor":21},{"not_picked":["Chill","Beam Cell"],"picked":"Hello World+1","floor":22},{"not_picked":["Conserve Battery","White Noise"],"picked":"Genetic Algorithm+1","floor":24},{"not_picked":["Darkness","Lockon"],"picked":"FTL","floor":27},{"not_picked":["Go for the Eyes","Darkness"],"picked":"Static Discharge+1","floor":28}],"player_experience":51283,"relics_obtained":[{"floor":8,"key":"Centennial Puzzle"},{"floor":9,"key":"Dodecahedron"},{"floor":24,"key":"Bronze Scales"},{"floor":26,"key":"Ornamental Fan"},{"floor":27,"key":"Sundial"}],"event_choices":[{"damage_healed":0,"gold_gain":0,"player_choice":"Grow","damage_taken":0,"max_hp_gain":0,"max_hp_loss":0,"event_name":"Living Wall","floor":5,"gold_loss":0,"cards_upgraded":["Consume"]},{"damage_healed":0,"gold_gain":0,"player_choice":"Success","damage_taken":12,"relics_obtained":["StoneCalendar"],"max_hp_gain":0,"max_hp_loss":0,"event_name":"Scrap Ooze","floor":11,"gold_loss":0},{"damage_healed":0,"gold_gain":0,"player_choice":"Cursed","damage_taken":0,"max_hp_gain":0,"max_hp_loss":0,"event_name":"Wheel of Change","floor":19,"gold_loss":0,"cards_obtained":["Decay"]},{"damage_healed":0,"gold_gain":0,"player_choice":"Fight","damage_taken":0,"max_hp_gain":0,"max_hp_loss":0,"event_name":"Colosseum","floor":29,"gold_loss":0},{"damage_healed":0,"gold_gain":0,"player_choice":"Fought Nobs","damage_taken":0,"max_hp_gain":0,"max_hp_loss":0,"event_name":"Colosseum","floor":29,"gold_loss":0}],"is_beta":false,"boss_relics":[{"not_picked":["Lizard Tail","Coffee Dripper"],"picked":"FrozenCore"}],"items_purged_floors":[3],"is_endless":false,"potions_floor_spawned":[1,16,22,27,28],"killed_by":"Colosseum Nobs","ascension_level":1}