{"gold_per_floor":[109,129,147,164,175,175,155,155,181,210,210,230,244,259,259,362,362,375,104,121,136,136],"floor_reached":22,"playtime":2560,"items_purged":["Strike_G"],"score":192,"play_id":"d50d10af-f1c3-4776-a275-e31a347038d3","local_time":"20181125132100","is_ascension_mode":false,"campfire_choices":[{"data":"Burst","floor":6,"key":"SMITH"},{"data":"Outmaneuver","floor":8,"key":"SMITH"},{"data":"Endless Agony","floor":11,"key":"SMITH"},{"data":"Catalyst","floor":15,"key":"SMITH"}],"neow_cost":"NONE","seed_source_timestamp":24141492512312,"circlet_count":0,"master_deck":["Defend_G","Defend_G","Defend_G","Defend_G","Strike_G","Strike_G","Strike_G","Strike_G+1","Survivor","Neutralize","Burst+1","Outmaneuver+1","Endless Agony+1","Dagger Throw+1","Crippling Poison","PiercingWail","Infinite Blades","Catalyst+1","Doppelganger","Bane","Adrenaline","Poisoned Stab+1","Terror","After Image","Deflect","Quick Slash+1"],"relics":["Ring of the Snake","Snake Skull","Whetstone","Runic Pyramid"],"potions_floor_usage":[10,16,16,16,21],"damage_taken":[{"damage":0,"enemies":"2 Louse","floor":1,"turns":5},{"damage":1,"enemies":"Cultist","floor":2,"turns":4},{"damage":10,"enemies":"Small Slimes","floor":3,"turns":6},{"damage":3,"enemies":"2 Fungi Beasts","floor":4,"turns":4},{"damage":8,"enemies":"Gremlin Gang","floor":5,"turns":4},{"damage":4,"enemies":"Gremlin Nob","floor":10,"turns":4},{"damage":4,"enemies":"Large Slime","floor":12,"turns":6},{"damage":1,"enemies":"3 Louse","floor":13,"turns":3},{"damage":0,"enemies":"Looter","floor":14,"turns":3},{"damage":28,"enemies":"Hexaghost","floor":16,"turns":11},{"damage":8,"enemies":"Spheric Guardian","floor":18,"turns":6},{"damage":9,"enemies":"2 Thieves","floor":20,"turns":4},{"damage":47,"enemies":"Cultist and Chosen","floor":21,"turns":7},{"damage":19,"enemies":"Shelled Parasite and Fungi","floor":22,"turns":2}],"seed_played":"-7119674089945205306","potions_obtained":[{"floor":2,"key":"SpeedPotion"},{"floor":3,"key":"SteroidPotion"},{"floor":7,"key":"GhostInAJar"},{"floor":13,"key":"Explosive Potion"},{"floor":16,"key":"SteroidPotion"},{"floor":20,"key":"Regen Potion"}],"is_trial":false,"path_per_floor":["M","M","M","M","M","R","?","R","T","E","R","M","M","M","R","B",null,"M","$","M","M","M"],"character_chosen":"THE_SILENT","items_purchased":["Terror","After Image"],"campfire_rested":0,"item_purchase_floors":[19,19],"current_hp_per_floor":[70,69,59,56,48,48,48,48,48,44,44,40,39,39,39,11,70,62,62,53,18,0],"gold":136,"neow_bonus":"TRANSFORM_CARD","is_prod":false,"is_daily":false,"chose_seed":false,"campfire_upgraded":4,"win_rate":0.0,"timestamp":1543119660,"path_taken":["M","M","M","M","M","R","?","R","T","E","R","?","M","M","R","BOSS","M","$","M","M","M"],"build_version":"2018-11-15","purchased_purges":1,"victory":false,"max_hp_per_floor":[70,70,70,70,70,70,70,70,70,70,70,70,70,70,70,70,70,70,70,70,70,70],"card_choices":[{"not_picked":["Deflect","Calculated Gamble"],"picked":"Outmaneuver","floor":1},{"not_picked":["Acrobatics","Quick Slash"],"picked":"Endless Agony","floor":2},{"not_picked":["Reflex","Skewer"],"picked":"Dagger Throw","floor":3},{"not_picked":["Flechettes","Acrobatics"],"picked":"Crippling Poison","floor":4},{"not_picked":["Blade Dance","Dagger Spray"],"picked":"PiercingWail","floor":5},{"not_picked":["Crippling Poison","Heel Hook"],"picked":"Infinite Blades","floor":10},{"not_picked":["Distraction","Expertise"],"picked":"Catalyst","floor":12},{"not_picked":["Deflect","Footwork"],"picked":"Doppelganger","floor":13},{"not_picked":["Escape Plan","Dagger Spray"],"picked":"Bane","floor":14},{"not_picked":["Wraith Form v2","Unload"],"picked":"Adrenaline","floor":16},{"not_picked":["PiercingWail+1","Flying Knee+1"],"picked":"Poisoned Stab+1","floor":18},{"not_picked":["Sucker Punch","Dodge and Roll+1"],"picked":"Deflect","floor":20},{"not_picked":["Bane","Underhanded Strike+1"],"picked":"Quick Slash+1","floor":21}],"player_experience":60339,"relics_obtained":[{"floor":9,"key":"Snake Skull"},{"floor":10,"key":"Whetstone"}],"event_choices":[{"damage_healed":0,"gold_gain":0,"player_choice":"Bought 1 Potion","damage_taken":0,"max_hp_gain":0,"max_hp_loss":0,"event_name":"The Woman in Blue","floor":7,"gold_loss":0}],"is_beta":false,"boss_relics":[{"not_picked":["Black Star","Ectoplasm"],"picked":"Runic Pyramid"}],"items_purged_floors":[19],"is_endless":false,"potions_floor_spawned":[2,3,13,14,16,20],"killed_by":"Shelled Parasite and Fungi","ascension_level":0}