{"gold_per_floor":[218,237,412,362,86,86,113,129,159,159,184,198,198,198,198,328,328,348,371,371,398,27,27,40,40,40,40,40,40,51,66,66,169,169,180,180,200,216,216,251,251,251],"floor_reached":42,"playtime":2397,"items_purged":["Injury"],"score":424,"play_id":"d09c11d7-0553-4509-9702-88199ca291df","local_time":"20190321232904","is_ascension_mode":false,"campfire_choices":[{"data":"Skewer","floor":6.0,"key":"SMITH"},{"floor":13.0,"key":"REST"},{"floor":15.0,"key":"REST"},{"data":"Tactician","floor":23.0,"key":"SMITH"},{"floor":25.0,"key":"REST"},{"data":"Concentrate","floor":32.0,"key":"SMITH"},{"floor":41.0,"key":"REST"}],"neow_cost":"NONE","seed_source_timestamp":166726837799092,"circlet_count":0,"master_deck":["Defend_G","Defend_G","Defend_G","Defend_G","Strike_G","Strike_G","Strike_G","Strike_G","Survivor","Neutralize","Caltrops","Skewer+1","Tactician+1","Outmaneuver","Flechettes","Outmaneuver","Underhanded Strike","Tools of the Trade","Choke+1","PiercingWail","Underhanded Strike","Dagger Throw","Reflex","Heel Hook","Dagger Throw","Concentrate+1","Acrobatics","Malaise","Underhanded Strike+1","Reflex","Writhe","Backflip+1"],"special_seed":0,"relics":["Ring of the Snake","Art of War","Dodecahedron","Tiny Chest","PreservedInsect","Bloody Idol","Snecko Eye","Oddly Smooth Stone","Shuriken","Vajra","Black Star","Lantern","Orichalcum"],"potions_floor_usage":[42],"damage_taken":[{"damage":0.0,"enemies":"Small Slimes","floor":1.0,"turns":3.0},{"damage":0.0,"enemies":"Jaw Worm","floor":2.0,"turns":5.0},{"damage":36.0,"enemies":"3 Sentries","floor":7.0,"turns":11.0},{"damage":0.0,"enemies":"Cultist","floor":8.0,"turns":3.0},{"damage":0.0,"enemies":"Blue Slaver","floor":12.0,"turns":3.0},{"damage":48.0,"enemies":"The Guardian","floor":16.0,"turns":10.0},{"damage":9.0,"enemies":"Shell Parasite","floor":18.0,"turns":4.0},{"damage":0.0,"enemies":"2 Thieves","floor":19.0,"turns":4.0},{"damage":21.0,"enemies":"3 Cultists","floor":24.0,"turns":5.0},{"damage":0.0,"enemies":"Cultist and Chosen","floor":30.0,"turns":4.0},{"damage":0.0,"enemies":"Shelled Parasite and Fungi","floor":31.0,"turns":3.0},{"damage":40.0,"enemies":"Automaton","floor":33.0,"turns":5.0},{"damage":25.0,"enemies":"3 Darklings","floor":35.0,"turns":4.0},{"damage":0.0,"enemies":"Orb Walker","floor":37.0,"turns":4.0},{"damage":21.0,"enemies":"Transient","floor":38.0,"turns":5.0},{"damage":40.0,"enemies":"Nemesis","floor":40.0,"turns":5.0},{"damage":50,"enemies":"Reptomancer","floor":42,"turns":5}],"seed_played":"3480284883104029244","potions_obtained":[{"floor":2.0,"key":"Weak Potion"},{"floor":8.0,"key":"Swift Potion"},{"floor":12.0,"key":"Dexterity Potion"},{"floor":24.0,"key":"SkillPotion"},{"floor":31.0,"key":"FearPotion"},{"floor":35.0,"key":"Explosive Potion"},{"floor":40.0,"key":"Strength Potion"}],"is_trial":false,"path_per_floor":["M","M","?","?","$","R","E","M","T","$","T","M","R","?","R","B",null,"M","M","?","T","$","R","M","R","T","?","$","?","M","M","R","B",null,"M","?","M","M","?","E","R","E"],"character_chosen":"THE_SILENT","items_purchased":["Tactician","Art of War","Outmaneuver","Shuriken","Underhanded Strike"],"campfire_rested":4,"item_purchase_floors":[5,5,5,22,22],"current_hp_per_floor":[70,70,70,70,70,70,34,34,34,34,34,34,55,55,70,22,70,61,61,61,66,66,66,50,70,70,70,70,70,70,70,70,35,70,50,50,55,39,57,22,43,0],"gold":251,"neow_bonus":"HUNDRED_GOLD","is_prod":false,"is_daily":false,"chose_seed":false,"campfire_upgraded":3,"win_rate":0.0,"timestamp":1553207344,"path_taken":["M","M","?","?","$","R","E","M","T","?","?","M","R","?","R","BOSS","M","M","?","?","$","R","?","R","T","?","?","?","M","?","R","BOSS","M","?","M","M","?","E","R","E"],"build_version":"2019-01-23","purchased_purges":1,"victory":false,"max_hp_per_floor":[70,70,70,70,70,70,70,70,70,70,70,70,70,70,70,70,70,70,70,70,70,70,70,70,70,70,70,70,70,70,70,70,70,70,70,70,70,70,70,70,70,70],"card_choices":[{"not_picked":["Outmaneuver","Dagger Throw"],"picked":"Caltrops","floor":1.0},{"not_picked":["Caltrops","Choke"],"picked":"Skewer","floor":2.0},{"not_picked":["Bane","Dagger Spray"],"picked":"Flechettes","floor":7.0},{"not_picked":["Finisher","Dodge and Roll"],"picked":"Outmaneuver","floor":8.0},{"not_picked":["Masterful Stab","Cloak And Dagger"],"picked":"Underhanded Strike","floor":12.0},{"not_picked":["Unload","Night Terror"],"picked":"Tools of the Trade","floor":16.0},{"not_picked":["PiercingWail","Dagger Spray+1"],"picked":"Choke+1","floor":18.0},{"not_picked":["Poisoned Stab","Choke"],"picked":"PiercingWail","floor":19.0},{"not_picked":["Blade Dance+1","Footwork"],"picked":"Dagger Throw","floor":24.0},{"not_picked":["Choke","Acrobatics"],"picked":"Concentrate","floor":30.0},{"not_picked":["Bane","PiercingWail+1"],"picked":"Acrobatics","floor":31.0},{"not_picked":["Bullet Time","Die Die Die"],"picked":"Malaise","floor":33.0},{"not_picked":["Predator","Slice"],"picked":"Underhanded Strike+1","floor":35.0},{"not_picked":["Expertise","Terror+1"],"picked":"Reflex","floor":37.0},{"not_picked":["Heel Hook","Cloak And Dagger+1","Outmaneuver"],"picked":"SKIP","floor":38.0},{"not_picked":["Bane","Blade Dance"],"picked":"Backflip+1","floor":40.0}],"player_experience":361197,"relics_obtained":[{"floor":7.0,"key":"Dodecahedron"},{"floor":9.0,"key":"Tiny Chest"},{"floor":11.0,"key":"PreservedInsect"},{"floor":21.0,"key":"Oddly Smooth Stone"},{"floor":26.0,"key":"Vajra"},{"floor":40.0,"key":"Lantern"},{"floor":40.0,"key":"Orichalcum"}],"event_choices":[{"damage_healed":0.0,"max_hp_gain":0.0,"max_hp_loss":0.0,"gold_gain":175.0,"event_name":"Liars Game","player_choice":"AGREE","floor":3.0,"gold_loss":0.0,"damage_taken":0.0,"cards_obtained":["Doubt"]},{"cards_removed":["Doubt"],"damage_healed":0.0,"max_hp_gain":0.0,"max_hp_loss":0.0,"gold_gain":0.0,"event_name":"The Cleric","player_choice":"Card Removal","floor":4.0,"gold_loss":50.0,"damage_taken":0.0},{"damage_healed":0.0,"max_hp_gain":0.0,"max_hp_loss":0.0,"gold_gain":0.0,"event_name":"Golden Idol","player_choice":"Take Wound","floor":14.0,"gold_loss":0.0,"damage_taken":0.0,"relics_obtained":["Golden Idol"],"cards_obtained":["Injury"]},{"damage_healed":0.0,"max_hp_gain":0.0,"max_hp_loss":0.0,"gold_gain":0.0,"event_name":"Forgotten Altar","player_choice":"Gave Idol","floor":20.0,"relics_lost":["Golden Idol"],"gold_loss":0.0,"damage_taken":0.0,"relics_obtained":["Bloody Idol"]},{"damage_healed":0.0,"max_hp_gain":0.0,"max_hp_loss":0.0,"gold_gain":0.0,"event_name":"The Library","player_choice":"Read","floor":27.0,"gold_loss":0.0,"damage_taken":0.0,"cards_obtained":["Reflex"]},{"damage_healed":0.0,"max_hp_gain":0.0,"max_hp_loss":0.0,"gold_gain":0.0,"cards_transformed":["Defend_G","Strike_G"],"event_name":"Drug Dealer","player_choice":"Became Test Subject","floor":29.0,"gold_loss":0.0,"damage_taken":0.0,"cards_obtained":["Heel Hook","Dagger Throw"]},{"damage_healed":0.0,"max_hp_gain":0.0,"max_hp_loss":0.0,"gold_gain":0.0,"event_name":"Mysterious Sphere","player_choice":"Ignored","floor":36.0,"gold_loss":0.0,"damage_taken":0.0},{"damage_healed":18.0,"max_hp_gain":0.0,"max_hp_loss":0.0,"gold_gain":0.0,"event_name":"Winding Halls","player_choice":"Writhe","floor":39.0,"gold_loss":0.0,"damage_taken":0.0,"cards_obtained":["Writhe"]}],"is_beta":false,"boss_relics":[{"not_picked":["Tiny House","Pandora\u0027s Box"],"picked":"Snecko Eye"},{"not_picked":["Lizard Tail","Runic Dome"],"picked":"Black Star"}],"items_purged_floors":[22],"is_endless":false,"potions_floor_spawned":[2,8,12,24,31,35,40],"killed_by":"Reptomancer","ascension_level":0}