{"gold_per_floor":[113,73,86,106,56,56,56,56,56,56,74,74,74,94,94,94],"floor_reached":16,"playtime":426,"items_purged":[],"score":90,"play_id":"6e2f1dbd-3243-4b1e-b3cc-6d076af7d1b1","local_time":"20190322123742","is_ascension_mode":false,"campfire_choices":[{"data":"Footwork","floor":6,"key":"SMITH"},{"data":"Survivor","floor":8,"key":"SMITH"},{"data":"Defend_G","floor":13,"key":"SMITH"},{"data":"Terror","floor":15,"key":"SMITH"}],"neow_cost":"NONE","seed_source_timestamp":10902234475364,"circlet_count":0,"master_deck":["Defend_G+1","Defend_G","Defend_G","Defend_G","Defend_G+1","Strike_G","Strike_G","Strike_G","Strike_G","Survivor+1","Neutralize+1","PiercingWail+1","Footwork+1","Catalyst","Terror+1"],"relics":["Ring of the Snake"],"potions_floor_usage":[16,16],"damage_taken":[{"damage":1,"enemies":"Cultist","floor":1,"turns":5},{"damage":0,"enemies":"2 Louse","floor":3,"turns":2},{"damage":1,"enemies":"Small Slimes","floor":4,"turns":4},{"damage":0,"enemies":"Exordium Wildlife","floor":11,"turns":10},{"damage":0,"enemies":"2 Fungi Beasts","floor":14,"turns":5},{"damage":69,"enemies":"Hexaghost","floor":16,"turns":20}],"seed_played":"7108000107648576309","potions_obtained":[{"floor":1,"key":"EssenceOfSteel"},{"floor":3,"key":"Regen Potion"},{"floor":4,"key":"Explosive Potion"}],"is_trial":false,"path_per_floor":["M","$","M","M","?","R","?","R","T","$","M","?","R","M","R","B"],"character_chosen":"THE_SILENT","items_purchased":["Footwork"],"campfire_rested":0,"item_purchase_floors":[2],"current_hp_per_floor":[69,69,69,68,68,68,54,54,54,54,54,54,54,54,54,0],"gold":94,"neow_bonus":"UPGRADE_CARD","is_prod":false,"is_daily":false,"chose_seed":false,"campfire_upgraded":4,"win_rate":0,"timestamp":1553225862,"path_taken":["M","$","M","?","?","R","?","R","T","?","M","?","R","?","R","BOSS"],"build_version":"2019-01-23","purchased_purges":0,"victory":false,"max_hp_per_floor":[70,70,70,70,70,70,70,70,70,70,70,70,70,70,70,70],"card_choices":[{"not_picked":["Concentrate","Escape Plan"],"picked":"PiercingWail","floor":1},{"not_picked":["Well Laid Plans","Underhanded Strike","Reflex"],"picked":"SKIP","floor":3},{"not_picked":["PiercingWail","Blade Dance"],"picked":"Catalyst","floor":4},{"not_picked":["Slice","Blade Dance","Dagger Throw"],"picked":"SKIP","floor":11},{"not_picked":["Backstab","Terror","Distraction"],"picked":"SKIP","floor":14},{"not_picked":["Backstab","Distraction"],"picked":"Terror","floor":14}],"player_experience":375596,"relics_obtained":[],"event_choices":[{"cards_removed":["Strike_G"],"damage_healed":0,"gold_gain":0,"player_choice":"Card Removal","damage_taken":0,"max_hp_gain":0,"max_hp_loss":0,"event_name":"The Cleric","floor":5,"gold_loss":50},{"damage_healed":0,"gold_gain":0,"player_choice":"Entered Light","damage_taken":14,"max_hp_gain":0,"max_hp_loss":0,"event_name":"Shining Light","floor":7,"gold_loss":0,"cards_upgraded":["Defend_G","PiercingWail"]},{"damage_healed":0,"gold_gain":0,"player_choice":"Ignored","damage_taken":0,"max_hp_gain":0,"max_hp_loss":0,"event_name":"Liars Game","floor":12,"gold_loss":0}],"is_beta":false,"boss_relics":[],"items_purged_floors":[],"is_endless":false,"potions_floor_spawned":[1,3,4],"killed_by":"Hexaghost","ascension_level":0}