{"gold_per_floor":[115,65,78,91,110,110,121,121,170,184,184,203,203,221,221,325,325,344,107,119,19,19,35,35,55,109,109,120,170,170,183,183,278,278,288,307,182,182],"floor_reached":38,"playtime":1921,"items_purged":["Defend_G","Strike_G","Riddle With Holes"],"score":372,"play_id":"a77e93ab-7a04-4074-b5ad-c0dd77fe2923","local_time":"20190317011114","is_ascension_mode":false,"campfire_choices":[{"data":"Neutralize","floor":6.0,"key":"SMITH"},{"data":"Dagger Spray","floor":8.0,"key":"SMITH"},{"data":"Finisher","floor":11.0,"key":"SMITH"},{"data":"Blade Dance","floor":13.0,"key":"SMITH"},{"data":"Accuracy","floor":15.0,"key":"SMITH"},{"data":"Glass Knife","floor":24.0,"key":"SMITH"},{"floor":27.0,"key":"REST"},{"data":"Accuracy","floor":30.0,"key":"SMITH"},{"floor":32.0,"key":"REST"}],"neow_cost":"PERCENT_DAMAGE","seed_source_timestamp":9030854227323,"circlet_count":0,"master_deck":["Defend_G","Defend_G","Defend_G","Defend_G","Strike_G","Strike_G","Strike_G","Survivor","Neutralize+1","Dagger Spray+1","Finisher+1","Acrobatics","Backstab","Blade Dance+1","Accuracy+1","Quick Slash","Glass Knife+1","All Out Attack","Accuracy+1","Flash of Steel","Deflect+1","RitualDagger","PiercingWail","Deflect+1","PiercingWail","Quick Slash+1","Adrenaline"],"special_seed":0,"relics":["Ring of the Snake"],"potions_floor_usage":[],"damage_taken":[{"damage":0.0,"enemies":"Small Slimes","floor":1.0,"turns":3.0},{"damage":0.0,"enemies":"Jaw Worm","floor":3.0,"turns":4.0},{"damage":0.0,"enemies":"2 Louse","floor":4.0,"turns":2.0},{"damage":2.0,"enemies":"Exordium Thugs","floor":5.0,"turns":4.0},{"damage":0.0,"enemies":"Exordium Wildlife","floor":7.0,"turns":5.0},{"damage":0.0,"enemies":"Looter","floor":10.0,"turns":3.0},{"damage":3.0,"enemies":"Red Slaver","floor":12.0,"turns":4.0},{"damage":0.0,"enemies":"Blue Slaver","floor":14.0,"turns":2.0},{"damage":42.0,"enemies":"Slime Boss","floor":16.0,"turns":10.0},{"damage":0.0,"enemies":"Spheric Guardian","floor":18.0,"turns":3.0},{"damage":0.0,"enemies":"Chosen","floor":20.0,"turns":5.0},{"damage":23.0,"enemies":"Snecko","floor":23.0,"turns":7.0},{"damage":21.0,"enemies":"Cultist and Chosen","floor":25.0,"turns":6.0},{"damage":2.0,"enemies":"3 Cultists","floor":28.0,"turns":5.0},{"damage":0.0,"enemies":"Chosen and Byrds","floor":31.0,"turns":4.0},{"damage":72.0,"enemies":"Champ","floor":33.0,"turns":14.0},{"damage":7.0,"enemies":"Orb Walker","floor":35.0,"turns":2.0},{"damage":7.0,"enemies":"3 Darklings","floor":36.0,"turns":5.0},{"damage":48,"enemies":"Sphere and 2 Shapes","floor":38,"turns":8}],"seed_played":"9056296316046529196","potions_obtained":[{"floor":1.0,"key":"GamblersBrew"},{"floor":3.0,"key":"Swift Potion"},{"floor":4.0,"key":"GhostInAJar"},{"floor":7.0,"key":"Block Potion"},{"floor":23.0,"key":"Dexterity Potion"},{"floor":25.0,"key":"Strength Potion"},{"floor":31.0,"key":"Weak Potion"},{"floor":35.0,"key":"Strength Potion"},{"floor":36.0,"key":"GamblersBrew"}],"is_trial":false,"path_per_floor":["M","?","M","M","M","R","M","R","T","M","R","M","R","M","R","B",null,"M","$","M","$","?","M","R","M","T","R","M","?","R","M","R","B",null,"M","M","$","M"],"character_chosen":"THE_SILENT","items_purchased":["Accuracy","Flash of Steel"],"campfire_rested":2,"item_purchase_floors":[19,19],"current_hp_per_floor":[63,63,63,63,61,61,61,61,61,61,61,58,58,58,58,16,84,84,84,84,84,78,55,55,34,34,59,57,57,57,57,82,10,84,77,70,70,22],"gold":182,"neow_bonus":"TWENTY_PERCENT_HP_BONUS","is_prod":false,"is_daily":false,"chose_seed":false,"campfire_upgraded":7,"win_rate":0,"timestamp":1552756274,"path_taken":["M","?","M","M","M","R","M","R","T","M","R","M","R","M","R","BOSS","M","$","M","$","?","M","R","M","T","R","M","?","R","?","R","BOSS","M","M","$","M"],"build_version":"2019-01-23","purchased_purges":3,"victory":false,"max_hp_per_floor":[84,84,84,84,84,84,84,84,84,84,84,84,84,84,84,84,84,84,84,84,84,84,84,84,84,84,84,84,84,84,84,84,84,84,84,84,84,84],"card_choices":[{"not_picked":["Dagger Throw","Blade Dance"],"picked":"Dagger Spray","floor":1.0},{"not_picked":["Setup","Acrobatics"],"picked":"Riddle With Holes","floor":3.0},{"not_picked":["Prepared","Quick Slash"],"picked":"Finisher","floor":4.0},{"not_picked":["Expertise","Well Laid Plans"],"picked":"Acrobatics","floor":5.0},{"not_picked":["Deflect","Setup"],"picked":"Backstab","floor":7.0},{"not_picked":["Skewer","Backflip"],"picked":"Blade Dance","floor":10.0},{"not_picked":["Tools of the Trade","Bane"],"picked":"Accuracy","floor":12.0},{"not_picked":["Bane","Prepared"],"picked":"Quick Slash","floor":14.0},{"not_picked":["Venomology","Corpse Explosion"],"picked":"Glass Knife","floor":16.0},{"not_picked":["Caltrops","Backflip"],"picked":"All Out Attack","floor":18.0},{"not_picked":["Crippling Poison","Outmaneuver"],"picked":"Deflect+1","floor":20.0},{"not_picked":["PiercingWail","Dagger Throw","Backflip"],"picked":"SKIP","floor":23.0},{"not_picked":["Dagger Throw","Backflip"],"picked":"PiercingWail","floor":23.0},{"not_picked":["Dagger Throw","Flying Knee"],"picked":"Deflect+1","floor":25.0},{"not_picked":["Dodge and Roll","Flying Knee"],"picked":"PiercingWail","floor":28.0},{"not_picked":["Deflect","Backflip"],"picked":"Quick Slash+1","floor":31.0},{"not_picked":["Corpse Explosion","Malaise"],"picked":"Adrenaline","floor":33.0},{"not_picked":["Dodge and Roll+1","Leg Sweep","Deadly Poison"],"picked":"SKIP","floor":35.0},{"not_picked":["Flechettes","Dodge and Roll","Predator"],"picked":"SKIP","floor":36.0}],"player_experience":338624,"relics_obtained":[],"event_choices":[{"cards_removed":["Strike_G"],"damage_healed":0.0,"max_hp_gain":0.0,"max_hp_loss":0.0,"gold_gain":0.0,"event_name":"The Cleric","player_choice":"Card Removal","floor":2.0,"gold_loss":50.0,"damage_taken":0.0},{"damage_healed":0.0,"max_hp_gain":0.0,"max_hp_loss":0.0,"gold_gain":0.0,"event_name":"Nest","player_choice":"Joined the Cult","floor":22.0,"gold_loss":0.0,"damage_taken":6.0,"cards_obtained":["RitualDagger"]},{"damage_healed":0.0,"max_hp_gain":0.0,"max_hp_loss":0.0,"gold_gain":100.0,"event_name":"The Joust","player_choice":"Bet on Murderer","floor":29.0,"gold_loss":50.0,"damage_taken":0.0}],"is_beta":false,"boss_relics":[{"not_picked":[]},{"not_picked":["Calling Bell","Astrolabe","HoveringKite"]}],"items_purged_floors":[19,21,37],"is_endless":false,"potions_floor_spawned":[1,3,4,7,14,23,25,31,35,36],"killed_by":"Sphere and 2 Shapes","ascension_level":0}