{"gold_per_floor":[15,34,49,64,80,411,423,423,449,524,304,314,333,359,359,454,454,467,484,484,495,505,505,405,405,405,280,290,290,309,309,309,309],"floor_reached":33,"playtime":1398,"items_purged":["Strike_R","Strike_R","Strike_R"],"score":288,"play_id":"659a636a-5d96-47f1-9715-e98d2de54e25","local_time":"20190314230930","is_ascension_mode":false,"campfire_choices":[{"data":"Immolate","floor":8,"key":"SMITH"},{"data":"Limit Break","floor":15,"key":"SMITH"},{"data":"Whirlwind","floor":23,"key":"SMITH"},{"data":"Demon Form","floor":25,"key":"SMITH"},{"floor":29,"key":"REST"},{"data":"Flame Barrier","floor":32,"key":"SMITH"}],"neow_cost":"NO_GOLD","seed_source_timestamp":44239059422000,"circlet_count":0,"master_deck":["Strike_R","Strike_R","Defend_R","Defend_R","Defend_R","Defend_R","Bash","Immolate+1","Shrug It Off","Demon Form+1","Entrench+1","Limit Break+1","True Grit","Disarm","Sword Boomerang","Whirlwind+1","Sword Boomerang+1","Flame Barrier+1"],"relics":["Burning Blood","Old Coin","PreservedInsect","Philosopher\u0027s Stone","Singing Bowl"],"potions_floor_usage":[4,14,28,28,33,33],"damage_taken":[{"damage":5,"enemies":"Small Slimes","floor":1,"turns":3},{"damage":5,"enemies":"Jaw Worm","floor":2,"turns":3},{"damage":0,"enemies":"Cultist","floor":3,"turns":3},{"damage":3,"enemies":"Exordium Wildlife","floor":4,"turns":3},{"damage":5,"enemies":"2 Fungi Beasts","floor":5,"turns":3},{"damage":16,"enemies":"3 Sentries","floor":6,"turns":5},{"damage":4,"enemies":"Large Slime","floor":7,"turns":6},{"damage":13,"enemies":"Lots of Slimes","floor":12,"turns":3},{"damage":5,"enemies":"Exordium Thugs","floor":13,"turns":3},{"damage":8,"enemies":"Lagavulin","floor":14,"turns":7},{"damage":37,"enemies":"Hexaghost","floor":16,"turns":9},{"damage":45,"enemies":"3 Byrds","floor":18,"turns":6},{"damage":7,"enemies":"Chosen","floor":19,"turns":5},{"damage":4,"enemies":"Snecko","floor":21,"turns":6},{"damage":20,"enemies":"3 Cultists","floor":22,"turns":4},{"damage":18,"enemies":"Snake Plant","floor":28,"turns":5},{"damage":9,"enemies":"Snecko","floor":30,"turns":3},{"damage":52,"enemies":"Collector","floor":33,"turns":3}],"seed_played":"-5804473032724293269","potions_obtained":[{"floor":1,"key":"SpeedPotion"},{"floor":2,"key":"AttackPotion"},{"floor":3,"key":"AttackPotion"},{"floor":5,"key":"Weak Potion"},{"floor":16,"key":"SteroidPotion"},{"floor":22,"key":"BloodPotion"},{"floor":30,"key":"Swift Potion"}],"is_trial":false,"path_per_floor":["?","?","M","?"],"character_chosen":"IRONCLAD","items_purchased":["Limit Break"],"campfire_rested":1,"item_purchase_floors":[11],"current_hp_per_floor":[80,80,80,80,80,70,72,72,72,61,61,54,55,53,53,22,80,41,40,40,42,28,28,28,28,28,28,18,42,39,39,39,0],"gold":309,"neow_bonus":"THREE_RARE_CARDS","is_prod":false,"is_daily":false,"chose_seed":false,"campfire_upgraded":5,"win_rate":0,"timestamp":1552619370,"path_taken":["M","M","M","M","M","E","M","R","T","?","$","M","M","E","R","BOSS","M","M","?","?","M","R","$","R","T","$","M","R","M","?","R","BOSS"],"build_version":"2019-01-23","purchased_purges":3,"victory":false,"max_hp_per_floor":[80,80,80,80,80,80,80,80,80,80,80,80,80,80,80,80,80,80,80,80,80,80,80,80,80,80,80,82,82,82,82,82,82],"card_choices":[{"not_picked":["Bludgeon","Brutality"],"picked":"Immolate","floor":0},{"not_picked":["Clash","Iron Wave"],"picked":"Shrug It Off","floor":1},{"not_picked":["Anger","Flex","Armaments"],"picked":"SKIP","floor":2},{"not_picked":["Flex","Armaments","Cleave"],"picked":"SKIP","floor":3},{"not_picked":["Pummel","Fire Breathing","Corruption"],"picked":"SKIP","floor":4},{"not_picked":["Wild Strike","Twin Strike"],"picked":"Demon Form","floor":5},{"not_picked":["Heavy Blade","Corruption"],"picked":"Entrench","floor":6},{"not_picked":["Pommel Strike","Warcry","Armaments"],"picked":"SKIP","floor":7},{"not_picked":["Sever Soul","Inflame","Anger"],"picked":"SKIP","floor":12},{"not_picked":["Rage","Armaments"],"picked":"True Grit","floor":13},{"not_picked":["Thunderclap","Shockwave"],"picked":"Disarm","floor":14},{"not_picked":["Iron Wave+1","Evolve+1","Twin Strike+1"],"picked":"SKIP","floor":18},{"not_picked":["Entrench+1","Cleave"],"picked":"Sword Boomerang","floor":19},{"not_picked":["Thunderclap+1","Seeing Red"],"picked":"Whirlwind","floor":21},{"not_picked":["Blood for Blood","Fire Breathing"],"picked":"Sword Boomerang+1","floor":22},{"not_picked":["Armaments","Perfected Strike+1","Cleave"],"picked":"Singing Bowl","floor":28},{"not_picked":["Searing Blow+1","True Grit"],"picked":"Flame Barrier","floor":30}],"player_experience":183515,"relics_obtained":[{"floor":6,"key":"Old Coin"},{"floor":14,"key":"PreservedInsect"},{"floor":26,"key":"Singing Bowl"}],"event_choices":[{"damage_healed":0,"gold_gain":75,"player_choice":"Gather Gold","damage_taken":11,"max_hp_gain":0,"max_hp_loss":0,"event_name":"World of Goop","floor":10,"gold_loss":0},{"damage_healed":0,"gold_gain":0,"player_choice":"Upgraded","damage_taken":0,"max_hp_gain":0,"max_hp_loss":0,"event_name":"Upgrade Shrine","floor":20,"gold_loss":0,"cards_upgraded":["Entrench"]},{"damage_healed":0,"gold_gain":0,"player_choice":"Ignored","damage_taken":0,"max_hp_gain":0,"max_hp_loss":0,"event_name":"Vampires","floor":31,"gold_loss":0}],"is_beta":false,"boss_relics":[{"not_picked":["Runic Cube","Black Star"],"picked":"Philosopher\u0027s Stone"}],"items_purged_floors":[11,24,27],"is_endless":false,"potions_floor_spawned":[1,2,3,5,16,19,22,30],"killed_by":"Collector","ascension_level":0}