{"gold_per_floor":[116,135,147,147,225,225,225,225,249,47,47,60,60,79,79,183,233,248,347,70,89,89,107,107,107,107,123,123,134,134,167,167,271,271,283,296,296,296,141,0,0,0,0,0,0,0,14,32,32,32],"floor_reached":50,"playtime":1102,"items_purged":[],"score":473,"play_id":"74f6681a-c222-4efe-bea9-8aae4d8d2ac9","local_time":"20190319024506","is_ascension_mode":false,"campfire_choices":[{"data":"Clothesline","floor":6,"key":"SMITH"},{"data":"Thunderclap","floor":8,"key":"SMITH"},{"data":"Twin Strike","floor":15,"key":"SMITH"},{"floor":25,"key":"REST"},{"data":"Inflame","floor":28,"key":"SMITH"},{"data":"Offering","floor":30,"key":"SMITH"},{"floor":32,"key":"REST"},{"floor":44,"key":"REST"},{"data":"Limit Break","floor":46,"key":"SMITH"},{"data":"Offering","floor":49,"key":"SMITH"}],"neow_cost":"NONE","seed_source_timestamp":307623530101480,"circlet_count":0,"master_deck":["Strike_R","Strike_R","Strike_R+1","Strike_R","Strike_R","Defend_R","Defend_R","Defend_R","Defend_R+1","Bash+1","Thunderclap+1","Clothesline+1","Twin Strike+1","Thunderclap","Flex","Offering+1","Uppercut","Perfected Strike+1","Inflame+1","Shrug It Off","Pommel Strike","Necronomicurse","Flex","Wild Strike","Iron Wave+1","Offering+1","Pain","Twin Strike","Rampage+1","Panacea","Limit Break+1","Iron Wave+1","Flame Barrier+1"],"relics":["Burning Blood","Centennial Puzzle","Whetstone","Brimstone","Boot","Tiny House","Vajra","Necronomicon","Dodecahedron","Art of War","Omamori","Calling Bell","Oddly Smooth Stone","Frozen Egg 2","Dead Branch","Red Mask","Self Forming Clay","Bottled Tornado"],"potions_floor_usage":[16,27,29,29,36,48,50,50,50],"damage_taken":[{"damage":0,"enemies":"Small Slimes","floor":1,"turns":3},{"damage":6,"enemies":"Jaw Worm","floor":2,"turns":3},{"damage":0,"enemies":"2 Louse","floor":3,"turns":2},{"damage":21,"enemies":"Exordium Thugs","floor":12,"turns":3},{"damage":6,"enemies":"Looter","floor":14,"turns":2},{"damage":45,"enemies":"Hexaghost","floor":16,"turns":6},{"damage":21,"enemies":"3 Byrds","floor":18,"turns":3},{"damage":7,"enemies":"Spheric Guardian","floor":21,"turns":3},{"damage":6,"enemies":"Cultist and Chosen","floor":23,"turns":2},{"damage":0,"enemies":"Snecko","floor":27,"turns":3},{"damage":6,"enemies":"Shelled Parasite and Fungi","floor":29,"turns":2},{"damage":33,"enemies":"Book of Stabbing","floor":31,"turns":3},{"damage":68,"enemies":"Automaton","floor":33,"turns":5},{"damage":14,"enemies":"3 Darklings","floor":35,"turns":2},{"damage":34,"enemies":"3 Shapes","floor":36,"turns":2},{"damage":5,"enemies":"Transient","floor":47,"turns":5},{"damage":10,"enemies":"Spire Growth","floor":48,"turns":2},{"damage":90,"enemies":"Awakened One","floor":50,"turns":7}],"seed_played":"9099587522225765601","potions_obtained":[{"floor":3,"key":"Block Potion"},{"floor":12,"key":"AttackPotion"},{"floor":14,"key":"Ancient Potion"},{"floor":16,"key":"EssenceOfSteel"},{"floor":27,"key":"Block Potion"},{"floor":31,"key":"BloodPotion"},{"floor":36,"key":"EntropicBrew"},{"floor":47,"key":"Explosive Potion"}],"is_trial":false,"path_per_floor":["M","M","M","?","?","R","?","R","T","$","T","M","?","M","R","B",null,"M","?","$","M","?","M","T","R","T","M","R","M","R","E","R","B",null,"M","M","?","?","$","?","$","T","T","R","?","R","M","M","R","B"],"character_chosen":"IRONCLAD","items_purchased":["Brimstone","Vajra","Inflame","Shrug It Off","Limit Break"],"campfire_rested":3,"item_purchase_floors":[10,20,20,20,39],"current_hp_per_floor":[80,80,80,80,80,80,80,80,80,80,80,65,70,70,70,31,90,75,75,75,74,58,58,58,85,85,90,90,90,90,63,90,28,90,82,63,63,63,63,63,63,63,63,90,90,90,90,86,86,0],"gold":32,"neow_bonus":"RANDOM_COMMON_RELIC","is_prod":false,"is_daily":false,"chose_seed":false,"campfire_upgraded":7,"win_rate":0,"timestamp":1552959906,"path_taken":["M","M","M","?","?","R","?","R","T","?","?","?","?","M","R","BOSS","M","?","$","M","?","M","?","R","T","M","R","M","R","E","R","BOSS","M","M","?","?","$","?","?","?","T","R","?","R","M","M","R","BOSS"],"build_version":"2019-01-23","purchased_purges":0,"victory":false,"max_hp_per_floor":[80,80,80,80,80,80,80,80,80,80,80,80,85,85,85,85,90,90,90,90,90,90,90,90,90,90,90,90,90,90,90,90,90,90,90,90,90,90,90,90,90,90,90,90,90,90,90,90,90,90],"card_choices":[{"not_picked":["True Grit","Entrench"],"picked":"Thunderclap","floor":1},{"not_picked":["Bloodletting","Armaments"],"picked":"Clothesline","floor":2},{"not_picked":["Anger","Havoc"],"picked":"Twin Strike","floor":3},{"not_picked":["Headbutt","Reaper"],"picked":"Thunderclap","floor":12},{"not_picked":["Body Slam","Shrug It Off"],"picked":"Flex","floor":14},{"not_picked":["Reaper","Dark Embrace"],"picked":"Offering","floor":16},{"not_picked":["True Grit","Iron Wave"],"picked":"Uppercut","floor":17},{"not_picked":["Pummel","Thunderclap"],"picked":"Perfected Strike+1","floor":18},{"not_picked":["Flame Barrier+1","Sever Soul+1"],"picked":"Pommel Strike","floor":21},{"not_picked":["Ghostly Armor","Rampage"],"picked":"Flex","floor":23},{"not_picked":["Clash","Corruption+1"],"picked":"Headbutt","floor":27},{"not_picked":["Dual Wield","Armaments"],"picked":"Wild Strike","floor":29},{"not_picked":["Ghostly Armor","Barricade"],"picked":"Iron Wave+1","floor":31},{"not_picked":["Berserk","Demon Form"],"picked":"Offering","floor":33},{"not_picked":["Metallicize+1","Havoc+1"],"picked":"Twin Strike","floor":35},{"not_picked":["Fiend Fire","Thunderclap"],"picked":"Rampage+1","floor":36},{"not_picked":["Dramatic Entrance","Blind"],"picked":"Panacea","floor":38},{"not_picked":["Flame Barrier+1","Power Through+1"],"picked":"Iron Wave+1","floor":47},{"not_picked":["Havoc+1","Cleave+1"],"picked":"Flame Barrier+1","floor":48}],"player_experience":319741,"relics_obtained":[{"floor":9,"key":"Whetstone"},{"floor":11,"key":"Boot"},{"floor":22,"key":"Necronomicon"},{"floor":24,"key":"Dodecahedron"},{"floor":26,"key":"Art of War"},{"floor":31,"key":"Omamori"},{"floor":34,"key":"Oddly Smooth Stone"},{"floor":34,"key":"Frozen Egg 2"},{"floor":34,"key":"Dead Branch"},{"floor":42,"key":"Self Forming Clay"},{"floor":43,"key":"Bottled Tornado"}],"event_choices":[{"damage_healed":0,"gold_gain":0,"player_choice":"Leave","damage_taken":0,"max_hp_gain":0,"max_hp_loss":0,"event_name":"The Cleric","floor":4,"gold_loss":0},{"damage_healed":0,"gold_gain":78,"player_choice":"Gained Gold","damage_taken":0,"max_hp_gain":0,"max_hp_loss":0,"event_name":"Golden Wing","floor":5,"gold_loss":0},{"damage_healed":0,"gold_gain":0,"player_choice":"Searched \u00271\u0027 times","damage_taken":0,"max_hp_gain":0,"max_hp_loss":0,"event_name":"Dead Adventurer","floor":7,"gold_loss":0},{"damage_healed":0,"gold_gain":0,"player_choice":"Donut","damage_taken":0,"max_hp_gain":5,"max_hp_loss":0,"event_name":"Big Fish","floor":13,"gold_loss":0},{"damage_healed":0,"gold_gain":99,"player_choice":"Stole From Cult","damage_taken":0,"max_hp_gain":0,"max_hp_loss":0,"event_name":"Nest","floor":19,"gold_loss":0},{"damage_healed":0,"gold_gain":0,"player_choice":"Obtained Book","damage_taken":16,"max_hp_gain":0,"max_hp_loss":0,"event_name":"Cursed Tome","floor":22,"gold_loss":0},{"cards_removed":["Headbutt"],"damage_healed":0,"gold_gain":0,"player_choice":"Removed Attack","damage_taken":0,"max_hp_gain":0,"max_hp_loss":0,"event_name":"Falling","floor":37,"gold_loss":0},{"damage_healed":0,"gold_gain":0,"player_choice":"Memory 1","damage_taken":0,"max_hp_gain":0,"max_hp_loss":0,"event_name":"SensoryStone","floor":38,"gold_loss":0},{"damage_healed":0,"gold_gain":0,"player_choice":"Paid","damage_taken":0,"relics_obtained":["Red Mask"],"max_hp_gain":0,"max_hp_loss":0,"event_name":"Tomb of Lord Red Mask","floor":40,"gold_loss":141},{"damage_healed":0,"gold_gain":0,"player_choice":"Ignored","damage_taken":0,"max_hp_gain":0,"max_hp_loss":0,"event_name":"Mysterious Sphere","floor":45,"gold_loss":0}],"is_beta":false,"boss_relics":[{"not_picked":["Empty Cage","Runic Dome"],"picked":"Tiny House"},{"not_picked":["Busted Crown","Velvet Choker"],"picked":"Calling Bell"}],"items_purged_floors":[],"is_endless":false,"potions_floor_spawned":[3,12,14,16,21,23,27,31,36,47],"killed_by":"Awakened One","ascension_level":0}