{"gold_per_floor":[116,116,41,55,55,55,84,101,125,125,155,55,130,5,5,100,100,118,128,128,228,240,274,286,286,286,313,326,251,261,273,273,373,373,389,400,41,56,56,56,76,87,157,184,195,209,238,253,253,253,253,253,36,70,70],"floor_reached":55,"playtime":6784,"items_purged":["Strike_G","Strike_G","Defend_G","Clumsy","Strike_G"],"score":786,"play_id":"24c781c5-f641-47d7-b3c7-dd468c0749fb","local_time":"20181211143625","is_ascension_mode":false,"campfire_choices":[{"data":"Sucker Punch","floor":6.0,"key":"SMITH"},{"floor":10.0,"key":"REST"},{"floor":15.0,"key":"REST"},{"data":"After Image","floor":25.0,"key":"SMITH"},{"data":"PiercingWail","floor":32.0,"key":"SMITH"},{"floor":40.0,"key":"RECALL"},{"floor":49,"key":"REST"},{"data":"Leg Sweep","floor":52,"key":"SMITH"}],"neow_cost":"NONE","seed_source_timestamp":2332510751276715,"circlet_count":0,"master_deck":["Defend_G","Defend_G","Defend_G","Defend_G","Survivor","Neutralize","PiercingWail+1","Sucker Punch+1","Dash","Blur","Blade Dance","Flying Knee","After Image+1","Flying Knee","Dagger Throw+1","RitualDagger","Backflip+1","Bullet Time","Leg Sweep+1","Heel Hook","Well Laid Plans","Die Die Die","Quick Slash+1","Outmaneuver+1","Terror","Glass Knife+1","Infinite Blades+1","Blur+1","Calculated Gamble+1","Choke+1","Caltrops+1","Finisher+1","Well Laid Plans+1","Adrenaline","Mayhem+1"],"special_seed":0,"relics":["Black Star","NlothsMask","Centennial Puzzle","Prayer Wheel","Bottled Flame","Meat on the Bone","Sozu","Bag of Preparation","Omamori","Paper Crane","Oddly Smooth Stone","Ninja Scroll","Calling Bell","PreservedInsect","Frozen Egg 2","Ginger","Membership Card","Dream Catcher","Unceasing Top","Mummified Hand","Bottled Lightning","Ornamental Fan","Whetstone"],"potions_floor_usage":[],"damage_taken":[{"damage":0.0,"enemies":"Small Slimes","floor":1.0,"turns":4.0},{"damage":0.0,"enemies":"2 Louse","floor":4.0,"turns":4.0},{"damage":55.0,"enemies":"Gremlin Nob","floor":7.0,"turns":7.0},{"damage":2.0,"enemies":"Cultist","floor":8.0,"turns":4.0},{"damage":11.0,"enemies":"3 Sentries","floor":11.0,"turns":13.0},{"damage":19.0,"enemies":"The Guardian","floor":16.0,"turns":20.0},{"damage":0.0,"enemies":"Chosen","floor":18.0,"turns":8.0},{"damage":1.0,"enemies":"Spheric Guardian","floor":19.0,"turns":5.0},{"damage":4.0,"enemies":"Snecko","floor":22.0,"turns":6.0},{"damage":22.0,"enemies":"Slavers","floor":23.0,"turns":10.0},{"damage":6.0,"enemies":"3 Cultists","floor":24.0,"turns":8.0},{"damage":2.0,"enemies":"Book of Stabbing","floor":27.0,"turns":10.0},{"damage":35.0,"enemies":"Cultist and Chosen","floor":28.0,"turns":12.0},{"damage":0.0,"enemies":"Snake Plant","floor":30.0,"turns":5.0},{"damage":0.0,"enemies":"Shelled Parasite and Fungi","floor":31.0,"turns":8.0},{"damage":28.0,"enemies":"Automaton","floor":33.0,"turns":20.0},{"damage":16.0,"enemies":"3 Darklings","floor":35.0,"turns":11.0},{"damage":0.0,"enemies":"Orb Walker","floor":36.0,"turns":3.0},{"damage":0.0,"enemies":"Transient","floor":38.0,"turns":5.0},{"damage":18.0,"enemies":"Sphere and 2 Shapes","floor":41.0,"turns":5.0},{"damage":8.0,"enemies":"Spire Growth","floor":42.0,"turns":6.0},{"damage":2.0,"enemies":"Reptomancer","floor":44.0,"turns":6.0},{"damage":4.0,"enemies":"Writhing Mass","floor":45.0,"turns":6.0},{"damage":6.0,"enemies":"4 Shapes","floor":46.0,"turns":3.0},{"damage":2.0,"enemies":"Giant Head","floor":47.0,"turns":8.0},{"damage":0,"enemies":"Jaw Worm Horde","floor":48,"turns":4},{"damage":34,"enemies":"Time Eater","floor":50,"turns":12},{"damage":15,"enemies":"Shield and Spear","floor":54,"turns":5},{"damage":58,"enemies":"The Heart","floor":55,"turns":8}],"seed_played":"1244803420583107874","potions_obtained":[{"floor":1.0,"key":"Weak Potion"},{"floor":8.0,"key":"Energy Potion"}],"is_trial":false,"path_per_floor":["M","?","$","M","?","R","E","M","T","R","E","$","?","$","R","B",null,"M","M","?","?","M","E","M","R","T","E","M","?","M","M","R","B",null,"M","M","$","M","?","R","M","M","T","E","M","M","E","E","M","R","B",null,"R","$","E","B"],"character_chosen":"THE_SILENT","items_purchased":["Membership Card","Adrenaline","Mayhem+1"],"campfire_rested":3,"item_purchase_floors":[37,53,53],"current_hp_per_floor":[70,63,63,63,63,63,8,6,6,27,16,16,5,5,26,19,70,70,69,63,63,59,37,43,43,43,41,18,18,30,42,42,26,70,54,54,54,54,54,54,36,40,40,38,46,40,38,38,59,37,70,70,70,55,0],"gold":70,"neow_bonus":"BOSS_RELIC","is_prod":false,"is_daily":false,"chose_seed":false,"campfire_upgraded":4,"win_rate":0,"timestamp":1544560585,"path_taken":["M","?","$","M","?","R","E","?","T","R","E","?","?","?","R","BOSS","M","M","?","?","?","E","M","R","T","E","M","?","M","M","R","BOSS","M","M","$","M","?","R","M","M","T","E","M","?","E","M","R","BOSS","R","$","E","BOSS"],"build_version":"2018-12-06","purchased_purges":5,"victory":false,"max_hp_per_floor":[70,70,70,70,70,70,70,70,70,70,70,70,70,70,70,70,70,70,70,70,70,70,70,70,70,70,70,70,70,70,70,70,70,70,70,70,70,70,70,70,70,70,70,70,70,70,70,70,70,70,70,70,70,70,70],"card_choices":[{"not_picked":["Acrobatics","Eviscerate"],"picked":"PiercingWail","floor":1.0},{"not_picked":["Bane","Slice"],"picked":"Sucker Punch","floor":4.0},{"not_picked":["Sucker Punch","Glass Knife"],"picked":"Dash","floor":7.0},{"not_picked":["Prepared","Dodge and Roll"],"picked":"Blur","floor":8.0},{"not_picked":["Dagger Spray","Calculated Gamble"],"picked":"Blade Dance","floor":8.0},{"not_picked":["Riddle With Holes","Sucker Punch"],"picked":"Flying Knee","floor":11.0},{"not_picked":["Corpse Explosion","Doppelganger"],"picked":"After Image","floor":16.0},{"not_picked":["Calculated Gamble","Malaise"],"picked":"Flying Knee","floor":18.0},{"not_picked":["Slice","Sucker Punch","Deadly Poison+1"],"picked":"SKIP","floor":18.0},{"not_picked":["Skewer","Bane"],"picked":"Dagger Throw","floor":19.0},{"not_picked":["Backflip","Acrobatics+1","Deadly Poison"],"picked":"SKIP","floor":19.0},{"not_picked":["Bane+1","Catalyst"],"picked":"Backflip+1","floor":22.0},{"not_picked":["Bouncing Flask","Sucker Punch"],"picked":"Bullet Time","floor":22.0},{"not_picked":["Masterful Stab","Doppelganger","Backflip"],"picked":"SKIP","floor":23.0},{"not_picked":["Noxious Fumes+1","PiercingWail"],"picked":"Leg Sweep","floor":24.0},{"not_picked":["Flying Knee","Outmaneuver","Riddle With Holes"],"picked":"SKIP","floor":24.0},{"not_picked":["Sucker Punch","Bane+1","Flying Knee"],"picked":"SKIP","floor":27.0},{"not_picked":["Quick Slash","Deadly Poison"],"picked":"Heel Hook","floor":28.0},{"not_picked":["Poisoned Stab+1","Sucker Punch+1","Slice"],"picked":"SKIP","floor":28.0},{"not_picked":["Dagger Spray","Acrobatics","Bane+1"],"picked":"SKIP","floor":30.0},{"not_picked":["Underhanded Strike","Corpse Explosion","Outmaneuver"],"picked":"SKIP","floor":30.0},{"not_picked":["Expertise","Prepared"],"picked":"Well Laid Plans","floor":31.0},{"not_picked":["All Out Attack","Skewer","Bane"],"picked":"SKIP","floor":31.0},{"not_picked":["Corpse Explosion","Malaise"],"picked":"Die Die Die","floor":33.0},{"not_picked":["Dagger Spray","Outmaneuver+1"],"picked":"Quick Slash+1","floor":35.0},{"not_picked":["Prepared+1","Crippling Poison"],"picked":"Outmaneuver+1","floor":35.0},{"not_picked":["Sucker Punch+1","Malaise"],"picked":"Terror","floor":36.0},{"not_picked":["Dagger Throw","Backstab","Quick Slash"],"picked":"SKIP","floor":36.0},{"not_picked":["Acrobatics+1","Eviscerate","PiercingWail+1"],"picked":"SKIP","floor":38.0},{"not_picked":["Prepared+1","Bane+1","Deadly Poison+1"],"picked":"SKIP","floor":38.0},{"not_picked":["Bane+1","Poisoned Stab"],"picked":"Infinite Blades+1","floor":41.0},{"not_picked":["Backflip+1","Sucker Punch+1"],"picked":"Blur+1","floor":41.0},{"not_picked":["Venomology","Well Laid Plans+1","Sucker Punch"],"picked":"SKIP","floor":42.0},{"not_picked":["Skewer","Prepared","Deadly Poison"],"picked":"SKIP","floor":42.0},{"not_picked":["Calculated Gamble","Dagger Throw+1","Sucker Punch"],"picked":"SKIP","floor":44.0},{"not_picked":["Dodge and Roll","Dagger Spray"],"picked":"Calculated Gamble+1","floor":45.0},{"not_picked":["Backstab+1","Slice","Deflect+1"],"picked":"SKIP","floor":45.0},{"not_picked":["Bane","Bullet Time"],"picked":"Choke+1","floor":46.0},{"not_picked":["Flying Knee+1","Dodge and Roll+1"],"picked":"Caltrops+1","floor":46.0},{"not_picked":["Sucker Punch","Bane+1"],"picked":"Finisher+1","floor":47},{"not_picked":["Backflip+1","Poisoned Stab","Bane"],"picked":"SKIP","floor":48},{"not_picked":["Leg Sweep","Dagger Spray+1","Deflect+1"],"picked":"SKIP","floor":48},{"not_picked":["Backflip","Distraction+1"],"picked":"Well Laid Plans+1","floor":49},{"not_picked":["Deflect","Expertise+1","Acrobatics"],"picked":"SKIP","floor":54}],"player_experience":76123,"relics_obtained":[{"floor":7.0,"key":"Centennial Puzzle"},{"floor":7.0,"key":"Prayer Wheel"},{"floor":11.0,"key":"Bottled Flame"},{"floor":11.0,"key":"Meat on the Bone"},{"floor":23.0,"key":"Bag of Preparation"},{"floor":23.0,"key":"Omamori"},{"floor":26.0,"key":"Paper Crane"},{"floor":27.0,"key":"Oddly Smooth Stone"},{"floor":27.0,"key":"Ninja Scroll"},{"floor":34.0,"key":"PreservedInsect"},{"floor":34.0,"key":"Frozen Egg 2"},{"floor":34.0,"key":"Ginger"},{"floor":44.0,"key":"Dream Catcher"},{"floor":44.0,"key":"Unceasing Top"},{"floor":47,"key":"Mummified Hand"},{"floor":47,"key":"Bottled Lightning"},{"floor":54,"key":"Ornamental Fan"},{"floor":54,"key":"Whetstone"}],"event_choices":[{"cards_removed":["Strike_G"],"damage_healed":0.0,"max_hp_gain":0.0,"max_hp_loss":0.0,"gold_gain":0.0,"event_name":"Golden Wing","player_choice":"Card Removal","floor":2.0,"gold_loss":0.0,"damage_taken":7.0},{"damage_healed":0.0,"max_hp_gain":0.0,"max_hp_loss":0.0,"gold_gain":0.0,"event_name":"FaceTrader","player_choice":"Trade","floor":5.0,"gold_loss":0.0,"damage_taken":0.0,"relics_obtained":["NlothsMask"]},{"damage_healed":0.0,"max_hp_gain":0.0,"max_hp_loss":0.0,"gold_gain":75.0,"event_name":"World of Goop","player_choice":"Gather Gold","floor":13.0,"gold_loss":0.0,"damage_taken":11.0},{"damage_healed":0.0,"max_hp_gain":0.0,"max_hp_loss":0.0,"gold_gain":0.0,"event_name":"Nest","player_choice":"Joined the Cult","floor":20.0,"gold_loss":0.0,"damage_taken":6.0,"cards_obtained":["RitualDagger"]},{"damage_healed":0.0,"max_hp_gain":0.0,"max_hp_loss":0.0,"gold_gain":100.0,"event_name":"Golden Shrine","player_choice":"Pray","floor":21.0,"gold_loss":0.0,"damage_taken":0.0},{"cards_removed":["Strike_G"],"damage_healed":0.0,"max_hp_gain":0.0,"max_hp_loss":0.0,"gold_gain":0.0,"event_name":"Beggar","player_choice":"Gave Gold","floor":29.0,"gold_loss":75.0,"damage_taken":0.0},{"damage_healed":0.0,"max_hp_gain":0.0,"max_hp_loss":0.0,"gold_gain":0.0,"event_name":"Match and Keep!","player_choice":"1 cards matched","floor":39.0,"gold_loss":0.0,"damage_taken":0.0,"cards_obtained":["Glass Knife"]}],"is_beta":false,"boss_relics":[{"not_picked":["Fusion Hammer","Runic Pyramid"],"picked":"Sozu"},{"not_picked":["Orrery","Eternal Feather"],"picked":"Calling Bell"}],"items_purged_floors":[3,12,14,37,53],"is_endless":false,"potions_floor_spawned":[1,8,18,19,28,30,33,36,42,44,46],"killed_by":"The Heart","ascension_level":0}