{"gold_per_floor":[115,34,34,34,34,34,49,93,93,93,127,141,141,179,179,307,307,322,337,355,355,380,380,24,24,47,62,62,80,80,80,80,175,175,194,207,225,16,16,42,58,70,70,70,90,100,100,116,116,116],"floor_reached":50,"playtime":4105,"items_purged":["Strike_B","Strike_B"],"score":623,"play_id":"6398c944-28c8-4620-a941-13bc48eb9d91","local_time":"20181206134905","is_ascension_mode":true,"campfire_choices":[{"data":"Reinforced Body","floor":6,"key":"SMITH"},{"data":"Consume","floor":10,"key":"SMITH"},{"floor":13,"key":"REST"},{"data":"Capacitor","floor":15,"key":"SMITH"},{"floor":23,"key":"REST"},{"data":"Defend_B","floor":28,"key":"SMITH"},{"data":"Leap","floor":30,"key":"SMITH"},{"data":"Stack","floor":32,"key":"SMITH"},{"floor":44,"key":"RECALL"},{"data":"Reinforced Body","floor":47,"key":"SMITH"},{"data":"Buffer","floor":49,"key":"SMITH"}],"neow_cost":"NONE","seed_source_timestamp":1647114286470,"circlet_count":0,"master_deck":["Strike_B","Strike_B+1","Defend_B+1","Defend_B","Defend_B","Defend_B+1","Zap","Dualcast","Reinforced Body+1","Capacitor+1","Consume+1","Chill","Seek","Seek","Hologram","Ball Lightning","Chaos","Leap+1","Stack+1","Buffer+1","Fusion+1","Fusion+1","Reinforced Body+1","Compile Driver","Good Instincts","Conserve Battery+1","Cold Snap+1","Parasite","Consume+1"],"relics":["Cracked Core","NeowsBlessing","Incense Burner","Bloody Idol","WingedGreaves","Meat on the Bone","Regal Pillow","Mango","Inserter","Matryoshka","Bag of Marbles","Art of War","Runic Pyramid","Dream Catcher","Bronze Scales"],"potions_floor_usage":[20,37,48,48,48,48,48,48],"damage_taken":[{"damage":0,"enemies":"Jaw Worm","floor":1,"turns":1},{"damage":0,"enemies":"Small Slimes","floor":7,"turns":1},{"damage":0,"enemies":"Lagavulin","floor":8,"turns":1},{"damage":33,"enemies":"3 Sentries","floor":11,"turns":7},{"damage":0,"enemies":"2 Louse","floor":12,"turns":2},{"damage":7,"enemies":"Lagavulin","floor":14,"turns":8},{"damage":54,"enemies":"Hexaghost","floor":16,"turns":9},{"damage":8,"enemies":"Chosen","floor":18,"turns":5},{"damage":5,"enemies":"Shell Parasite","floor":19,"turns":8},{"damage":28,"enemies":"3 Cultists","floor":20,"turns":7},{"damage":35,"enemies":"Snake Plant","floor":22,"turns":5},{"damage":15,"enemies":"Snecko","floor":27,"turns":5},{"damage":3,"enemies":"Shelled Parasite and Fungi","floor":29,"turns":6},{"damage":19,"enemies":"Champ","floor":33,"turns":12},{"damage":0,"enemies":"Orb Walker","floor":35,"turns":5},{"damage":20,"enemies":"3 Darklings","floor":36,"turns":9},{"damage":55,"enemies":"Transient","floor":37,"turns":5},{"damage":12,"enemies":"Nemesis","floor":40,"turns":9},{"damage":21,"enemies":"4 Shapes","floor":41,"turns":8},{"damage":0,"enemies":"Maw","floor":42,"turns":9},{"damage":2,"enemies":"Spire Growth","floor":45,"turns":8},{"damage":11,"enemies":"Jaw Worm Horde","floor":46,"turns":7},{"damage":8,"enemies":"Writhing Mass","floor":48,"turns":6},{"damage":77,"enemies":"Awakened One","floor":50,"turns":5}],"seed_played":"5081479537921577275","potions_obtained":[{"floor":1,"key":"EssenceOfSteel"},{"floor":7,"key":"Fire Potion"},{"floor":11,"key":"FearPotion"},{"floor":27,"key":"AttackPotion"},{"floor":35,"key":"Dexterity Potion"},{"floor":39,"key":"EntropicBrew"},{"floor":40,"key":"EntropicBrew"}],"is_trial":false,"path_per_floor":["M","$","?","?","?","R","M","E","T","R","E","M","R","E","R","B",null,"M","M","M","?","M","R","$","?","T","M","R","M","R","?","R","B",null,"M","M","M","$","?","E","M","M","T","R","M","M","R","M","R","B"],"character_chosen":"DEFECT","items_purchased":["Capacitor","Matryoshka","Chaos","Compile Driver","Good Instincts"],"campfire_rested":2,"item_purchase_floors":[2,24,24,38,38],"current_hp_per_floor":[75,75,60,57,39,39,39,39,39,39,18,30,67,74,74,32,89,81,76,48,48,25,66,66,66,66,51,51,48,48,48,48,46,89,89,74,36,36,36,41,37,54,54,54,57,51,51,60,60,0],"gold":116,"neow_bonus":"THREE_ENEMY_KILL","is_prod":false,"is_daily":false,"chose_seed":false,"campfire_upgraded":8,"win_rate":0,"timestamp":1544071745,"path_taken":["M","$","?","?","?","R","M","E","T","R","E","M","R","E","R","BOSS","M","M","M","?","M","R","$","?","T","M","R","M","R","?","R","BOSS","M","M","M","$","?","E","?","M","T","R","M","M","R","M","R","BOSS"],"build_version":"2018-11-15","purchased_purges":2,"victory":false,"max_hp_per_floor":[75,75,75,75,75,75,75,75,75,75,75,75,75,89,89,89,89,89,89,89,89,89,89,89,89,89,89,89,89,89,89,89,89,89,89,89,89,89,89,89,89,89,89,89,89,89,89,89,89,89],"card_choices":[{"not_picked":["Barrage","Stack"],"picked":"Reinforced Body","floor":1},{"not_picked":["Melter","Rebound","Compile Driver"],"picked":"SKIP","floor":7},{"not_picked":["Streamline","Stack"],"picked":"Consume","floor":8},{"not_picked":["Scrape","Melter"],"picked":"Chill","floor":11},{"not_picked":["Compile Driver","Rip and Tear","Lockon"],"picked":"SKIP","floor":12},{"not_picked":["Amplify","Cold Snap"],"picked":"Seek","floor":14},{"not_picked":["Fission","All For One"],"picked":"Seek","floor":16},{"not_picked":["Go for the Eyes+1","Turbo"],"picked":"Hologram","floor":18},{"not_picked":["Undo","Redo"],"picked":"Ball Lightning","floor":19},{"not_picked":["Beam Cell+1","Ball Lightning","Stack+1"],"picked":"SKIP","floor":20},{"not_picked":["Steam Power","Sweeping Beam","Turbo"],"picked":"SKIP","floor":22},{"not_picked":["Hologram","Rebound"],"picked":"Leap","floor":27},{"not_picked":["Compile Driver+1","Doom and Gloom"],"picked":"Stack","floor":29},{"not_picked":["Machine Learning","Echo Form"],"picked":"Buffer","floor":33},{"not_picked":["Steam Power+1","Barrage"],"picked":"Fusion+1","floor":35},{"not_picked":["Rebound+1","Gash"],"picked":"Fusion+1","floor":36},{"not_picked":["Beam Cell+1","Conserve Battery"],"picked":"Reinforced Body","floor":37},{"not_picked":["Barrage+1","Steam+1"],"picked":"Conserve Battery+1","floor":40},{"not_picked":["Sunder","Doom and Gloom","Steam+1"],"picked":"SKIP","floor":41},{"not_picked":["Beam Cell+1","Amplify","Stack+1"],"picked":"SKIP","floor":42},{"not_picked":["Conserve Battery","Doom and Gloom+1"],"picked":"Cold Snap+1","floor":45},{"not_picked":["Barrage","Chill","Go for the Eyes"],"picked":"SKIP","floor":46},{"not_picked":["Genetic Algorithm+1","Force Field+1"],"picked":"Consume+1","floor":48}],"player_experience":154774,"relics_obtained":[{"floor":8,"key":"WingedGreaves"},{"floor":9,"key":"Meat on the Bone"},{"floor":11,"key":"Regal Pillow"},{"floor":14,"key":"Mango"},{"floor":26,"key":"Bag of Marbles"},{"floor":26,"key":"Art of War"},{"floor":40,"key":"Dream Catcher"},{"floor":43,"key":"Bronze Scales"}],"event_choices":[{"damage_healed":0,"gold_gain":0,"player_choice":"Entered Light","damage_taken":15,"max_hp_gain":0,"max_hp_loss":0,"event_name":"Shining Light","floor":3,"gold_loss":0,"cards_upgraded":["Strike_B","Defend_B"]},{"damage_healed":0,"gold_gain":0,"player_choice":"Success","damage_taken":3,"relics_obtained":["Incense Burner"],"max_hp_gain":0,"max_hp_loss":0,"event_name":"Scrap Ooze","floor":4,"gold_loss":0},{"damage_healed":0,"gold_gain":0,"player_choice":"Take Damage","damage_taken":18,"relics_obtained":["Golden Idol"],"max_hp_gain":0,"max_hp_loss":0,"event_name":"Golden Idol","floor":5,"gold_loss":0},{"damage_healed":0,"gold_gain":0,"player_choice":"Ignored","damage_taken":0,"max_hp_gain":0,"max_hp_loss":0,"event_name":"Vampires","floor":21,"gold_loss":0},{"damage_healed":0,"gold_gain":0,"player_choice":"Gave Idol","damage_taken":0,"relics_obtained":["Bloody Idol"],"max_hp_gain":0,"max_hp_loss":0,"event_name":"Forgotten Altar","floor":31,"relics_lost":["Golden Idol"],"gold_loss":0},{"damage_healed":0,"gold_gain":0,"player_choice":"Got Potions","damage_taken":0,"max_hp_gain":0,"max_hp_loss":0,"event_name":"Lab","floor":39,"gold_loss":0}],"is_beta":false,"boss_relics":[{"not_picked":["Snecko Eye","Philosopher\u0027s Stone"],"picked":"Inserter"},{"not_picked":["Runic Dome","White Beast Statue"],"picked":"Runic Pyramid"}],"items_purged_floors":[24,38],"is_endless":false,"potions_floor_spawned":[1,7,11,16,27,35,40,41,46],"killed_by":"Awakened One","ascension_level":4}