{"gold_per_floor":[109,109,209,228,228,228,240,240,265,36,36,49,65,84,84,180,180,195,195,195,195,49,49,69,69,114,114,0,19,32,32,32,32],"floor_reached":33,"playtime":791,"items_purged":[],"score":235,"play_id":"47e7ed62-e251-4951-926c-523a33ce3608","local_time":"20190318170232","is_ascension_mode":false,"campfire_choices":[{"data":"Demon Form","floor":6,"key":"SMITH"},{"floor":15,"key":"REST"},{"floor":23,"key":"REST"},{"floor":25,"key":"REST"},{"data":"Heavy Blade","floor":32,"key":"SMITH"}],"neow_cost":"NONE","seed_source_timestamp":272979202285149,"circlet_count":0,"master_deck":["Strike_R+1","Strike_R","Strike_R","Strike_R","Strike_R","Defend_R","Defend_R","Defend_R","Defend_R","Bash","Demon Form+1","Anger+1","Rampage+1","Inflame","Limit Break+1","Rage","Flex","Anger","Offering","Doubt","Clumsy","Cleave","Heavy Blade+1","Flex+1","Ghostly Armor","Headbutt","Twin Strike+1"],"relics":["Burning Blood","Regal Pillow","Calling Bell","Juzu Bracelet","Dodecahedron","Gambling Chip","Anchor","PreservedInsect"],"potions_floor_usage":[18,18,20,29,33],"damage_taken":[{"damage":10,"enemies":"Small Slimes","floor":1,"turns":5},{"damage":1,"enemies":"Cultist","floor":4,"turns":3},{"damage":8,"enemies":"Jaw Worm","floor":7,"turns":3},{"damage":9,"enemies":"3 Louse","floor":12,"turns":3},{"damage":7,"enemies":"Lots of Slimes","floor":13,"turns":5},{"damage":16,"enemies":"2 Fungi Beasts","floor":14,"turns":4},{"damage":49,"enemies":"Hexaghost","floor":16,"turns":5},{"damage":22,"enemies":"Shell Parasite","floor":18,"turns":4},{"damage":47,"enemies":"Colosseum Slavers","floor":20,"turns":4},{"damage":13,"enemies":"Spheric Guardian","floor":24,"turns":3},{"damage":15,"enemies":"Centurion and Healer","floor":29,"turns":5},{"damage":10,"enemies":"Snecko","floor":30,"turns":4},{"damage":69,"enemies":"Collector","floor":33,"turns":4}],"seed_played":"-1349444258245111605","potions_obtained":[{"floor":4,"key":"LiquidBronze"},{"floor":12,"key":"Poison Potion"},{"floor":13,"key":"Poison Potion"},{"floor":24,"key":"SkillPotion"},{"floor":30,"key":"AttackPotion"}],"is_trial":false,"path_per_floor":["M","?","?","M","?","R","M","?","T","$","?","M","M","M","R","B",null,"M","?","?","?","$","R","M","R","T","?","?","M","M","$","R","B"],"character_chosen":"IRONCLAD","items_purchased":["Inflame","Limit Break","Anchor"],"campfire_rested":3,"item_purchase_floors":[10,10,22],"current_hp_per_floor":[76,60,60,65,70,70,68,68,68,68,68,65,64,54,80,37,80,64,64,23,23,23,62,55,80,80,80,80,71,67,67,67,0],"gold":32,"neow_bonus":"ONE_RANDOM_RARE_CARD","is_prod":false,"is_daily":false,"chose_seed":false,"campfire_upgraded":2,"win_rate":0,"timestamp":1552924952,"path_taken":["M","?","?","?","?","R","?","?","T","$","?","M","M","?","R","BOSS","M","?","?","?","?","R","M","R","T","?","?","M","M","$","R","BOSS"],"build_version":"2019-01-23","purchased_purges":0,"victory":false,"max_hp_per_floor":[80,80,80,80,80,80,80,80,80,80,80,80,80,80,80,80,80,80,80,80,80,80,80,80,80,80,80,80,80,80,80,80,80],"card_choices":[{"not_picked":["Armaments","Carnage"],"picked":"Anger","floor":1},{"not_picked":["Clash","True Grit"],"picked":"Headbutt","floor":4},{"not_picked":["Anger","Iron Wave"],"picked":"Rampage","floor":7},{"not_picked":["Armaments","True Grit"],"picked":"Rage","floor":12},{"not_picked":["Anger","Sword Boomerang"],"picked":"Flex","floor":13},{"not_picked":["Armaments","Metallicize"],"picked":"Anger","floor":14},{"not_picked":["Fiend Fire","Limit Break"],"picked":"Offering","floor":16},{"not_picked":["Anger","Entrench+1"],"picked":"Cleave","floor":18},{"not_picked":["Carnage","Rupture+1"],"picked":"Flex+1","floor":24},{"not_picked":["Bloodletting+1","Power Through"],"picked":"Headbutt","floor":29},{"not_picked":["Rage","Havoc"],"picked":"Twin Strike+1","floor":30}],"player_experience":302824,"relics_obtained":[{"floor":9,"key":"Regal Pillow"},{"floor":17,"key":"Juzu Bracelet"},{"floor":17,"key":"Dodecahedron"},{"floor":17,"key":"Gambling Chip"},{"floor":26,"key":"PreservedInsect"}],"event_choices":[{"damage_healed":0,"gold_gain":0,"player_choice":"Entered Light","damage_taken":16,"max_hp_gain":0,"max_hp_loss":0,"event_name":"Shining Light","floor":2,"gold_loss":0,"cards_upgraded":["Anger","Strike_R"]},{"damage_healed":0,"gold_gain":100,"player_choice":"Pray","damage_taken":0,"max_hp_gain":0,"max_hp_loss":0,"event_name":"Golden Shrine","floor":3,"gold_loss":0},{"cards_removed":["Headbutt"],"damage_healed":5,"gold_gain":0,"player_choice":"Offered Common","damage_taken":0,"max_hp_gain":0,"max_hp_loss":0,"event_name":"Bonfire Elementals","floor":5,"gold_loss":0},{"cards_removed":["Headbutt"],"damage_healed":5,"gold_gain":0,"player_choice":"Offered Special","damage_taken":0,"max_hp_gain":0,"max_hp_loss":0,"event_name":"Bonfire Elementals","floor":5,"gold_loss":0},{"damage_healed":0,"gold_gain":0,"player_choice":"Grow","damage_taken":0,"max_hp_gain":0,"max_hp_loss":0,"event_name":"Living Wall","floor":8,"gold_loss":0,"cards_upgraded":["Rampage"]},{"damage_healed":0,"gold_gain":0,"player_choice":"Upgraded","damage_taken":0,"max_hp_gain":0,"max_hp_loss":0,"event_name":"Upgrade Shrine","floor":11,"gold_loss":0,"cards_upgraded":["Limit Break"]},{"damage_healed":0,"gold_gain":0,"player_choice":"Read","damage_taken":0,"max_hp_gain":0,"max_hp_loss":0,"event_name":"The Library","floor":19,"gold_loss":0,"cards_obtained":["Heavy Blade"]},{"damage_healed":0,"gold_gain":0,"player_choice":"Fight","damage_taken":0,"max_hp_gain":0,"max_hp_loss":0,"event_name":"Colosseum","floor":20,"gold_loss":0},{"damage_healed":0,"gold_gain":0,"player_choice":"Fled From Nobs","damage_taken":0,"max_hp_gain":0,"max_hp_loss":0,"event_name":"Colosseum","floor":20,"gold_loss":0},{"damage_healed":0,"gold_gain":0,"player_choice":"Ignored","damage_taken":0,"max_hp_gain":0,"max_hp_loss":0,"event_name":"Vampires","floor":21,"gold_loss":0},{"cards_removed":["Shame"],"damage_healed":0,"gold_gain":0,"player_choice":"Took Card","damage_taken":0,"max_hp_gain":0,"max_hp_loss":0,"event_name":"NoteForYourself","floor":27,"gold_loss":0,"cards_obtained":["Ghostly Armor"]},{"damage_healed":0,"gold_gain":0,"player_choice":"Paid Fearfully","damage_taken":0,"max_hp_gain":0,"max_hp_loss":0,"event_name":"Masked Bandits","floor":28,"gold_loss":114}],"is_beta":false,"boss_relics":[{"not_picked":["Fusion Hammer","Pandora\u0027s Box"],"picked":"Calling Bell"}],"items_purged_floors":[],"is_endless":false,"potions_floor_spawned":[4,12,13,16,24,30],"killed_by":"Collector","ascension_level":0}