{"gold_per_floor":[109,109,124,137,155,155,155,169,169,32,32,50,50,70,70,165,165,184,184,30,30,43,43,77,77,102,102],"floor_reached":27,"playtime":573,"items_purged":[],"score":273,"play_id":"6de1115d-4edb-4cb9-aea4-c7a48b181bb6","local_time":"20190314183228","is_ascension_mode":false,"campfire_choices":[{"floor":6,"key":"REST"},{"data":"Perfected Strike","floor":11,"key":"SMITH"},{"data":"Heavy Blade","floor":13,"key":"SMITH"},{"data":"Flex","floor":15,"key":"SMITH"},{"data":"Perfected Strike","floor":23,"key":"SMITH"}],"neow_cost":"NONE","seed_source_timestamp":1233978738661067,"circlet_count":0,"master_deck":["Strike_R+1","Strike_R+1","Strike_R+1","Strike_R+1","Defend_R+1","Defend_R+1","Defend_R+1","Defend_R+1","Bash+1","Havoc","Wild Strike","Inflame","Pommel Strike","Clothesline","Heavy Blade+1","Flex+1","Perfected Strike+1","Dropkick","Anger","Perfected Strike+1","Offering","Pommel Strike","Anger","Headbutt","Wild Strike","Iron Wave","Shrug It Off","Thunderclap"],"relics":["Burning Blood","Pear","Orrery","Nloth\u0027s Gift","Shuriken","Oddly Smooth Stone"],"potions_floor_usage":[16,22,24,24],"damage_taken":[{"damage":7,"enemies":"Small Slimes","floor":1,"turns":5},{"damage":0,"enemies":"2 Louse","floor":3,"turns":2},{"damage":1,"enemies":"Cultist","floor":4,"turns":3},{"damage":15,"enemies":"Looter","floor":5,"turns":3},{"damage":9,"enemies":"Exordium Thugs","floor":8,"turns":4},{"damage":11,"enemies":"Lots of Slimes","floor":12,"turns":4},{"damage":0,"enemies":"2 Fungi Beasts","floor":14,"turns":2},{"damage":0,"enemies":"Slime Boss","floor":16,"turns":3},{"damage":6,"enemies":"Chosen","floor":18,"turns":3},{"damage":10,"enemies":"2 Thieves","floor":22,"turns":4},{"damage":55,"enemies":"Slavers","floor":24,"turns":4},{"damage":3,"enemies":"Centurion and Healer","floor":27,"turns":2}],"seed_played":"7295687707562460989","potions_obtained":[{"floor":3,"key":"Dexterity Potion"},{"floor":5,"key":"Block Potion"},{"floor":8,"key":"Ancient Potion"},{"floor":18,"key":"LiquidBronze"},{"floor":22,"key":"SkillPotion"}],"is_trial":false,"path_per_floor":["M","?","M","M","M","R","?","M","T","$","R","M","R","M","R","B",null,"M","?","$","?","M","R","E","?","T","M"],"character_chosen":"IRONCLAD","items_purchased":["Flex","Perfected Strike","Dropkick","PreservedInsect"],"campfire_rested":1,"item_purchase_floors":[10,10,10,20],"current_hp_per_floor":[79,63,69,74,65,80,72,69,79,79,79,74,74,80,80,86,90,90,90,90,90,86,86,37,37,37,34],"gold":102,"neow_bonus":"TRANSFORM_CARD","is_prod":false,"is_daily":false,"chose_seed":false,"campfire_upgraded":4,"win_rate":0,"timestamp":1552584748,"path_taken":["M","?","M","M","M","R","?","?","T","$","R","M","R","M","R","BOSS","M","?","$","?","?","R","E","?","T","M"],"build_version":"2019-01-23","purchased_purges":0,"victory":false,"max_hp_per_floor":[80,80,80,80,80,80,80,80,90,90,90,90,90,90,90,90,90,90,90,90,90,90,90,90,90,90,90],"card_choices":[{"not_picked":["Clash","Rampage"],"picked":"Wild Strike","floor":1},{"not_picked":["Hemokinesis","Thunderclap"],"picked":"Inflame","floor":3},{"not_picked":["Armaments","Disarm"],"picked":"Pommel Strike","floor":4},{"not_picked":["Intimidate","Bloodletting"],"picked":"Clothesline","floor":5},{"not_picked":["Clash","Feel No Pain"],"picked":"Heavy Blade","floor":8},{"not_picked":["Combust","Warcry"],"picked":"Anger","floor":12},{"not_picked":["Cleave","Wild Strike"],"picked":"Perfected Strike","floor":14},{"not_picked":["Bludgeon","Brutality"],"picked":"Offering","floor":16},{"not_picked":["Twin Strike","Sentinel"],"picked":"Pommel Strike","floor":17},{"not_picked":["Armaments","Feel No Pain"],"picked":"Anger","floor":17},{"not_picked":["Body Slam","Corruption"],"picked":"Headbutt","floor":17},{"not_picked":["Havoc","Disarm"],"picked":"Ghostly Armor","floor":17},{"not_picked":["Cleave","Ghostly Armor+1"],"picked":"Wild Strike","floor":18},{"not_picked":["Anger","Twin Strike"],"picked":"Shrug It Off","floor":22},{"not_picked":["Brutality","Searing Blow"],"picked":"Thunderclap","floor":24}],"player_experience":300043,"relics_obtained":[{"floor":9,"key":"Pear"},{"floor":24,"key":"Shuriken"},{"floor":26,"key":"Oddly Smooth Stone"}],"event_choices":[{"damage_healed":0,"gold_gain":0,"player_choice":"Entered Light","damage_taken":16,"max_hp_gain":0,"max_hp_loss":0,"event_name":"Shining Light","floor":2,"gold_loss":0,"cards_upgraded":["Strike_R","Bash"]},{"damage_healed":0,"gold_gain":0,"player_choice":"Damaged","damage_taken":8,"max_hp_gain":0,"max_hp_loss":0,"event_name":"Wheel of Change","floor":7,"gold_loss":0},{"cards_removed":["Ghostly Armor"],"damage_healed":0,"gold_gain":0,"player_choice":"Took Card","damage_taken":0,"max_hp_gain":0,"max_hp_loss":0,"event_name":"NoteForYourself","floor":19,"gold_loss":0,"cards_obtained":["Iron Wave"]},{"damage_healed":0,"gold_gain":0,"player_choice":"Traded Relic","damage_taken":0,"relics_obtained":["Nloth\u0027s Gift"],"max_hp_gain":0,"max_hp_loss":0,"event_name":"N\u0027loth","floor":21,"relics_lost":["PreservedInsect"],"gold_loss":0},{"damage_healed":0,"gold_gain":0,"player_choice":"Simplicity","damage_taken":0,"max_hp_gain":0,"max_hp_loss":0,"event_name":"Back to Basics","floor":25,"gold_loss":0,"cards_upgraded":["Strike_R","Strike_R","Strike_R","Defend_R","Defend_R","Defend_R","Defend_R"]}],"is_beta":false,"boss_relics":[{"not_picked":["Snecko Eye","Lizard Tail"],"picked":"Orrery"}],"items_purged_floors":[],"is_endless":false,"potions_floor_spawned":[3,5,8,14,18,22],"killed_by":"Centurion and Healer","ascension_level":0}