{"gold_per_floor":[115,115,139,64,64,64,64,64,87,87,130,130,145,170,170,295,295,309,224,215,138,156,156,191,191,191,191,191,211,242,242],"floor_reached":31,"playtime":2582,"items_purged":["Injury"],"score":339,"play_id":"980be74a-ac49-4e42-8681-ce26aef92cd2","local_time":"20181019132022","is_ascension_mode":true,"campfire_choices":[{"data":"Berserk","floor":6,"key":"SMITH"},{"floor":8,"key":"REST"},{"floor":15,"key":"REST"},{"data":"Corruption","floor":23,"key":"SMITH"},{"floor":25,"key":"REST"}],"neow_cost":"NONE","seed_source_timestamp":6609495685453,"circlet_count":0,"master_deck":["Strike_R","Strike_R+1","Strike_R","Strike_R+1","Defend_R","Defend_R","Defend_R","Defend_R+1","Bash","Berserk+1","Shrug It Off","Thunderclap","Perfected Strike","Flame Barrier+1","Pommel Strike","Pommel Strike","Juggernaut","Corruption+1","Cleave+1","Seeing Red+1","Feel No Pain","Pommel Strike","Rage+1","Sentinel+1"],"relics":["Burning Blood","Golden Idol","Blood Vial","Whetstone","Omamori","Cursed Key","Incense Burner","War Paint","Orichalcum","Pear","Potion Belt"],"potions_floor_usage":[11,13,16,24,30,31],"damage_taken":[{"damage":12,"enemies":"Jaw Worm","floor":1,"turns":3},{"damage":5,"enemies":"Cultist","floor":3,"turns":4},{"damage":42,"enemies":"3 Sentries","floor":11,"turns":8},{"damage":0,"enemies":"2 Louse","floor":13,"turns":3},{"damage":2,"enemies":"Exordium Wildlife","floor":14,"turns":4},{"damage":34,"enemies":"Hexaghost","floor":16,"turns":8},{"damage":0,"enemies":"3 Byrds","floor":18,"turns":1},{"damage":10,"enemies":"2 Thieves","floor":20,"turns":4},{"damage":23,"enemies":"Cultist and Chosen","floor":22,"turns":6},{"damage":12,"enemies":"Gremlin Leader","floor":24,"turns":6},{"damage":30,"enemies":"Snake Plant","floor":29,"turns":4},{"damage":38,"enemies":"Slavers","floor":30,"turns":5},{"damage":38,"enemies":"Shelled Parasite and Fungi","floor":31,"turns":2}],"seed_played":"6243415927672637712","potions_obtained":[{"floor":3,"key":"Energy Potion"},{"floor":7,"key":"Swift Potion"},{"floor":7,"key":"Ancient Potion"},{"floor":11,"key":"PowerPotion"},{"floor":13,"key":"SteroidPotion"},{"floor":22,"key":"Ancient Potion"},{"floor":29,"key":"LiquidBronze"}],"is_trial":false,"path_per_floor":["M","?","M","$","?","R","?","R","T","?","E","?","M","M","R","B",null,"M","?","M","$","M","R","E","R","T","?","$","M","E"],"character_chosen":"IRONCLAD","items_purchased":["Seeing Red"],"campfire_rested":3,"item_purchase_floors":[21],"current_hp_per_floor":[74,74,75,75,50,50,50,74,74,74,40,40,48,54,78,52,73,80,80,76,76,61,61,57,80,80,90,90,66,36,0],"gold":242,"neow_bonus":"ONE_RANDOM_RARE_CARD","is_prod":false,"is_daily":false,"chose_seed":false,"campfire_upgraded":2,"win_rate":0,"timestamp":1539948022,"path_taken":["M","?","?","?","?","R","?","R","T","?","E","?","M","M","R","BOSS","M","?","?","$","M","R","E","R","T","?","$","M","E","M"],"build_version":"2018-10-18","purchased_purges":1,"victory":false,"max_hp_per_floor":[80,80,80,80,80,80,80,80,80,80,80,80,80,80,80,80,80,80,80,80,80,80,80,80,80,80,90,90,90,90,90],"card_choices":[{"not_picked":["Flex","Flame Barrier"],"picked":"Shrug It Off","floor":1},{"not_picked":["Armaments","Flex"],"picked":"Thunderclap","floor":3},{"not_picked":["Havoc","Iron Wave"],"picked":"Flame Barrier","floor":11},{"not_picked":["Wild Strike","Body Slam"],"picked":"Pommel Strike","floor":13},{"not_picked":["Intimidate","Heavy Blade"],"picked":"Pommel Strike","floor":14},{"not_picked":["Limit Break","Berserk"],"picked":"Juggernaut","floor":16},{"not_picked":["Sword Boomerang","Body Slam"],"picked":"Corruption","floor":18},{"not_picked":["Dropkick","Headbutt"],"picked":"Cleave+1","floor":20},{"not_picked":["Shrug It Off","Thunderclap+1"],"picked":"Feel No Pain","floor":22},{"not_picked":["Cleave","Perfected Strike"],"picked":"Pommel Strike","floor":24},{"not_picked":["Pommel Strike","Sword Boomerang"],"picked":"Rage+1","floor":29},{"not_picked":["Heavy Blade","Pummel"],"picked":"Sentinel+1","floor":30}],"player_experience":251123,"relics_obtained":[{"floor":9,"key":"Whetstone"},{"floor":11,"key":"Omamori"},{"floor":24,"key":"War Paint"},{"floor":26,"key":"Orichalcum"},{"floor":30,"key":"Potion Belt"}],"event_choices":[{"damage_healed":0,"gold_gain":0,"player_choice":"Take Wound","damage_taken":0,"relics_obtained":["Golden Idol"],"max_hp_gain":0,"max_hp_loss":0,"event_name":"Golden Idol","floor":2,"gold_loss":0,"cards_obtained":["Injury"]},{"damage_healed":0,"gold_gain":0,"player_choice":"Success","damage_taken":25,"relics_obtained":["Blood Vial"],"max_hp_gain":0,"max_hp_loss":0,"event_name":"Scrap Ooze","floor":5,"gold_loss":0},{"damage_healed":0,"gold_gain":0,"player_choice":"Got Potions","damage_taken":0,"max_hp_gain":0,"max_hp_loss":0,"event_name":"The Lab","floor":7,"gold_loss":0},{"damage_healed":0,"gold_gain":0,"cards_transformed":["Strike_R"],"player_choice":"Change","damage_taken":0,"max_hp_gain":0,"max_hp_loss":0,"event_name":"Living Wall","floor":10,"gold_loss":0,"cards_obtained":["Perfected Strike"]},{"damage_healed":0,"gold_gain":0,"player_choice":"Forge","damage_taken":0,"max_hp_gain":0,"max_hp_loss":0,"event_name":"Accursed Blacksmith","floor":12,"gold_loss":0,"cards_upgraded":["Flame Barrier"]},{"damage_healed":0,"gold_gain":0,"player_choice":"Obtained Relic","damage_taken":0,"relics_obtained":["Incense Burner"],"max_hp_gain":0,"max_hp_loss":0,"event_name":"Addict","floor":19,"gold_loss":85},{"damage_healed":0,"gold_gain":0,"player_choice":"Opened","damage_taken":0,"relics_obtained":["Pear"],"max_hp_gain":0,"max_hp_loss":0,"event_name":"The Mausoleum","floor":27,"gold_loss":0,"cards_obtained":["Writhe"]}],"is_beta":false,"boss_relics":[{"not_picked":["Lizard Tail","White Beast Statue"],"picked":"Cursed Key"}],"items_purged_floors":[4],"is_endless":false,"potions_floor_spawned":[3,11,13,22,29],"killed_by":"Shelled Parasite and Fungi","ascension_level":5}