{"gold_per_floor":[112,128,139,150,163,188,188,204,228,242,242,40,53,68,68,168,168,181,200,214,55,55],"floor_reached":22,"playtime":4034,"items_purged":["Regret"],"score":194,"play_id":"e48f51d4-d1bd-4032-a149-27e636d20776","local_time":"20181223161914","is_ascension_mode":false,"campfire_choices":[{"floor":7,"key":"REST"},{"floor":11,"key":"REST"},{"floor":15,"key":"REST"}],"neow_cost":"NONE","seed_source_timestamp":8287146664807,"circlet_count":0,"master_deck":["Strike_B","Strike_B","Strike_B","Strike_B","Defend_B","Defend_B","Defend_B","Defend_B","Zap","Dualcast","Impatience","Capacitor","Beam Cell","Rebound","Ball Lightning","Lockon","Multi-Cast","White Noise","Conserve Battery","Steam","Compile Driver","White Noise","Seek","Clumsy","Clumsy","Storm","Capacitor","Stack+1","Dark Shackles"],"relics":["Cracked Core","Bag of Marbles","Potion Belt","Happy Flower","Calling Bell","Vajra","Pear","Incense Burner"],"potions_floor_usage":[13,14,14,16],"damage_taken":[{"damage":6,"enemies":"Cultist","floor":1,"turns":3},{"damage":11,"enemies":"Jaw Worm","floor":2,"turns":2},{"damage":7,"enemies":"Small Slimes","floor":3,"turns":4},{"damage":28,"enemies":"2 Fungi Beasts","floor":4,"turns":4},{"damage":11,"enemies":"Red Slaver","floor":5,"turns":3},{"damage":5,"enemies":"Gremlin Nob","floor":6,"turns":3},{"damage":23,"enemies":"Lots of Slimes","floor":8,"turns":4},{"damage":5,"enemies":"Looter","floor":10,"turns":2},{"damage":0,"enemies":"Exordium Wildlife","floor":13,"turns":3},{"damage":20,"enemies":"Exordium Thugs","floor":14,"turns":2},{"damage":20,"enemies":"Hexaghost","floor":16,"turns":9},{"damage":11,"enemies":"Shell Parasite","floor":18,"turns":4},{"damage":21,"enemies":"2 Thieves","floor":19,"turns":4},{"damage":48,"enemies":"Snake Plant","floor":20,"turns":6},{"damage":6,"enemies":"3 Cultists","floor":22,"turns":2}],"seed_played":"179493118813603129","potions_obtained":[{"floor":2,"key":"SkillPotion"},{"floor":3,"key":"Fire Potion"},{"floor":5,"key":"Poison Potion"},{"floor":10,"key":"Explosive Potion"},{"floor":19,"key":"FocusPotion"}],"is_trial":false,"path_per_floor":["M","M","M","M","M","E","R","M","T","M","R","$","M","M","R","B",null,"M","M","M","$","M"],"character_chosen":"DEFECT","items_purchased":["Happy Flower","Steam","Dark Shackles"],"campfire_rested":3,"item_purchase_floors":[12,12,21],"current_hp_per_floor":[69,58,51,23,12,7,29,6,6,1,23,23,23,3,25,5,85,74,53,5,5,0],"gold":55,"neow_bonus":"RANDOM_COLORLESS","is_prod":false,"is_daily":false,"chose_seed":false,"campfire_upgraded":0,"win_rate":0,"timestamp":1545578354,"path_taken":["M","M","M","M","M","E","R","M","T","M","R","$","M","M","R","BOSS","M","?","M","$","M"],"build_version":"2018-12-20","purchased_purges":1,"victory":false,"max_hp_per_floor":[75,75,75,75,75,75,75,75,75,75,75,75,75,75,75,75,85,85,85,85,85,85],"card_choices":[{"not_picked":["White Noise","Sunder"],"picked":"Capacitor","floor":1},{"not_picked":["Double Energy","BootSequence"],"picked":"Beam Cell","floor":2},{"not_picked":["Compile Driver","Leap"],"picked":"Rebound","floor":3},{"not_picked":["Loop","Cold Snap"],"picked":"Ball Lightning","floor":4},{"not_picked":["Capacitor","Scrape"],"picked":"Lockon","floor":5},{"not_picked":["Reprogram","Redo"],"picked":"Multi-Cast","floor":6},{"not_picked":["Darkness","Force Field"],"picked":"White Noise","floor":8},{"not_picked":["Darkness","Gash"],"picked":"Conserve Battery","floor":10},{"not_picked":["Heatsinks","Cold Snap"],"picked":"Compile Driver","floor":13},{"not_picked":["Melter","Hologram"],"picked":"White Noise","floor":14},{"not_picked":["Buffer","Multi-Cast"],"picked":"Seek","floor":16},{"not_picked":["Steam+1","White Noise"],"picked":"Storm","floor":18},{"not_picked":["Gash","Coolheaded"],"picked":"Capacitor","floor":19},{"not_picked":["Cold Snap","Double Energy+1"],"picked":"Stack+1","floor":20}],"player_experience":45030,"relics_obtained":[{"floor":6,"key":"Bag of Marbles"},{"floor":9,"key":"Potion Belt"},{"floor":17,"key":"Vajra"},{"floor":17,"key":"Pear"},{"floor":17,"key":"Incense Burner"}],"event_choices":[],"is_beta":false,"boss_relics":[{"not_picked":["White Beast Statue","Empty Cage"],"picked":"Calling Bell"}],"items_purged_floors":[21],"is_endless":false,"potions_floor_spawned":[2,3,5,10,19],"killed_by":"3 Cultists","ascension_level":0}