{"gold_per_floor":[18,35,35,35,0,0,0,0,74,99,99,69,84,84,84,209,209,200,200,223,223,246,246,266,285,285,285,301,336,144,165,165,285,285,301,36,51,69,87,87,111,111],"floor_reached":42,"playtime":1856,"items_purged":[],"score":435,"play_id":"9340f59b-7f19-41d1-9f0c-348e0d0fcafe","local_time":"20190323185117","is_ascension_mode":false,"campfire_choices":[{"data":"Bane","floor":6.0,"key":"SMITH"},{"data":"Neutralize","floor":8.0,"key":"SMITH"},{"data":"Poisoned Stab","floor":15.0,"key":"SMITH"},{"data":"Bane","floor":23.0,"key":"SMITH"},{"floor":27.0,"key":"REST"},{"floor":32.0,"key":"REST"},{"floor":40.0,"key":"REST"}],"neow_cost":"NO_GOLD","seed_source_timestamp":323446108569562,"circlet_count":0,"master_deck":["Defend_G+1","Defend_G+1","Defend_G+1","Defend_G+1","Defend_G+1","Strike_G+1","Strike_G+1","Strike_G+1","Strike_G+1","Strike_G+1","Survivor","Neutralize+1","Flying Knee","Bane+1","Poisoned Stab+1","Deadly Poison+1","Bane+1","Flying Knee","Flying Knee","Flying Knee+1","Deadly Poison+1","Acrobatics","Glass Knife","Poisoned Stab","Noxious Fumes","Catalyst","Noxious Fumes+1","Backflip+1","Well Laid Plans","Bane+1"],"special_seed":0,"relics":["Ring of the Serpent","The Specimen","Golden Idol","Pantograph","Centennial Puzzle","Juzu Bracelet","Pen Nib","DollysMirror","White Beast Statue","Tiny Chest"],"potions_floor_usage":[42],"damage_taken":[{"damage":0.0,"enemies":"Small Slimes","floor":1.0,"turns":5.0},{"damage":0.0,"enemies":"Jaw Worm","floor":2.0,"turns":4.0},{"damage":1.0,"enemies":"2 Louse","floor":10.0,"turns":3.0},{"damage":0.0,"enemies":"Exordium Wildlife","floor":13.0,"turns":3.0},{"damage":63.0,"enemies":"Hexaghost","floor":16.0,"turns":11.0},{"damage":11.0,"enemies":"2 Thieves","floor":18.0,"turns":4.0},{"damage":1.0,"enemies":"Shell Parasite","floor":22.0,"turns":5.0},{"damage":0.0,"enemies":"Centurion and Healer","floor":24.0,"turns":4.0},{"damage":14.0,"enemies":"Sentry and Sphere","floor":25.0,"turns":5.0},{"damage":2.0,"enemies":"Chosen and Byrds","floor":28.0,"turns":4.0},{"damage":9.0,"enemies":"Book of Stabbing","floor":29.0,"turns":5.0},{"damage":12.0,"enemies":"Centurion and Healer","floor":31.0,"turns":4.0},{"damage":57.0,"enemies":"Champ","floor":33.0,"turns":11.0},{"damage":9.0,"enemies":"3 Shapes","floor":35.0,"turns":5.0},{"damage":9.0,"enemies":"3 Darklings","floor":37.0,"turns":4.0},{"damage":7.0,"enemies":"Transient","floor":38.0,"turns":5.0},{"damage":25.0,"enemies":"Sphere and 2 Shapes","floor":39.0,"turns":5.0},{"damage":42.0,"enemies":"Jaw Worm Horde","floor":41.0,"turns":5.0},{"damage":10,"enemies":"Spire Growth","floor":42,"turns":3}],"seed_played":"3360958140542139967","potions_obtained":[{"floor":2.0,"key":"GamblersBrew"},{"floor":12.0,"key":"Fire Potion"},{"floor":12.0,"key":"GhostInAJar"},{"floor":13.0,"key":"SpeedPotion"},{"floor":18.0,"key":"EssenceOfSteel"},{"floor":24.0,"key":"Swift Potion"},{"floor":28.0,"key":"FearPotion"},{"floor":31.0,"key":"Weak Potion"},{"floor":33.0,"key":"SkillPotion"},{"floor":35.0,"key":"Poison Potion"},{"floor":37.0,"key":"Block Potion"},{"floor":38.0,"key":"Poison Potion"},{"floor":39.0,"key":"LiquidBronze"},{"floor":41.0,"key":"AttackPotion"}],"is_trial":false,"path_per_floor":["M","M","?","?","?","R","$","R","T","M","$","?","M","$","R","B",null,"M","?","T","?","M","R","M","M","T","R","M","E","$","M","R","B",null,"M","$","M","M","M","R","M","M"],"character_chosen":"THE_SILENT","items_purchased":["DollysMirror","Noxious Fumes","Catalyst","Tiny Chest"],"campfire_rested":3,"item_purchase_floors":[30,36,36,36],"current_hp_per_floor":[70,70,75,57,75,75,75,75,75,74,74,74,74,74,74,12,75,64,64,64,64,63,63,63,49,49,71,69,60,60,48,70,18,75,66,66,57,50,25,47,5,0],"gold":111,"neow_bonus":"ONE_RARE_RELIC","is_prod":false,"is_daily":false,"chose_seed":false,"campfire_upgraded":4,"win_rate":0.0,"timestamp":1553363477,"path_taken":["M","M","?","?","?","R","$","R","T","?","$","?","M","?","R","BOSS","M","?","?","?","M","R","?","M","T","R","M","E","$","M","R","BOSS","M","$","M","M","M","R","M","M"],"build_version":"2019-01-23","purchased_purges":0,"victory":false,"max_hp_per_floor":[70,70,75,75,75,75,75,75,75,75,75,75,75,75,75,75,75,75,75,75,75,75,75,75,75,75,75,75,75,75,75,75,75,75,75,75,75,75,75,75,75,75],"card_choices":[{"not_picked":["Cloak And Dagger","Riddle With Holes"],"picked":"Flying Knee","floor":1.0},{"not_picked":["Eviscerate","PiercingWail"],"picked":"Bane","floor":2.0},{"not_picked":["Distraction","Choke","Expertise"],"picked":"SKIP","floor":10.0},{"not_picked":["Deadly Poison","Dagger Throw"],"picked":"Poisoned Stab","floor":13.0},{"not_picked":["Quick Slash","Backflip"],"picked":"Deadly Poison","floor":18.0},{"not_picked":["Flechettes","Outmaneuver"],"picked":"Bane","floor":22.0},{"not_picked":["Setup","Sucker Punch"],"picked":"Flying Knee","floor":24.0},{"not_picked":["Choke+1","Dagger Spray+1","Blade Dance"],"picked":"SKIP","floor":25.0},{"not_picked":["Dagger Spray","Slice"],"picked":"Flying Knee","floor":28.0},{"not_picked":["Glass Knife","Blur"],"picked":"Flying Knee+1","floor":29.0},{"not_picked":["PiercingWail","All Out Attack"],"picked":"Acrobatics","floor":31.0},{"not_picked":["Malaise","Night Terror"],"picked":"Glass Knife","floor":33.0},{"not_picked":["Blade Dance","Slice"],"picked":"Poisoned Stab","floor":35.0},{"not_picked":["Choke","Concentrate+1"],"picked":"Noxious Fumes+1","floor":37.0},{"not_picked":["All Out Attack+1","Quick Slash"],"picked":"Backflip+1","floor":38.0},{"not_picked":["Blade Dance","Reflex+1"],"picked":"Well Laid Plans","floor":39.0},{"not_picked":["Deflect+1","Dodge and Roll+1"],"picked":"Bane+1","floor":41.0}],"player_experience":373354,"relics_obtained":[{"floor":9.0,"key":"Pantograph"},{"floor":20.0,"key":"Centennial Puzzle"},{"floor":26.0,"key":"Juzu Bracelet"},{"floor":29.0,"key":"Pen Nib"}],"event_choices":[{"damage_healed":0.0,"max_hp_gain":5.0,"max_hp_loss":0.0,"gold_gain":0.0,"event_name":"Big Fish","player_choice":"Donut","floor":3.0,"gold_loss":0.0,"damage_taken":0.0},{"damage_healed":0.0,"max_hp_gain":0.0,"max_hp_loss":0.0,"gold_gain":0.0,"event_name":"Golden Idol","player_choice":"Take Damage","floor":4.0,"gold_loss":0.0,"damage_taken":18.0,"relics_obtained":["Golden Idol"]},{"damage_healed":18.0,"max_hp_gain":0.0,"max_hp_loss":0.0,"gold_gain":0.0,"event_name":"The Cleric","player_choice":"Healed","floor":5.0,"gold_loss":35.0,"damage_taken":0.0},{"damage_healed":0.0,"max_hp_gain":0.0,"max_hp_loss":0.0,"gold_gain":0.0,"event_name":"The Woman in Blue","player_choice":"Bought 2 Potions","floor":12.0,"gold_loss":0.0,"damage_taken":0.0},{"damage_healed":0.0,"max_hp_gain":0.0,"max_hp_loss":0.0,"gold_gain":0.0,"event_name":"Back to Basics","player_choice":"Simplicity","floor":19.0,"gold_loss":0.0,"damage_taken":0.0,"cards_upgraded":["Defend_G","Defend_G","Defend_G","Defend_G","Defend_G","Strike_G","Strike_G","Strike_G","Strike_G","Strike_G"]},{"damage_healed":0.0,"max_hp_gain":0.0,"max_hp_loss":0.0,"gold_gain":0.0,"event_name":"Accursed Blacksmith","player_choice":"Forge","floor":21.0,"gold_loss":0.0,"damage_taken":0.0,"cards_upgraded":["Deadly Poison"]}],"is_beta":false,"boss_relics":[{"not_picked":["Sozu","Philosopher\u0027s Stone"],"picked":"Ring of the Serpent"},{"not_picked":["Tiny House","Runic Dome"],"picked":"White Beast Statue"}],"items_purged_floors":[],"is_endless":false,"potions_floor_spawned":[2,13,18,24,28,31,33,35,37,38,39,41],"killed_by":"Spire Growth","ascension_level":0}