{"gold_per_floor":[111,125,125,137,9,9,9,9,9,9,39,39,39,39,39,39],"floor_reached":16,"playtime":315,"items_purged":[],"score":86,"play_id":"f2f7cf2e-fea4-4499-bca3-c2b265ff266c","local_time":"20190318164905","is_ascension_mode":false,"campfire_choices":[{"data":"Feel No Pain","floor":6.0,"key":"SMITH"},{"data":"Armaments","floor":8.0,"key":"SMITH"},{"data":"True Grit","floor":13,"key":"SMITH"},{"data":"Double Tap","floor":15,"key":"SMITH"}],"neow_cost":"NONE","seed_source_timestamp":0,"circlet_count":0,"master_deck":["Strike_R","Strike_R","Strike_R","Strike_R","Strike_R","Defend_R","Defend_R","Defend_R","Defend_R","Bash","True Grit+1","Armaments+1","Ghostly Armor","Shrug It Off","Feel No Pain+1","Double Tap+1"],"special_seed":0,"relics":["Burning Blood","Oddly Smooth Stone","Pear","Sundial","Odd Mushroom","Matryoshka"],"potions_floor_usage":[],"damage_taken":[{"damage":6.0,"enemies":"Cultist","floor":1.0,"turns":5.0},{"damage":0.0,"enemies":"2 Louse","floor":2.0,"turns":3.0},{"damage":5.0,"enemies":"Jaw Worm","floor":4.0,"turns":4.0},{"damage":15,"enemies":"The Mushroom Lair","floor":11,"turns":8},{"damage":38,"enemies":"Hexaghost","floor":16,"turns":4}],"seed_played":"4661220364003436134","potions_obtained":[{"floor":4.0,"key":"GamblersBrew"},{"floor":11,"key":"FearPotion"}],"is_trial":false,"path_per_floor":["M","M","T","M","$","R","?","R","T","?","?","T","R","$","R","B"],"character_chosen":"IRONCLAD","items_purchased":["Shrug It Off","Feel No Pain"],"campfire_rested":0,"item_purchase_floors":[5,5],"current_hp_per_floor":[80,80,90,90,90,90,90,90,90,90,81,81,81,81,81,43],"gold":39,"neow_bonus":"RANDOM_COMMON_RELIC","is_prod":false,"is_daily":false,"chose_seed":false,"campfire_upgraded":4,"win_rate":0,"timestamp":1552924145,"path_taken":["M","M","?","M","$","R","?","R","T","?","?","?","R","$","R","BOSS"],"build_version":"2019-01-23","purchased_purges":0,"victory":false,"max_hp_per_floor":[80,80,90,90,90,90,90,90,90,90,90,90,90,90,90,90],"card_choices":[{"not_picked":["Whirlwind","Sentinel"],"picked":"True Grit","floor":1.0},{"not_picked":["Body Slam","Headbutt"],"picked":"Armaments","floor":2.0},{"not_picked":["Cleave","Fire Breathing"],"picked":"Ghostly Armor","floor":4.0},{"not_picked":["Rupture","Anger"],"picked":"Double Tap","floor":11}],"player_experience":302509,"relics_obtained":[{"floor":3.0,"key":"Pear"},{"floor":9.0,"key":"Sundial"},{"floor":11,"key":"Odd Mushroom"},{"floor":12,"key":"Matryoshka"}],"event_choices":[{"damage_healed":0.0,"max_hp_gain":0.0,"max_hp_loss":0.0,"gold_gain":0.0,"event_name":"The Cleric","player_choice":"Leave","floor":7.0,"gold_loss":0.0,"damage_taken":0.0},{"damage_healed":0,"gold_gain":0,"player_choice":"Searched \u00270\u0027 times","damage_taken":0,"max_hp_gain":0,"max_hp_loss":0,"event_name":"Dead Adventurer","floor":10,"gold_loss":0},{"damage_healed":0,"gold_gain":0,"player_choice":"Fought Mushrooms","damage_taken":0,"max_hp_gain":0,"max_hp_loss":0,"event_name":"Mushrooms","floor":11,"gold_loss":0}],"is_beta":false,"boss_relics":[],"items_purged_floors":[],"is_endless":false,"potions_floor_spawned":[4,11],"killed_by":"Hexaghost","ascension_level":0}