{"gold_per_floor":[14,31,47,64,64,64,99,99,99,127,137,137,156,170,170,270,270,287,305,230,242,254,254,286,298,350,169,169,181,193,211,211,309,309,319,9,21,34,50,82,82,100,100,100,100,0,16,32,32,32],"floor_reached":50,"playtime":3116,"items_purged":["Strike_B","Injury","Zap+1"],"score":539,"play_id":"f0a03c14-575d-401d-acfa-ab4eae89783b","local_time":"20190224181303","is_ascension_mode":false,"campfire_choices":[{"data":"Hyperbeam","floor":6,"key":"SMITH"},{"data":"Defragment","floor":8,"key":"SMITH"},{"data":"Reinforced Body","floor":12,"key":"SMITH"},{"data":"Zap","floor":15,"key":"SMITH"},{"data":"Coolheaded","floor":23,"key":"SMITH"},{"data":"Hyperbeam","floor":28,"key":"SMITH"},{"data":"Machine Learning","floor":32,"key":"SMITH"},{"data":"Machine Learning","floor":41,"key":"SMITH"},{"data":"Echo Form","floor":45,"key":"SMITH"},{"floor":49,"key":"REST"}],"neow_cost":"NO_GOLD","seed_source_timestamp":24423805469800,"circlet_count":0,"master_deck":["Strike_B","Strike_B","Defend_B","Defend_B","Defend_B","Dualcast","Hyperbeam+1","Defragment+1","Reinforced Body+1","Coolheaded+1","Biased Cognition","Coolheaded+1","Seek+1","Beam Cell+1","Leap+1","Leap+1","Hyperbeam+1","Leap+1","Machine Learning+1","Machine Learning+1","Chrysalis+1","Fusion+1","Reinforced Body+1","Skim+1","Echo Form+1","Clumsy","Reinforced Body+1","Hologram+1"],"relics":["Cracked Core","Happy Flower","Toxic Egg 2","Bottled Tornado","Cursed Key","Vajra","Art of War","Nuclear Battery","Bag of Marbles","Bag of Preparation","Red Mask"],"potions_floor_usage":[3,22,40,50,50,50],"damage_taken":[{"damage":5,"enemies":"Small Slimes","floor":1,"turns":2},{"damage":0,"enemies":"Cultist","floor":2,"turns":3},{"damage":0,"enemies":"Jaw Worm","floor":3,"turns":1},{"damage":0,"enemies":"3 Louse","floor":4,"turns":1},{"damage":8,"enemies":"3 Sentries","floor":7,"turns":3},{"damage":4,"enemies":"Lagavulin","floor":10,"turns":8},{"damage":6,"enemies":"Large Slime","floor":11,"turns":4},{"damage":0,"enemies":"Lots of Slimes","floor":13,"turns":1},{"damage":0,"enemies":"Exordium Wildlife","floor":14,"turns":2},{"damage":24,"enemies":"The Guardian","floor":16,"turns":13},{"damage":0,"enemies":"Chosen","floor":18,"turns":4},{"damage":3,"enemies":"Shell Parasite","floor":19,"turns":4},{"damage":10,"enemies":"Cultist and Chosen","floor":21,"turns":4},{"damage":11,"enemies":"Centurion and Healer","floor":22,"turns":4},{"damage":0,"enemies":"Gremlin Leader","floor":24,"turns":4},{"damage":0,"enemies":"Snake Plant","floor":25,"turns":4},{"damage":0,"enemies":"Chosen and Byrds","floor":29,"turns":3},{"damage":0,"enemies":"Shelled Parasite and Fungi","floor":30,"turns":2},{"damage":0,"enemies":"3 Cultists","floor":31,"turns":2},{"damage":36,"enemies":"Automaton","floor":33,"turns":8},{"damage":18,"enemies":"3 Shapes","floor":35,"turns":2},{"damage":0,"enemies":"3 Darklings","floor":37,"turns":3},{"damage":0,"enemies":"Jaw Worm Horde","floor":38,"turns":2},{"damage":31,"enemies":"Transient","floor":39,"turns":5},{"damage":9,"enemies":"Nemesis","floor":40,"turns":13},{"damage":0,"enemies":"3 Darklings","floor":42,"turns":1},{"damage":0,"enemies":"Jaw Worm Horde","floor":47,"turns":2},{"damage":0,"enemies":"Maw","floor":48,"turns":5},{"damage":57,"enemies":"Time Eater","floor":50,"turns":17}],"seed_played":"2612319720177008154","potions_obtained":[{"floor":1,"key":"Swift Potion"},{"floor":3,"key":"Swift Potion"},{"floor":10,"key":"Ancient Potion"},{"floor":13,"key":"SpeedPotion"},{"floor":16,"key":"EssenceOfSteel"},{"floor":22,"key":"Regen Potion"},{"floor":38,"key":"Dexterity Potion"},{"floor":40,"key":"Dexterity Potion"}],"is_trial":false,"path_per_floor":["?","M","?","?"],"character_chosen":"DEFECT","items_purchased":["Hyperbeam","Chrysalis+1"],"campfire_rested":1,"item_purchase_floors":[27,36],"current_hp_per_floor":[70,70,70,70,75,75,67,67,67,63,57,57,57,57,57,33,75,75,72,72,62,51,51,51,51,51,51,51,51,51,51,51,15,75,57,57,57,57,26,32,32,32,32,32,32,32,32,32,54,0],"gold":32,"neow_bonus":"TRANSFORM_TWO_CARDS","is_prod":false,"is_daily":false,"chose_seed":false,"campfire_upgraded":9,"win_rate":0,"timestamp":1551049983,"path_taken":["M","M","M","M","?","R","E","R","T","E","M","R","M","M","R","BOSS","M","M","$","M","M","R","E","M","T","$","R","M","M","M","R","BOSS","M","$","M","?","M","E","R","M","T","?","R","?","M","M","R","BOSS"],"build_version":"2019-01-23","purchased_purges":3,"victory":false,"max_hp_per_floor":[75,75,75,75,75,75,75,75,75,75,75,75,75,75,75,75,75,75,75,75,75,75,75,75,75,75,75,75,75,75,75,75,75,75,75,75,75,75,75,75,75,75,75,75,75,75,75,75,75,75],"card_choices":[{"not_picked":["Chaos","Lockon"],"picked":"Defragment","floor":1},{"not_picked":["Barrage","Recycle"],"picked":"Reinforced Body","floor":2},{"not_picked":["Fusion","Compile Driver","Scrape"],"picked":"SKIP","floor":3},{"not_picked":["Storm","Go for the Eyes","Cold Snap"],"picked":"SKIP","floor":4},{"not_picked":["Stack","FTL"],"picked":"Coolheaded","floor":7},{"not_picked":["Auto Shields+1","Beam Cell"],"picked":"Biased Cognition","floor":10},{"not_picked":["Tempest+1","Stack+1","Beam Cell"],"picked":"SKIP","floor":11},{"not_picked":["Genetic Algorithm+1","Ball Lightning"],"picked":"Coolheaded+1","floor":13},{"not_picked":["Stack+1","Sweeping Beam","Biased Cognition"],"picked":"SKIP","floor":14},{"not_picked":["Creative AI","Electrodynamics"],"picked":"Seek+1","floor":16},{"not_picked":["Redo+1","Ball Lightning"],"picked":"Beam Cell+1","floor":18},{"not_picked":["Go for the Eyes","Redo+1","Steam+1"],"picked":"SKIP","floor":19},{"not_picked":["Compile Driver+1","Storm+1","Melter"],"picked":"SKIP","floor":21},{"not_picked":["Redo+1","Beam Cell+1"],"picked":"Leap+1","floor":22},{"not_picked":["Barrage","Compile Driver","Stack+1"],"picked":"SKIP","floor":24},{"not_picked":["Beam Cell","Heatsinks"],"picked":"Leap+1","floor":25},{"not_picked":["Scrape","Rebound"],"picked":"Leap+1","floor":29},{"not_picked":["Streamline+1","Aggregate+1"],"picked":"Machine Learning","floor":30},{"not_picked":["Doom and Gloom","Double Energy+1","Storm+1"],"picked":"SKIP","floor":31},{"not_picked":["Buffer","Amplify+1"],"picked":"Machine Learning","floor":33},{"not_picked":["Reprogram+1","Streamline+1","Cold Snap"],"picked":"SKIP","floor":35},{"not_picked":["Ball Lightning+1","Cold Snap+1"],"picked":"Fusion+1","floor":37},{"not_picked":["Rebound+1","Leap+1"],"picked":"Reinforced Body+1","floor":38},{"not_picked":["Beam Cell","FTL+1","Go for the Eyes"],"picked":"SKIP","floor":39},{"not_picked":["Force Field+1","Reprogram+1"],"picked":"Skim+1","floor":40},{"not_picked":["Ball Lightning","Self Repair"],"picked":"Echo Form","floor":42},{"not_picked":["Leap+1","Stack+1"],"picked":"Reinforced Body+1","floor":47},{"not_picked":["Barrage","Cold Snap"],"picked":"Hologram+1","floor":48}],"player_experience":146308,"relics_obtained":[{"floor":7,"key":"Happy Flower"},{"floor":9,"key":"Toxic Egg 2"},{"floor":10,"key":"Bottled Tornado"},{"floor":24,"key":"Vajra"},{"floor":26,"key":"Art of War"},{"floor":40,"key":"Bag of Marbles"},{"floor":43,"key":"Bag of Preparation"}],"event_choices":[{"cards_removed":["Storm"],"damage_healed":5,"gold_gain":0,"player_choice":"Offered Uncommon","damage_taken":0,"max_hp_gain":0,"max_hp_loss":0,"event_name":"Bonfire Elementals","floor":5,"gold_loss":0},{"damage_healed":0,"gold_gain":0,"player_choice":"Ignored","damage_taken":0,"max_hp_gain":0,"max_hp_loss":0,"event_name":"Mysterious Sphere","floor":44,"gold_loss":0},{"damage_healed":0,"gold_gain":0,"player_choice":"Paid","damage_taken":0,"relics_obtained":["Red Mask"],"max_hp_gain":0,"max_hp_loss":0,"event_name":"Tomb of Lord Red Mask","floor":46,"gold_loss":100}],"is_beta":false,"boss_relics":[{"not_picked":["Coffee Dripper","FrozenCore"],"picked":"Cursed Key"},{"not_picked":["Runic Dome","Snecko Eye"],"picked":"Nuclear Battery"}],"items_purged_floors":[20,27,36],"is_endless":false,"potions_floor_spawned":[1,3,10,13,16,18,22,24,25,33,37,38,40,48],"killed_by":"Time Eater","ascension_level":0}