{"gold_per_floor":[117,130,130,49,66,66,66,78,78,146,162,191,191,191,191,291,291,291,241,241,241,241,241,241,241,241,241,136,136,136],"floor_reached":30,"playtime":1173,"items_purged":[],"score":248,"play_id":"06316d01-9171-47a4-bd6e-04c4cf27cc00","local_time":"20190323175516","is_ascension_mode":false,"campfire_choices":[{"floor":7.0,"key":"REST"},{"data":"Deadly Poison","floor":15.0,"key":"SMITH"},{"floor":23,"key":"REST"},{"floor":25,"key":"REST"},{"floor":27,"key":"REST"},{"data":"Concentrate","floor":29,"key":"SMITH"}],"neow_cost":"NONE","seed_source_timestamp":320830729007882,"circlet_count":0,"master_deck":["Defend_G","Defend_G","Defend_G","Defend_G","Defend_G","Strike_G","Strike_G","Strike_G","Strike_G","Strike_G","Survivor","Neutralize","Quick Slash+1","Leg Sweep+1","Skewer+1","Dagger Throw","Acrobatics","Deadly Poison+1","Bane","Glass Knife","Poisoned Stab","Sucker Punch","Prepared+1","Concentrate+1","Heel Hook","Caltrops"],"special_seed":0,"relics":["Ring of the Snake","Ornamental Fan","Sundial","Paper Crane","Ectoplasm","Du-Vu Doll","Ninja Scroll"],"potions_floor_usage":[21],"damage_taken":[{"damage":0.0,"enemies":"Small Slimes","floor":1.0,"turns":4.0},{"damage":0.0,"enemies":"Jaw Worm","floor":2.0,"turns":4.0},{"damage":0.0,"enemies":"2 Louse","floor":5.0,"turns":4.0},{"damage":0.0,"enemies":"Exordium Thugs","floor":8.0,"turns":4.0},{"damage":0.0,"enemies":"Lots of Slimes","floor":11.0,"turns":5.0},{"damage":12.0,"enemies":"3 Sentries","floor":12.0,"turns":10.0},{"damage":46.0,"enemies":"Hexaghost","floor":16.0,"turns":10.0},{"damage":0.0,"enemies":"3 Byrds","floor":18.0,"turns":5.0},{"damage":1,"enemies":"Shell Parasite","floor":20,"turns":4},{"damage":14,"enemies":"Snecko","floor":21,"turns":5},{"damage":0,"enemies":"Snake Plant","floor":22,"turns":3},{"damage":62,"enemies":"Gremlin Leader","floor":24,"turns":7},{"damage":6,"enemies":"Cultist and Chosen","floor":30,"turns":4}],"seed_played":"-1334257845192237595","potions_obtained":[{"floor":2.0,"key":"PowerPotion"},{"floor":11.0,"key":"Poison Potion"},{"floor":20,"key":"Swift Potion"}],"is_trial":false,"path_per_floor":["M","M","?","$","M","?","R","M","T","?","M","E","?","?","R","B",null,"M","?","M","M","M","R","E","R","T","R","$","R","M"],"character_chosen":"THE_SILENT","items_purchased":["Skewer","Heel Hook","Caltrops"],"campfire_rested":4,"item_purchase_floors":[4,28,28],"current_hp_per_floor":[77,77,82,82,82,66,82,82,82,82,82,70,70,70,70,24,82,82,82,81,67,67,82,20,44,44,68,68,68,62],"gold":136,"neow_bonus":"TEN_PERCENT_HP_BONUS","is_prod":false,"is_daily":false,"chose_seed":false,"campfire_upgraded":2,"win_rate":0.0,"timestamp":1553360116,"path_taken":["M","M","?","$","M","?","R","M","T","?","?","E","?","?","R","BOSS","M","?","?","?","M","R","E","R","T","R","$","R","M"],"build_version":"2019-01-23","purchased_purges":0,"victory":false,"max_hp_per_floor":[77,77,82,82,82,82,82,82,82,82,82,82,82,82,82,82,82,82,82,82,82,82,82,82,82,82,82,82,82,82],"card_choices":[{"not_picked":["Underhanded Strike","Deflect"],"picked":"Quick Slash","floor":1.0},{"not_picked":["Deflect","PiercingWail"],"picked":"Leg Sweep","floor":2.0},{"not_picked":["Dagger Spray","Sucker Punch"],"picked":"Dagger Throw","floor":5.0},{"not_picked":["Corpse Explosion","Sucker Punch"],"picked":"Acrobatics","floor":8.0},{"not_picked":["Blade Dance","Flechettes"],"picked":"Deadly Poison","floor":11.0},{"not_picked":["Escape Plan","Dodge and Roll"],"picked":"Bane","floor":12.0},{"not_picked":["Night Terror","Tools of the Trade"],"picked":"Glass Knife","floor":16.0},{"not_picked":["Flechettes+1","Deadly Poison"],"picked":"Poisoned Stab","floor":18},{"not_picked":["Underhanded Strike","Flechettes"],"picked":"Sucker Punch","floor":20},{"not_picked":["Setup+1","Terror"],"picked":"Prepared+1","floor":21},{"not_picked":["Infinite Blades","All Out Attack"],"picked":"Concentrate","floor":22},{"not_picked":["Blade Dance","Eviscerate","Predator+1"],"picked":"SKIP","floor":24}],"player_experience":370911,"relics_obtained":[{"floor":9.0,"key":"Ornamental Fan"},{"floor":12.0,"key":"Sundial"},{"floor":24,"key":"Du-Vu Doll"},{"floor":26,"key":"Ninja Scroll"}],"event_choices":[{"damage_healed":0.0,"max_hp_gain":5.0,"max_hp_loss":0.0,"gold_gain":0.0,"event_name":"Big Fish","player_choice":"Donut","floor":3.0,"gold_loss":0.0,"damage_taken":0.0},{"damage_healed":0.0,"max_hp_gain":0.0,"max_hp_loss":0.0,"gold_gain":0.0,"event_name":"Shining Light","player_choice":"Entered Light","floor":6.0,"gold_loss":0.0,"damage_taken":16.0,"cards_upgraded":["Skewer","Quick Slash"]},{"damage_healed":0.0,"max_hp_gain":0.0,"max_hp_loss":0.0,"gold_gain":68.0,"event_name":"Golden Wing","player_choice":"Gained Gold","floor":10.0,"gold_loss":0.0,"damage_taken":0.0},{"damage_healed":0.0,"max_hp_gain":0.0,"max_hp_loss":0.0,"gold_gain":0.0,"event_name":"Living Wall","player_choice":"Grow","floor":13.0,"gold_loss":0.0,"damage_taken":0.0,"cards_upgraded":["Leg Sweep"]},{"damage_healed":0.0,"max_hp_gain":0.0,"max_hp_loss":0.0,"gold_gain":0.0,"event_name":"Dead Adventurer","player_choice":"Searched \u00271\u0027 times","floor":14.0,"gold_loss":0.0,"damage_taken":0.0,"relics_obtained":["Paper Crane"]},{"damage_healed":0,"gold_gain":100,"player_choice":"Bet on Murderer","damage_taken":0,"max_hp_gain":0,"max_hp_loss":0,"event_name":"The Joust","floor":19,"gold_loss":50}],"is_beta":false,"boss_relics":[{"not_picked":["Runic Pyramid","Busted Crown"],"picked":"Ectoplasm"}],"items_purged_floors":[],"is_endless":false,"potions_floor_spawned":[2,11,20],"killed_by":"Cultist and Chosen","ascension_level":0}