{"gold_per_floor":[109,136,149,16,0,29,29,91,118,118,118],"floor_reached":11,"playtime":498,"items_purged":[],"score":109,"play_id":"74bd8b51-517d-4048-973f-8d64d32890dc","local_time":"20181127191842","is_ascension_mode":true,"campfire_choices":[{"data":"Mind Blast","floor":7,"key":"SMITH"},{"floor":10,"key":"REST"}],"neow_cost":"NONE","seed_source_timestamp":30800049078981,"circlet_count":0,"master_deck":["Defend_G","Defend_G","Defend_G","Defend_G","Defend_G","Strike_G","Strike_G","Strike_G","Strike_G","Strike_G","Survivor","Neutralize","Riddle With Holes","Slice","Mind Blast+1","Slice","Blade Dance","Masterful Stab"],"relics":["Ring of the Snake","NeowsBlessing","Omamori","Blood Vial","Tiny Chest","Oddly Smooth Stone"],"potions_floor_usage":[11],"damage_taken":[{"damage":0,"enemies":"Cultist","floor":1,"turns":1},{"damage":0,"enemies":"Jaw Worm","floor":3,"turns":1},{"damage":0,"enemies":"Gremlin Nob","floor":6,"turns":1},{"damage":52,"enemies":"Lagavulin","floor":8,"turns":7},{"damage":15,"enemies":"3 Sentries","floor":11,"turns":8}],"seed_played":"-980807165142694821","potions_obtained":[{"floor":3,"key":"Energy Potion"},{"floor":8,"key":"Block Potion"}],"is_trial":false,"path_per_floor":["M","T","M","$","?","E","R","E","T","R","E"],"character_chosen":"THE_SILENT","items_purchased":["Mind Blast","Slice"],"campfire_rested":1,"item_purchase_floors":[4,4],"current_hp_per_floor":[70,70,70,70,70,70,70,18,18,39,26],"gold":118,"neow_bonus":"THREE_ENEMY_KILL","is_prod":false,"is_daily":false,"chose_seed":false,"campfire_upgraded":1,"win_rate":0,"timestamp":1543313922,"path_taken":["M","?","M","$","?","E","R","E","T","R","E"],"build_version":"2018-11-15","purchased_purges":0,"victory":false,"max_hp_per_floor":[70,70,70,70,70,70,70,70,70,70,70],"card_choices":[{"not_picked":["Flying Knee","Heel Hook"],"picked":"Riddle With Holes","floor":1},{"not_picked":["Choke","PiercingWail"],"picked":"Slice","floor":3},{"not_picked":["Flying Knee","PiercingWail"],"picked":"Blade Dance","floor":6},{"not_picked":["Underhanded Strike","Dodge and Roll"],"picked":"Masterful Stab","floor":8}],"player_experience":103376,"relics_obtained":[{"floor":2,"key":"Omamori"},{"floor":6,"key":"Blood Vial"},{"floor":8,"key":"Tiny Chest"},{"floor":9,"key":"Oddly Smooth Stone"}],"event_choices":[{"damage_healed":0,"gold_gain":0,"player_choice":"Left Gold","damage_taken":0,"max_hp_gain":0,"max_hp_loss":0,"event_name":"World of Goop","floor":5,"gold_loss":16}],"is_beta":false,"boss_relics":[],"items_purged_floors":[],"is_endless":false,"potions_floor_spawned":[3,8],"killed_by":"3 Sentries","ascension_level":1}