{"gold_per_floor":[112,112,187,152,152,113,128,128,153,167,167,183,183,183,183,279,279,294,294,294,283,40,40,60,60,60,72,72,89,14,14,14,14],"floor_reached":33,"playtime":705,"items_purged":[],"score":233,"play_id":"8e09dfc6-a30e-405d-9342-0844e8235953","local_time":"20190319010542","is_ascension_mode":false,"campfire_choices":[{"data":"Dual Wield","floor":8,"key":"SMITH"},{"data":"Uppercut","floor":11,"key":"SMITH"},{"data":"Shrug It Off","floor":13,"key":"SMITH"},{"data":"Bash","floor":15,"key":"SMITH"},{"data":"Anger","floor":23,"key":"SMITH"},{"floor":32,"key":"REST"}],"neow_cost":"NONE","seed_source_timestamp":302057887251244,"circlet_count":0,"master_deck":["Strike_R","Strike_R","Strike_R","Strike_R","Strike_R","Defend_R","Defend_R","Defend_R","Defend_R","Bash+1","Dual Wield+1","Uppercut+1","Wild Strike","Shrug It Off+1","Clothesline","Limit Break","Pommel Strike","Anger+1","Cleave+1","Intimidate+1","Inflame+1","Anger+1","Cleave","Offering+1"],"relics":["Burning Blood","Bronze Scales","Paper Frog","Eternal Feather","Toxic Egg 2","Girya"],"potions_floor_usage":[16,18,18,33],"damage_taken":[{"damage":0,"enemies":"Small Slimes","floor":1,"turns":3},{"damage":9,"enemies":"Jaw Worm","floor":7,"turns":5},{"damage":2,"enemies":"2 Louse","floor":10,"turns":2},{"damage":0,"enemies":"Large Slime","floor":12,"turns":4},{"damage":75,"enemies":"The Guardian","floor":16,"turns":10},{"damage":17,"enemies":"Spheric Guardian","floor":18,"turns":5},{"damage":21,"enemies":"2 Thieves","floor":21,"turns":4},{"damage":33,"enemies":"Cultist and Chosen","floor":24,"turns":7},{"damage":6,"enemies":"Chosen and Byrds","floor":27,"turns":4},{"damage":17,"enemies":"Snecko","floor":29,"turns":5},{"damage":86,"enemies":"Automaton","floor":33,"turns":8}],"seed_played":"808386650816534141","potions_obtained":[{"floor":7,"key":"LiquidBronze"},{"floor":12,"key":"SteroidPotion"},{"floor":16,"key":"Block Potion"},{"floor":27,"key":"Explosive Potion"}],"is_trial":false,"path_per_floor":["M","?","?","?","?","$","M","R","T","M","R","M","R","T","R","B",null,"M","?","?","M","$","R","M","$","T","M","?","M","$","$","R","B"],"character_chosen":"IRONCLAD","items_purchased":["Uppercut","Toxic Egg 2","Offering+1"],"campfire_rested":1,"item_purchase_floors":[6,22,30],"current_hp_per_floor":[88,88,77,88,93,93,90,90,90,93,93,93,93,93,93,24,93,82,82,82,67,67,76,49,49,49,49,49,38,38,38,77,0],"gold":14,"neow_bonus":"TEN_PERCENT_HP_BONUS","is_prod":false,"is_daily":false,"chose_seed":false,"campfire_upgraded":5,"win_rate":0,"timestamp":1552953942,"path_taken":["M","?","?","?","?","$","M","R","T","?","R","M","R","?","R","BOSS","M","?","?","M","?","R","M","$","T","?","?","M","?","$","R","BOSS"],"build_version":"2019-01-23","purchased_purges":0,"victory":false,"max_hp_per_floor":[88,88,88,88,93,93,93,93,93,93,93,93,93,93,93,93,93,93,93,93,93,93,93,93,93,93,93,93,93,93,93,93,93],"card_choices":[{"not_picked":["Warcry","Hemokinesis"],"picked":"Dual Wield","floor":1},{"not_picked":["Havoc","Iron Wave"],"picked":"Wild Strike","floor":7},{"not_picked":["Armaments","Body Slam"],"picked":"Shrug It Off","floor":10},{"not_picked":["Reckless Charge","Clash"],"picked":"Clothesline","floor":12},{"not_picked":["Brutality","Fiend Fire"],"picked":"Limit Break","floor":16},{"not_picked":["Hemokinesis+1","Thunderclap"],"picked":"Pommel Strike","floor":18},{"not_picked":["Sword Boomerang","Thunderclap"],"picked":"Cleave+1","floor":21},{"not_picked":["Feel No Pain","Entrench+1"],"picked":"Intimidate+1","floor":24},{"not_picked":["Intimidate+1","True Grit+1"],"picked":"Inflame+1","floor":27},{"not_picked":["Clothesline","Rupture+1"],"picked":"Cleave","floor":29}],"player_experience":314369,"relics_obtained":[{"floor":9,"key":"Bronze Scales"},{"floor":14,"key":"Paper Frog"},{"floor":26,"key":"Girya"}],"event_choices":[{"damage_healed":0,"gold_gain":0,"player_choice":"Ignored","damage_taken":0,"max_hp_gain":0,"max_hp_loss":0,"event_name":"Golden Wing","floor":2,"gold_loss":0},{"damage_healed":0,"gold_gain":75,"player_choice":"Gather Gold","damage_taken":11,"max_hp_gain":0,"max_hp_loss":0,"event_name":"World of Goop","floor":3,"gold_loss":0},{"damage_healed":22,"gold_gain":0,"player_choice":"Healed","damage_taken":0,"max_hp_gain":0,"max_hp_loss":0,"event_name":"The Cleric","floor":4,"gold_loss":35},{"damage_healed":0,"gold_gain":0,"player_choice":"Donut","damage_taken":0,"max_hp_gain":5,"max_hp_loss":0,"event_name":"Big Fish","floor":5,"gold_loss":0},{"damage_healed":0,"gold_gain":0,"player_choice":"Read","damage_taken":0,"max_hp_gain":0,"max_hp_loss":0,"event_name":"The Library","floor":19,"gold_loss":0,"cards_obtained":["Anger"]},{"damage_healed":0,"gold_gain":0,"player_choice":"Ignored","damage_taken":0,"max_hp_gain":0,"max_hp_loss":0,"event_name":"The Mausoleum","floor":20,"gold_loss":0},{"damage_healed":0,"gold_gain":0,"player_choice":"Copied","damage_taken":0,"max_hp_gain":0,"max_hp_loss":0,"event_name":"Duplicator","floor":28,"gold_loss":0,"cards_obtained":["Anger"]}],"is_beta":false,"boss_relics":[{"not_picked":["Coffee Dripper","Lizard Tail"],"picked":"Eternal Feather"}],"items_purged_floors":[],"is_endless":false,"potions_floor_spawned":[7,12,16,27],"killed_by":"Automaton","ascension_level":0}