{"gold_per_floor":[113,132,132,132,148,148,148,180,180,198,198,198,211,227,227,327,327,344,363,68,92,12,12,22,22,22,37,48,0,0,11,11,112,112,130,149,149,166,184,184,184],"floor_reached":41,"playtime":2012,"items_purged":["Strike_R","Strike_R"],"score":621,"play_id":"8e245a93-02b1-4e24-af07-653d39d4102f","local_time":"20190321171933","is_ascension_mode":true,"campfire_choices":[{"data":"Armaments","floor":6.0,"key":"SMITH"},{"data":"Rampage","floor":11.0,"key":"SMITH"},{"data":"Shrug It Off","floor":15.0,"key":"SMITH"},{"data":"Cleave","floor":23,"key":"SMITH"},{"data":"Spot Weakness","floor":30,"key":"SMITH"},{"data":"Spot Weakness","floor":32,"key":"SMITH"},{"floor":40,"key":"REST"}],"neow_cost":"NONE","seed_source_timestamp":13497246459054,"circlet_count":0,"master_deck":["AscendersBane","Strike_R","Strike_R","Defend_R","Defend_R","Defend_R","Defend_R","Bash+1","Flex+1","Shrug It Off+1","Armaments+1","Feed","Rampage+1","Battle Trance","Cleave+1","Juggernaut","Spot Weakness+1","Sword Boomerang+1","Spot Weakness+1","Cleave","Impervious","Heavy Blade+1","Demon Form"],"special_seed":0,"relics":["Burning Blood","Blue Candle","Dream Catcher","The Courier","Velvet Choker","Regal Pillow","Oddly Smooth Stone","Boot","Bag of Preparation","Black Star","GremlinMask"],"potions_floor_usage":[18,38,38,39,39,39,39,41],"damage_taken":[{"damage":0.0,"enemies":"2 Louse","floor":1.0,"turns":3.0},{"damage":6.0,"enemies":"Cultist","floor":2.0,"turns":4.0},{"damage":0.0,"enemies":"Small Slimes","floor":5.0,"turns":3.0},{"damage":29.0,"enemies":"3 Sentries","floor":8.0,"turns":11.0},{"damage":5.0,"enemies":"2 Fungi Beasts","floor":10.0,"turns":5.0},{"damage":7.0,"enemies":"Looter","floor":13.0,"turns":5.0},{"damage":16.0,"enemies":"Exordium Thugs","floor":14.0,"turns":4.0},{"damage":20.0,"enemies":"The Guardian","floor":16.0,"turns":9.0},{"damage":0,"enemies":"Spheric Guardian","floor":18,"turns":3},{"damage":12,"enemies":"Shell Parasite","floor":19,"turns":4},{"damage":6,"enemies":"Cultist and Chosen","floor":24,"turns":4},{"damage":10,"enemies":"Snecko","floor":27,"turns":4},{"damage":0,"enemies":"Sentry and Sphere","floor":28,"turns":5},{"damage":8,"enemies":"Shelled Parasite and Fungi","floor":31,"turns":5},{"damage":61,"enemies":"Champ","floor":33,"turns":9},{"damage":0,"enemies":"Orb Walker","floor":35,"turns":3},{"damage":6,"enemies":"3 Shapes","floor":36,"turns":10},{"damage":9,"enemies":"Transient","floor":38,"turns":5},{"damage":49,"enemies":"Sphere and 2 Shapes","floor":39,"turns":15},{"damage":89,"enemies":"Nemesis","floor":41,"turns":7}],"seed_played":"978368307800288485","potions_obtained":[{"floor":5.0,"key":"Energy Potion"},{"floor":10.0,"key":"PowerPotion"},{"floor":13.0,"key":"LiquidBronze"},{"floor":16.0,"key":"SteroidPotion"},{"floor":24,"key":"Fire Potion"},{"floor":33,"key":"Block Potion"},{"floor":35,"key":"PowerPotion"},{"floor":38,"key":"EntropicBrew"},{"floor":39,"key":"SpeedPotion"}],"is_trial":false,"path_per_floor":["M","M","?","?","M","R","?","E","T","M","R","?","M","M","R","B",null,"M","M","$","T","$","R","M","?","T","M","M","?","R","M","R","B",null,"M","M","?","M","M","R","E"],"character_chosen":"IRONCLAD","items_purchased":["Regal Pillow","Oddly Smooth Stone"],"campfire_rested":1,"item_purchase_floors":[20,20],"current_hp_per_floor":[78,78,78,78,80,80,80,57,57,61,61,61,63,56,56,42,77,83,80,80,80,80,80,80,80,80,76,82,82,82,80,80,25,75,84,87,87,84,44,89,0],"gold":184,"neow_bonus":"UPGRADE_CARD","is_prod":false,"is_daily":false,"chose_seed":false,"campfire_upgraded":6,"win_rate":0,"timestamp":1553156373,"path_taken":["M","M","?","?","M","R","?","E","T","M","R","?","M","M","R","BOSS","M","M","$","?","$","R","M","?","T","M","M","?","R","M","R","BOSS","M","M","?","M","?","R","E"],"build_version":"2019-01-23","purchased_purges":2,"victory":false,"max_hp_per_floor":[80,80,80,80,80,80,80,80,80,83,83,83,86,89,89,89,89,89,92,92,92,92,92,92,92,92,92,92,92,92,92,92,92,92,95,98,98,98,101,101,101],"card_choices":[{"not_picked":["Inflame","Shrug It Off"],"picked":"Flex","floor":1.0},{"not_picked":["Dual Wield","Headbutt"],"picked":"Shrug It Off","floor":2.0},{"not_picked":["Sever Soul","Feel No Pain"],"picked":"Armaments","floor":5.0},{"not_picked":["Sentinel","Blood for Blood"],"picked":"Feed","floor":8.0},{"not_picked":["Havoc","Shrug It Off"],"picked":"Rampage","floor":10.0},{"not_picked":["Warcry","Second Wind"],"picked":"Battle Trance","floor":13.0},{"not_picked":["Dropkick","Dual Wield"],"picked":"Cleave","floor":14.0},{"not_picked":["Brutality","Exhume"],"picked":"Juggernaut","floor":16.0},{"not_picked":["Corruption+1","Iron Wave"],"picked":"Spot Weakness","floor":18},{"not_picked":["Evolve","Battle Trance"],"picked":"Sword Boomerang+1","floor":19},{"not_picked":["Sever Soul+1","Clash+1"],"picked":"Spot Weakness","floor":24},{"not_picked":["Rampage","Clothesline"],"picked":"Cleave","floor":27},{"not_picked":["Anger+1","Clash+1","Warcry"],"picked":"SKIP","floor":28},{"not_picked":["Burning Pact","Flex","Headbutt"],"picked":"SKIP","floor":31},{"not_picked":["Feed","Immolate"],"picked":"Impervious","floor":33},{"not_picked":["Anger","Ghostly Armor","Clash+1"],"picked":"SKIP","floor":35},{"not_picked":["Clothesline","Whirlwind","Iron Wave"],"picked":"SKIP","floor":36},{"not_picked":["Clothesline","Whirlwind","Iron Wave"],"picked":"SKIP","floor":36},{"not_picked":["Armaments","Clothesline+1"],"picked":"Heavy Blade+1","floor":38},{"not_picked":["Intimidate","Armaments","Dual Wield+1"],"picked":"SKIP","floor":39},{"not_picked":["Intimidate+1","Clash+1"],"picked":"Demon Form","floor":40}],"player_experience":362583,"relics_obtained":[{"floor":8.0,"key":"Dream Catcher"},{"floor":9.0,"key":"The Courier"},{"floor":21,"key":"Boot"},{"floor":26,"key":"Bag of Preparation"}],"event_choices":[{"damage_healed":0.0,"max_hp_gain":0.0,"max_hp_loss":0.0,"gold_gain":0.0,"event_name":"Golden Idol","player_choice":"Ignored","floor":3.0,"gold_loss":0.0,"damage_taken":0.0},{"damage_healed":0.0,"max_hp_gain":0.0,"max_hp_loss":0.0,"gold_gain":0.0,"event_name":"Living Wall","player_choice":"Grow","floor":4.0,"gold_loss":0.0,"damage_taken":0.0,"cards_upgraded":["Flex"]},{"damage_healed":0.0,"max_hp_gain":0.0,"max_hp_loss":0.0,"gold_gain":0.0,"event_name":"Dead Adventurer","player_choice":"Searched \u00272\u0027 times","floor":7.0,"gold_loss":0.0,"damage_taken":0.0,"relics_obtained":["Blue Candle"]},{"cards_removed":["Strike_R"],"damage_healed":0.0,"max_hp_gain":0.0,"max_hp_loss":0.0,"gold_gain":0.0,"event_name":"Purifier","player_choice":"Purged","floor":12.0,"gold_loss":0.0,"damage_taken":0.0},{"damage_healed":0,"gold_gain":0,"player_choice":"Paid Fearfully","damage_taken":0,"max_hp_gain":0,"max_hp_loss":0,"event_name":"Masked Bandits","floor":29,"gold_loss":48},{"damage_healed":0,"gold_gain":0,"player_choice":"Trade","damage_taken":0,"relics_obtained":["GremlinMask"],"max_hp_gain":0,"max_hp_loss":0,"event_name":"FaceTrader","floor":37,"gold_loss":0}],"is_beta":false,"boss_relics":[{"not_picked":["Sozu","Ectoplasm"],"picked":"Velvet Choker"},{"not_picked":["Calling Bell","Snecko Eye"],"picked":"Black Star"}],"items_purged_floors":[20,22],"is_endless":false,"potions_floor_spawned":[5,10,13,16,24,27,28,33,35,36,38,39],"killed_by":"Nemesis","ascension_level":10}