{"gold_per_floor":[115,190,32,83,48,48,48,67,67,242,262,262,95,114,114,210,210,210],"floor_reached":18,"playtime":387,"items_purged":[],"score":148,"play_id":"59468f81-8248-428d-b8ef-67a99aacea14","local_time":"20190318222558","is_ascension_mode":false,"campfire_choices":[{"data":"Offering","floor":6,"key":"SMITH"},{"data":"Heavy Blade","floor":12,"key":"SMITH"},{"data":"Rampage","floor":15,"key":"SMITH"}],"neow_cost":"NONE","seed_source_timestamp":0,"circlet_count":0,"master_deck":["Strike_R","Strike_R","Strike_R","Strike_R","Strike_R","Defend_R","Defend_R","Defend_R","Defend_R","Bash+1","Pommel Strike","Offering+1","Heavy Blade+1","Doubt","Shrug It Off","Wild Strike","Rampage+1","Spot Weakness","Flex","Feed"],"special_seed":0,"relics":["Black Blood","Smiling Mask"],"potions_floor_usage":[],"damage_taken":[{"damage":8.0,"enemies":"Jaw Worm","floor":1.0,"turns":4.0},{"damage":6,"enemies":"Small Slimes","floor":8,"turns":4},{"damage":0,"enemies":"2 Louse","floor":11,"turns":2},{"damage":12,"enemies":"Looter","floor":14,"turns":3},{"damage":54,"enemies":"Hexaghost","floor":16,"turns":9},{"damage":17,"enemies":"Spheric Guardian","floor":18,"turns":4}],"seed_played":"-4898267972628754679","potions_obtained":[{"floor":8,"key":"GamblersBrew"},{"floor":14,"key":"Weak Potion"}],"is_trial":false,"path_per_floor":["M","?","$","?","?","R","$","M","T","?","M","R","$","M","R","B",null,"M"],"character_chosen":"IRONCLAD","items_purchased":["Offering","Wild Strike","Rampage","Spot Weakness"],"campfire_rested":0,"item_purchase_floors":[3,13,13,13],"current_hp_per_floor":[78,67,67,67,80,80,80,80,80,80,80,80,80,74,74,26,80,63],"gold":210,"neow_bonus":"UPGRADE_CARD","is_prod":false,"is_daily":false,"chose_seed":false,"campfire_upgraded":3,"win_rate":0,"timestamp":1552944358,"path_taken":["M","?","$","?","?","R","$","M","T","?","M","R","?","?","R","BOSS","M"],"build_version":"2019-01-23","purchased_purges":0,"victory":false,"max_hp_per_floor":[80,80,80,80,80,80,80,80,80,80,80,80,80,80,80,80,80,80],"card_choices":[{"not_picked":["Second Wind","Shrug It Off"],"picked":"Pommel Strike","floor":1.0},{"not_picked":["Clothesline","Combust"],"picked":"Heavy Blade","floor":8},{"not_picked":["Havoc","Iron Wave"],"picked":"Shrug It Off","floor":11},{"not_picked":["Sever Soul","Iron Wave"],"picked":"Flex","floor":14},{"not_picked":["Berserk","Double Tap"],"picked":"Feed","floor":16}],"player_experience":305583,"relics_obtained":[{"floor":9,"key":"Smiling Mask"}],"event_choices":[{"damage_healed":0.0,"max_hp_gain":0.0,"max_hp_loss":0.0,"gold_gain":75.0,"event_name":"World of Goop","player_choice":"Gather Gold","floor":2.0,"gold_loss":0.0,"damage_taken":11.0},{"damage_healed":0,"gold_gain":51,"player_choice":"Gained Gold","damage_taken":0,"max_hp_gain":0,"max_hp_loss":0,"event_name":"Golden Wing","floor":4,"gold_loss":0},{"damage_healed":20,"gold_gain":0,"player_choice":"Healed","damage_taken":0,"max_hp_gain":0,"max_hp_loss":0,"event_name":"The Cleric","floor":5,"gold_loss":35},{"damage_healed":0,"gold_gain":175,"player_choice":"AGREE","damage_taken":0,"max_hp_gain":0,"max_hp_loss":0,"event_name":"Liars Game","floor":10,"gold_loss":0,"cards_obtained":["Doubt"]}],"is_beta":false,"boss_relics":[{"not_picked":["Tiny House","Astrolabe"],"picked":"Black Blood"}],"items_purged_floors":[],"is_endless":false,"potions_floor_spawned":[8,14],"killed_by":"Spheric Guardian","ascension_level":0}