{"gold_per_floor":[111,123,48,48,123,123,123,155,178,178,197,213,14,25,25,123,123,135,135,135,116,16,45,45,55,55,68,68,68,68,79,79,79],"floor_reached":33,"playtime":2632,"items_purged":["Strike_G","Strike_G"],"score":290,"play_id":"8aae3051-7b94-4ec2-a043-63b42c58b85f","local_time":"20190108111341","is_ascension_mode":false,"campfire_choices":[{"data":"Neutralize","floor":7.0,"key":"SMITH"},{"data":"Cloak And Dagger","floor":10.0,"key":"SMITH"},{"data":"Accuracy","floor":15.0,"key":"SMITH"},{"data":"Cloak And Dagger","floor":24.0,"key":"SMITH"},{"data":"Footwork","floor":29,"key":"SMITH"},{"floor":32,"key":"REST"}],"neow_cost":"NONE","seed_source_timestamp":0,"circlet_count":0,"master_deck":["Defend_G","Defend_G","Defend_G","Defend_G","Defend_G","Strike_G","Strike_G","Survivor","Neutralize+1","Cloak And Dagger+1","Backflip","Accuracy+1","Backflip","Backflip","Cloak And Dagger+1","After Image","Cloak And Dagger","Iron Wave","Blade Dance","Escape Plan","Footwork+1","Dodge and Roll"],"special_seed":0,"relics":["Ring of the Snake","NeowsBlessing","Unceasing Top","Omamori","Bag of Marbles","Sling","WristBlade","Anchor","Gremlin Horn","Necronomicon"],"potions_floor_usage":[27,33],"damage_taken":[{"damage":0.0,"enemies":"Cultist","floor":1.0,"turns":1.0},{"damage":0.0,"enemies":"2 Louse","floor":2.0,"turns":1.0},{"damage":0.0,"enemies":"Lagavulin","floor":8.0,"turns":1.0},{"damage":0.0,"enemies":"Small Slimes","floor":11.0,"turns":3.0},{"damage":1.0,"enemies":"Blue Slaver","floor":12.0,"turns":4.0},{"damage":0.0,"enemies":"3 Louse","floor":14.0,"turns":3.0},{"damage":28.0,"enemies":"The Guardian","floor":16.0,"turns":11.0},{"damage":15.0,"enemies":"Chosen","floor":18.0,"turns":7.0},{"damage":9.0,"enemies":"2 Thieves","floor":21.0,"turns":4.0},{"damage":4.0,"enemies":"Book of Stabbing","floor":23.0,"turns":4.0},{"damage":0,"enemies":"Centurion and Healer","floor":25,"turns":5},{"damage":5,"enemies":"Snake Plant","floor":27,"turns":3},{"damage":7,"enemies":"3 Cultists","floor":31,"turns":5},{"damage":44,"enemies":"Collector","floor":33,"turns":7}],"seed_played":"-7882611506013366852","potions_obtained":[{"floor":2.0,"key":"EntropicBrew"},{"floor":12.0,"key":"Strength Potion"},{"floor":14.0,"key":"PowerPotion"},{"floor":18.0,"key":"GamblersBrew"},{"floor":21.0,"key":"FearPotion"}],"is_trial":false,"path_per_floor":["M","M","$","?","?","T","R","E","T","R","M","M","$","M","R","B",null,"M","?","?","M","$","E","R","M","T","M","?","R","?","M","R","B"],"character_chosen":"THE_SILENT","items_purchased":["Sling"],"campfire_rested":1,"item_purchase_floors":[13],"current_hp_per_floor":[70,70,70,70,59,59,59,59,59,59,59,58,58,58,58,30,70,55,55,55,46,46,42,42,42,42,37,21,21,21,14,35,0],"gold":79,"neow_bonus":"THREE_ENEMY_KILL","is_prod":false,"is_daily":false,"chose_seed":false,"campfire_upgraded":5,"win_rate":0,"timestamp":1546917221,"path_taken":["M","?","$","?","?","?","R","E","T","R","M","M","?","M","R","BOSS","M","?","?","M","$","E","R","?","T","M","?","R","?","M","R","BOSS"],"build_version":"2019-01-03v4","purchased_purges":2,"victory":false,"max_hp_per_floor":[70,70,70,70,70,70,70,70,70,70,70,70,70,70,70,70,70,70,70,70,70,70,70,70,70,70,70,70,70,70,70,70,70],"card_choices":[{"not_picked":["Dagger Spray","Distraction"],"picked":"Cloak And Dagger","floor":1.0},{"not_picked":["Dodge and Roll","Bane"],"picked":"Backflip","floor":2.0},{"not_picked":["Escape Plan","Predator"],"picked":"Accuracy","floor":8.0},{"not_picked":["Deflect","Leg Sweep"],"picked":"Backflip","floor":11.0},{"not_picked":["Endless Agony","Finisher"],"picked":"Backflip","floor":12.0},{"not_picked":["Underhanded Strike","Acrobatics"],"picked":"Cloak And Dagger","floor":14.0},{"not_picked":["Storm of Steel","Venomology"],"picked":"After Image","floor":16.0},{"not_picked":["Prepared","Eviscerate+1"],"picked":"Cloak And Dagger","floor":18.0},{"not_picked":["Dodge and Roll","Deadly Poison"],"picked":"Blade Dance","floor":21.0},{"not_picked":["Quick Slash","Catalyst+1"],"picked":"Escape Plan","floor":23.0},{"not_picked":["Blade Dance","PiercingWail+1"],"picked":"Footwork","floor":25},{"not_picked":["Choke","Doppelganger","Masterful Stab"],"picked":"SKIP","floor":27},{"not_picked":["Poisoned Stab","All Out Attack"],"picked":"Dodge and Roll","floor":31}],"player_experience":117263,"relics_obtained":[{"floor":6.0,"key":"Unceasing Top"},{"floor":8.0,"key":"Omamori"},{"floor":9.0,"key":"Bag of Marbles"},{"floor":23.0,"key":"Anchor"},{"floor":26,"key":"Gremlin Horn"},{"floor":28,"key":"Necronomicon"}],"event_choices":[{"damage_healed":0.0,"max_hp_gain":0.0,"max_hp_loss":0.0,"gold_gain":0.0,"event_name":"The Cleric","player_choice":"Leave","floor":4.0,"gold_loss":0.0,"damage_taken":0.0},{"damage_healed":0.0,"max_hp_gain":0.0,"max_hp_loss":0.0,"gold_gain":75.0,"event_name":"World of Goop","player_choice":"Gather Gold","floor":5.0,"gold_loss":0.0,"damage_taken":11.0},{"damage_healed":0.0,"max_hp_gain":0.0,"max_hp_loss":0.0,"gold_gain":0.0,"event_name":"Ghosts","player_choice":"Ignored","floor":19.0,"gold_loss":0.0,"damage_taken":0.0},{"cards_removed":["Strike_G"],"damage_healed":0.0,"max_hp_gain":0.0,"max_hp_loss":0.0,"gold_gain":0.0,"event_name":"NoteForYourself","player_choice":"Took Card","floor":20.0,"gold_loss":0.0,"damage_taken":0.0,"cards_obtained":["Iron Wave"]},{"damage_healed":0,"gold_gain":0,"player_choice":"Obtained Book","damage_taken":16,"max_hp_gain":0,"max_hp_loss":0,"event_name":"Cursed Tome","floor":28,"gold_loss":0},{"damage_healed":0,"gold_gain":0,"player_choice":"Ignored","damage_taken":0,"max_hp_gain":0,"max_hp_loss":0,"event_name":"Beggar","floor":30,"gold_loss":0}],"is_beta":false,"boss_relics":[{"not_picked":["Philosopher\u0027s Stone","Black Star"],"picked":"WristBlade"}],"items_purged_floors":[3,22],"is_endless":false,"potions_floor_spawned":[2,12,14,18,21],"killed_by":"Collector","ascension_level":0}