{"gold_per_floor":[112,131,156,170,185,185,210,230,275,275,54,66,99,117,117,214,214,230,250,265,278,289,289],"floor_reached":23,"playtime":1754,"items_purged":["Strike_R"],"score":234,"play_id":"710204d3-3ae5-4d45-b87f-a30cfebc624c","local_time":"20181226175414","is_ascension_mode":false,"campfire_choices":[{"data":"Bash","floor":6,"key":"SMITH"},{"floor":10,"key":"REST"},{"floor":15,"key":"REST"}],"neow_cost":"NONE","seed_source_timestamp":1587339201100,"circlet_count":0,"master_deck":["Strike_R","Strike_R","Strike_R+1","Strike_R","Defend_R","Defend_R","Defend_R","Defend_R","Bash+1","Inflame","Anger","Twin Strike+1","Bloodletting","Battle Trance","Heavy Blade","Offering","Spot Weakness","Iron Wave","Demon Form","Iron Wave+1","Sword Boomerang+1","Immolate","Cleave"],"relics":["White Beast Statue","Strawberry","Boot","Dream Catcher","Whetstone","Runic Cube"],"potions_floor_usage":[4,7,7,12,13,16,16,19,20,21,22,22,23],"damage_taken":[{"damage":6,"enemies":"Cultist","floor":1,"turns":3},{"damage":16,"enemies":"Jaw Worm","floor":2,"turns":4},{"damage":7,"enemies":"2 Louse","floor":4,"turns":3},{"damage":28,"enemies":"Exordium Wildlife","floor":5,"turns":3},{"damage":6,"enemies":"Gremlin Nob","floor":7,"turns":3},{"damage":11,"enemies":"Lots of Slimes","floor":8,"turns":4},{"damage":21,"enemies":"Exordium Thugs","floor":12,"turns":3},{"damage":6,"enemies":"Lagavulin","floor":13,"turns":4},{"damage":6,"enemies":"Exordium Wildlife","floor":14,"turns":2},{"damage":29,"enemies":"Hexaghost","floor":16,"turns":6},{"damage":22,"enemies":"Chosen","floor":18,"turns":2},{"damage":6,"enemies":"Spheric Guardian","floor":19,"turns":1},{"damage":19,"enemies":"Cultist and Chosen","floor":20,"turns":3},{"damage":22,"enemies":"Centurion and Healer","floor":21,"turns":3},{"damage":30,"enemies":"Shelled Parasite and Fungi","floor":22,"turns":4},{"damage":2,"enemies":"Book of Stabbing","floor":23,"turns":1}],"seed_played":"-5625943706130366538","potions_obtained":[{"floor":1,"key":"Fire Potion"},{"floor":2,"key":"BloodPotion"},{"floor":4,"key":"SpeedPotion"},{"floor":5,"key":"LiquidBronze"},{"floor":7,"key":"Dexterity Potion"},{"floor":8,"key":"Weak Potion"},{"floor":12,"key":"Energy Potion"},{"floor":13,"key":"Ancient Potion"},{"floor":14,"key":"Strength Potion"},{"floor":16,"key":"Fire Potion"},{"floor":18,"key":"Explosive Potion"},{"floor":19,"key":"FairyPotion"},{"floor":20,"key":"SteroidPotion"},{"floor":21,"key":"Poison Potion"},{"floor":22,"key":"FearPotion"}],"is_trial":false,"path_per_floor":["M","M","T","M","M","R","E","M","T","R","$","M","E","M","R","B",null,"M","M","M","M","M","E"],"character_chosen":"IRONCLAD","items_purchased":["Offering"],"campfire_rested":2,"item_purchase_floors":[11],"current_hp_per_floor":[74,58,65,66,38,38,32,21,21,47,47,26,20,14,40,11,87,65,59,40,18,1,0],"gold":289,"neow_bonus":"BOSS_RELIC","is_prod":false,"is_daily":false,"chose_seed":false,"campfire_upgraded":1,"win_rate":0,"timestamp":1545818054,"path_taken":["M","M","?","M","M","R","E","M","T","R","$","M","E","M","R","BOSS","M","M","M","M","M","E"],"build_version":"2018-12-20","purchased_purges":1,"victory":false,"max_hp_per_floor":[80,80,87,87,87,87,87,87,87,87,87,87,87,87,87,87,87,87,87,87,87,87,87],"card_choices":[{"not_picked":["True Grit","Havoc"],"picked":"Inflame","floor":1},{"not_picked":["Bludgeon","Burning Pact"],"picked":"Anger","floor":2},{"not_picked":["Headbutt","Fire Breathing"],"picked":"Twin Strike","floor":4},{"not_picked":["Flex","Second Wind","Wild Strike"],"picked":"SKIP","floor":5},{"not_picked":["Entrench","Berserk"],"picked":"Bloodletting","floor":7},{"not_picked":["Headbutt","Battle Trance","Anger"],"picked":"SKIP","floor":8},{"not_picked":["Headbutt","Anger"],"picked":"Battle Trance","floor":8},{"not_picked":["Thunderclap","Clothesline"],"picked":"Heavy Blade","floor":10},{"not_picked":["Clash","Wild Strike","Metallicize"],"picked":"SKIP","floor":12},{"not_picked":["Sever Soul","Armaments","Evolve"],"picked":"SKIP","floor":13},{"not_picked":["True Grit","Perfected Strike"],"picked":"Spot Weakness","floor":14},{"not_picked":["Twin Strike","Heavy Blade"],"picked":"Iron Wave","floor":15},{"not_picked":["Exhume","Double Tap"],"picked":"Demon Form","floor":16},{"not_picked":["Flex","Corruption"],"picked":"Iron Wave+1","floor":18},{"not_picked":["Clothesline","True Grit+1","Uppercut"],"picked":"SKIP","floor":19},{"not_picked":["Warcry","Havoc"],"picked":"Sword Boomerang+1","floor":20},{"not_picked":["Thunderclap","Warcry"],"picked":"Immolate","floor":21},{"not_picked":["Warcry","Body Slam"],"picked":"Cleave","floor":22}],"player_experience":77668,"relics_obtained":[{"floor":3,"key":"Strawberry"},{"floor":7,"key":"Boot"},{"floor":9,"key":"Dream Catcher"},{"floor":13,"key":"Whetstone"}],"event_choices":[],"is_beta":false,"boss_relics":[{"not_picked":["Black Star","Tiny House"],"picked":"Runic Cube"}],"items_purged_floors":[11],"is_endless":false,"potions_floor_spawned":[1,2,4,5,7,8,12,13,14,16,18,19,20,21,22],"killed_by":"Book of Stabbing","ascension_level":0}