{"gold_per_floor":[114,39,114,114,129,159,159,174,174,174,174,4,4,19,19,19],"floor_reached":16,"playtime":1668,"items_purged":["Strike_R"],"score":98,"play_id":"59d88f50-6d78-4bdb-b02d-674d05381799","local_time":"20190128083444","daily_mods":["Chimera","Flight","DeadlyEvents"],"is_ascension_mode":false,"campfire_choices":[{"data":"Bash","floor":7,"key":"SMITH"},{"data":"Zap","floor":10,"key":"SMITH"},{"data":"Seeing Red","floor":11,"key":"SMITH"},{"data":"Metamorphosis","floor":13,"key":"SMITH"},{"data":"Berserk","floor":15,"key":"SMITH"}],"neow_cost":"","seed_source_timestamp":0,"circlet_count":0,"master_deck":["Bash+1","Survivor","Zap+1","Strike_G","Strike_B","Defend_R","Defend_G","Defend_B","Pommel Strike","Seeing Red+1","Shrug It Off","Metamorphosis+1","Berserk+1"],"special_seed":17924,"relics":["Burning Blood","Self Forming Clay","Question Card","Paper Frog"],"potions_floor_usage":[],"damage_taken":[{"damage":0,"enemies":"Cultist","floor":1,"turns":3},{"damage":6,"enemies":"2 Louse","floor":5,"turns":3},{"damage":29,"enemies":"3 Sentries","floor":6,"turns":10},{"damage":8,"enemies":"Small Slimes","floor":8,"turns":3},{"damage":9,"enemies":"3 Louse","floor":14,"turns":2},{"damage":52,"enemies":"The Guardian","floor":16,"turns":5}],"seed_played":"4127696918694319240","potions_obtained":[{"floor":6,"key":"Weak Potion"},{"floor":8,"key":"SpeedPotion"}],"is_trial":false,"path_per_floor":["M","$","T","?","M","E","R","M","T","R","R","$","R","M","R","B"],"character_chosen":"IRONCLAD","items_purchased":["Metamorphosis"],"campfire_rested":0,"item_purchase_floors":[12],"current_hp_per_floor":[80,80,80,80,80,57,57,55,55,55,55,55,55,52,52,0],"gold":19,"neow_bonus":"","is_prod":false,"is_daily":true,"chose_seed":false,"campfire_upgraded":5,"win_rate":0,"timestamp":1548635684,"path_taken":["M","?","?","?","?","E","R","M","T","R","R","$","R","M","R","BOSS"],"build_version":"2019-01-23","purchased_purges":1,"victory":false,"max_hp_per_floor":[80,80,80,80,80,80,80,80,80,80,80,80,80,80,80,80],"card_choices":[{"not_picked":["Iron Wave","Flex"],"picked":"Pommel Strike","floor":1},{"not_picked":["Rampage","Perfected Strike","Warcry"],"picked":"SKIP","floor":5},{"not_picked":["Clothesline","Pummel"],"picked":"Seeing Red","floor":6},{"not_picked":["Wild Strike","Sentinel","Perfected Strike"],"picked":"Shrug It Off","floor":8},{"not_picked":["Anger","Clash","Clothesline"],"picked":"Berserk","floor":14}],"player_experience":288555,"relics_obtained":[{"floor":3,"key":"Self Forming Clay"},{"floor":6,"key":"Question Card"},{"floor":9,"key":"Paper Frog"}],"event_choices":[{"damage_healed":0,"gold_gain":0,"player_choice":"0 cards matched","damage_taken":0,"max_hp_gain":0,"max_hp_loss":0,"event_name":"Match and Keep!","floor":4,"gold_loss":0,"cards_obtained":[]}],"is_beta":false,"boss_relics":[],"items_purged_floors":[2],"is_endless":false,"potions_floor_spawned":[6,8],"killed_by":"The Guardian","ascension_level":0}