{"gold_per_floor":[113,126,26,40,40,40,54,54,79,92,92,4,79,93,93,167,167,186,236,236,254,254,287,287,304,304,304],"floor_reached":27,"playtime":1439,"items_purged":["Dualcast"],"score":413,"play_id":"88b54824-eb13-4cde-accb-4c40908d3c2f","local_time":"20181223114656","is_ascension_mode":true,"campfire_choices":[{"data":"Zap","floor":6.0,"key":"SMITH"},{"data":"Echo Form","floor":8.0,"key":"SMITH"},{"floor":11.0,"key":"REST"},{"data":"Fusion","floor":15.0,"key":"SMITH"},{"floor":24,"key":"REST"}],"neow_cost":"NONE","seed_source_timestamp":0,"circlet_count":0,"master_deck":["AscendersBane","Defend_B","Defend_B","Defend_B","Defend_B","Zap+1","Sunder+1","Gash","Gash","Rebound","Echo Form+1","Undo","Defragment","Fusion+1","Electrodynamics","Loop+1","Beam Cell+1","Machine Learning","Creative AI","Steam"],"special_seed":0,"relics":["Empty Cage","Bronze Scales","Nuclear Battery","Pear","Smiling Mask","Thread and Needle"],"potions_floor_usage":[27,27],"damage_taken":[{"damage":12.0,"enemies":"Cultist","floor":1.0,"turns":4.0},{"damage":1.0,"enemies":"2 Louse","floor":2.0,"turns":4.0},{"damage":4.0,"enemies":"Jaw Worm","floor":4.0,"turns":4.0},{"damage":2.0,"enemies":"Exordium Wildlife","floor":7.0,"turns":3.0},{"damage":7.0,"enemies":"2 Fungi Beasts","floor":10.0,"turns":2.0},{"damage":11.0,"enemies":"Looter","floor":14.0,"turns":3.0},{"damage":15.0,"enemies":"The Guardian","floor":16.0,"turns":9.0},{"damage":0,"enemies":"Chosen","floor":18,"turns":3},{"damage":3,"enemies":"3 Byrds","floor":21,"turns":3},{"damage":54,"enemies":"Book of Stabbing","floor":23,"turns":5},{"damage":24,"enemies":"Cultist and Chosen","floor":25,"turns":5},{"damage":21,"enemies":"Shelled Parasite and Fungi","floor":27,"turns":3}],"seed_played":"-3283906475853078949","potions_obtained":[{"floor":7.0,"key":"Strength Potion"},{"floor":14.0,"key":"Block Potion"},{"floor":16.0,"key":"Fruit Juice"},{"floor":25,"key":"Weak Potion"}],"is_trial":false,"path_per_floor":["M","M","$","M","?","R","M","R","T","M","R","$","?","M","R","B",null,"M","?","T","M","?","E","R","M","T","M"],"character_chosen":"DEFECT","items_purchased":["Gash","Defragment"],"campfire_rested":2,"item_purchase_floors":[3,12],"current_hp_per_floor":[52,51,51,47,47,47,45,45,45,38,59,59,48,37,37,22,59,59,59,69,66,66,12,36,12,12,0],"gold":304,"neow_bonus":"BOSS_RELIC","is_prod":false,"is_daily":false,"chose_seed":false,"campfire_upgraded":3,"win_rate":0,"timestamp":1545583616,"path_taken":["M","M","$","M","?","R","M","R","T","?","R","$","?","M","R","BOSS","M","?","?","M","?","E","R","M","T","M"],"build_version":"2018-12-20","purchased_purges":1,"victory":false,"max_hp_per_floor":[71,71,71,71,71,71,71,71,71,71,71,71,71,71,71,71,71,71,71,81,81,81,81,81,81,81,86],"card_choices":[{"not_picked":["Rebound","Chaos"],"picked":"Sunder","floor":1.0},{"not_picked":["Sweeping Beam","Coolheaded"],"picked":"Gash","floor":2.0},{"not_picked":["Rip and Tear","Sunder"],"picked":"Rebound","floor":4.0},{"not_picked":["Ball Lightning","Heatsinks"],"picked":"Echo Form","floor":7.0},{"not_picked":["Stack","Leap"],"picked":"Undo","floor":10.0},{"not_picked":["Stack","Steam"],"picked":"Fusion","floor":14.0},{"not_picked":["Fission","Echo Form"],"picked":"Electrodynamics","floor":16.0},{"not_picked":["Force Field","Rebound"],"picked":"Loop+1","floor":18},{"not_picked":["Sweeping Beam+1","Turbo"],"picked":"Beam Cell+1","floor":21},{"not_picked":["Streamline","Blizzard+1"],"picked":"Steam","floor":23},{"not_picked":["Go for the Eyes","Redo","Cold Snap"],"picked":"SKIP","floor":25}],"player_experience":864655,"relics_obtained":[{"floor":9.0,"key":"Bronze Scales"},{"floor":20,"key":"Pear"},{"floor":23,"key":"Smiling Mask"},{"floor":26,"key":"Thread and Needle"}],"event_choices":[{"damage_healed":0.0,"max_hp_gain":0.0,"max_hp_loss":0.0,"gold_gain":0.0,"event_name":"Upgrade Shrine","player_choice":"Upgraded","floor":5.0,"gold_loss":0.0,"damage_taken":0.0,"cards_upgraded":["Sunder"]},{"damage_healed":0.0,"max_hp_gain":0.0,"max_hp_loss":0.0,"gold_gain":75.0,"event_name":"World of Goop","player_choice":"Gather Gold","floor":13.0,"gold_loss":0.0,"damage_taken":11.0},{"damage_healed":0,"gold_gain":50,"player_choice":"Stole From Cult","damage_taken":0,"max_hp_gain":0,"max_hp_loss":0,"event_name":"Nest","floor":19,"gold_loss":0},{"damage_healed":0,"gold_gain":0,"cards_transformed":["Strike_B","Strike_B"],"player_choice":"Became Test Subject","damage_taken":0,"max_hp_gain":0,"max_hp_loss":0,"event_name":"Drug Dealer","floor":22,"gold_loss":0,"cards_obtained":["Machine Learning","Creative AI"]}],"is_beta":false,"boss_relics":[{"not_picked":["Runic Dome","Lizard Tail"],"picked":"Nuclear Battery"}],"items_purged_floors":[3],"is_endless":false,"potions_floor_spawned":[7,14,16,25],"killed_by":"Shelled Parasite and Fungi","ascension_level":17}