{"gold_per_floor":[118,135,155,170,44,44,64,97,97,97,130,141,141,141,141,246,296,311,311,311,410,410,410,424,424,424,106,106,117,136,147,147,147],"floor_reached":33,"playtime":2192,"items_purged":[],"score":257,"play_id":"60d742fa-e614-416d-aed9-2ae5c6ff6193","local_time":"20181223035337","is_ascension_mode":false,"campfire_choices":[{"data":"Zap","floor":6,"key":"SMITH"},{"floor":10,"key":"REST"},{"floor":13,"key":"REST"},{"floor":15,"key":"REST"},{"floor":23,"key":"REST"},{"data":"Dualcast","floor":25,"key":"SMITH"},{"data":"Redo","floor":28,"key":"SMITH"},{"floor":32,"key":"REST"}],"neow_cost":"NONE","seed_source_timestamp":149472001441383,"circlet_count":0,"master_deck":["Strike_B","Strike_B","Strike_B","Strike_B","Defend_B","Defend_B","Defend_B+1","Defend_B","Zap+1","Dualcast+1","Leap","Loop+1","Storm","Leap+1","Beam Cell","FTL","Redo+1","Streamline","Conserve Battery","Barrage","Seek","Compile Driver","Defragment","All For One","Ball Lightning","Magnetism","Bandage Up","Loop","Stack","Stack","Leap+1"],"relics":["Cracked Core","Pen Nib","Bottled Lightning","Meat on the Bone","Tiny House","Nilry\u0027s Codex","Shuriken"],"potions_floor_usage":[16,16,30,30,33,33],"damage_taken":[{"damage":6,"enemies":"2 Louse","floor":1,"turns":3},{"damage":0,"enemies":"Small Slimes","floor":2,"turns":3},{"damage":1,"enemies":"Jaw Worm","floor":3,"turns":3},{"damage":0,"enemies":"2 Fungi Beasts","floor":4,"turns":4},{"damage":29,"enemies":"Gremlin Gang","floor":7,"turns":5},{"damage":25,"enemies":"3 Sentries","floor":8,"turns":8},{"damage":18,"enemies":"Lagavulin","floor":11,"turns":5},{"damage":0,"enemies":"Looter","floor":12,"turns":3},{"damage":20,"enemies":"Hexaghost","floor":16,"turns":9},{"damage":25,"enemies":"Shell Parasite","floor":18,"turns":5},{"damage":0,"enemies":"Chosen","floor":24,"turns":4},{"damage":25,"enemies":"Snake Plant","floor":29,"turns":4},{"damage":0,"enemies":"Cultist and Chosen","floor":30,"turns":4},{"damage":11,"enemies":"Centurion and Healer","floor":31,"turns":8},{"damage":84,"enemies":"Collector","floor":33,"turns":6}],"seed_played":"2882469179407440211","potions_obtained":[{"floor":4,"key":"Ancient Potion"},{"floor":7,"key":"LiquidBronze"},{"floor":8,"key":"Explosive Potion"},{"floor":12,"key":"SkillPotion"},{"floor":17,"key":"Explosive Potion"},{"floor":30,"key":"PowerPotion"},{"floor":31,"key":"PowerPotion"}],"is_trial":false,"path_per_floor":["M","M","M","M","$","R","M","E","T","R","E","M","R","?","R","B",null,"M","?","?","?","?","R","M","R","T","$","R","M","M","M","R","B"],"character_chosen":"DEFECT","items_purchased":["Beam Cell","FTL","Magnetism","Bandage Up","Loop"],"campfire_rested":5,"item_purchase_floors":[5,5,27,27,27],"current_hp_per_floor":[76,76,75,75,75,75,46,21,21,45,27,39,63,47,71,51,87,62,62,46,46,46,72,72,72,72,72,72,51,55,48,74,0],"gold":147,"neow_bonus":"TEN_PERCENT_HP_BONUS","is_prod":false,"is_daily":false,"chose_seed":false,"campfire_upgraded":3,"win_rate":0.0,"timestamp":1545504817,"path_taken":["M","M","M","M","$","R","M","E","T","R","E","M","R","?","R","BOSS","M","?","?","?","?","R","M","R","T","$","R","M","?","M","R","BOSS"],"build_version":"2018-12-20","purchased_purges":0,"victory":false,"max_hp_per_floor":[82,82,82,82,82,82,82,82,82,82,82,82,82,82,82,82,87,87,87,87,87,87,87,87,87,87,87,87,87,87,87,87,87],"card_choices":[{"not_picked":["Hologram","Barrage"],"picked":"Leap","floor":1},{"not_picked":["Heatsinks","Cold Snap"],"picked":"Loop","floor":2},{"not_picked":["Gash","Redo"],"picked":"Storm","floor":3},{"not_picked":["Steam","Go for the Eyes"],"picked":"Leap","floor":4},{"not_picked":["Loop","Aggregate"],"picked":"Redo","floor":7},{"not_picked":["Go for the Eyes","Melter"],"picked":"Streamline","floor":8},{"not_picked":["Streamline","Seek"],"picked":"Conserve Battery","floor":11},{"not_picked":["Go for the Eyes","Leap"],"picked":"Barrage","floor":12},{"not_picked":["Rainbow","Reboot"],"picked":"Seek","floor":16},{"not_picked":["Heatsinks","Coolheaded"],"picked":"Compile Driver","floor":17},{"not_picked":["Leap","Hello World+1"],"picked":"Defragment","floor":18},{"not_picked":["Hologram","Beam Cell"],"picked":"Ball Lightning","floor":24},{"not_picked":["Barrage","Force Field"],"picked":"Stack","floor":29},{"not_picked":["Compile Driver","Gash+1"],"picked":"Stack","floor":30},{"not_picked":["Redo","Steam"],"picked":"Leap+1","floor":31}],"player_experience":9096,"relics_obtained":[{"floor":8,"key":"Pen Nib"},{"floor":9,"key":"Bottled Lightning"},{"floor":11,"key":"Meat on the Bone"},{"floor":20,"key":"Nilry\u0027s Codex"},{"floor":26,"key":"Shuriken"}],"event_choices":[{"damage_healed":0,"gold_gain":0,"player_choice":"Entered Light","damage_taken":16,"max_hp_gain":0,"max_hp_loss":0,"event_name":"Shining Light","floor":14,"gold_loss":0,"cards_upgraded":["Loop","Defend_B"]},{"damage_healed":0,"gold_gain":0,"player_choice":"Read","damage_taken":0,"max_hp_gain":0,"max_hp_loss":0,"event_name":"The Library","floor":19,"gold_loss":0,"cards_obtained":["All For One"]},{"damage_healed":0,"gold_gain":0,"player_choice":"Obtained Book","damage_taken":16,"max_hp_gain":0,"max_hp_loss":0,"event_name":"Cursed Tome","floor":20,"gold_loss":0},{"damage_healed":0,"gold_gain":99,"player_choice":"Stole From Cult","damage_taken":0,"max_hp_gain":0,"max_hp_loss":0,"event_name":"Nest","floor":21,"gold_loss":0},{"damage_healed":0,"gold_gain":0,"player_choice":"Ignored","damage_taken":0,"max_hp_gain":0,"max_hp_loss":0,"event_name":"Ghosts","floor":22,"gold_loss":0}],"is_beta":false,"boss_relics":[{"not_picked":["White Beast Statue","Black Star"],"picked":"Tiny House"}],"items_purged_floors":[],"is_endless":false,"potions_floor_spawned":[4,7,8,12,30,31],"killed_by":"Collector","ascension_level":0}