{"gold_per_floor":[109,128,141,66,85,113,113,139,165,2,2,2,18,38,38,117,117,137,151,169,180,195,230,230,241,266,180,215,42,42,60,60,139,139,158,158,42,54,64,64,64,75,75,124,140,140,169,185,185,185],"floor_reached":51,"playtime":5548,"items_purged":[],"score":1229,"play_id":"99b788e9-e3cd-4283-8bfe-4293c00269e5","local_time":"20181219034032","is_ascension_mode":true,"campfire_choices":[{"data":"Sunder","floor":7.0,"key":"SMITH"},{"floor":12.0,"key":"REST"},{"data":"Defragment","floor":15.0,"key":"SMITH"},{"floor":24.0,"key":"REST"},{"data":"Coolheaded","floor":30.0,"key":"SMITH"},{"data":"Thunder Strike","floor":32.0,"key":"SMITH"},{"data":"Capacitor","floor":40.0,"key":"SMITH"},{"floor":46.0,"key":"REST"},{"floor":49,"key":"REST"}],"neow_cost":"NONE","seed_source_timestamp":0,"circlet_count":0,"master_deck":["AscendersBane","Strike_B","Defend_B","Defend_B","Defend_B","Defend_B","Zap","Dualcast+1","Sunder+1","Consume+1","Defragment+1","Coolheaded+1","Undo","Conserve Battery","Core Surge","Reinforced Body","Double Energy","Self Repair","Coolheaded","Glacier","Thunder Strike+1","Tempest","All For One","Ball Lightning","Capacitor+1","Doom and Gloom","Conserve Battery","Fusion","Hologram","Defragment","Buffer","Undo+1"],"special_seed":0,"relics":["Cracked Core","War Paint","Blood Vial","Boot","Regal Pillow","Snecko Eye","Pen Nib","Oddly Smooth Stone","Bottled Flame","Anchor","Empty Cage","Letter Opener","Smiling Mask","Bag of Marbles"],"potions_floor_usage":[47,50],"damage_taken":[{"damage":0.0,"enemies":"Small Slimes","floor":1.0,"turns":3.0},{"damage":1.0,"enemies":"Cultist","floor":2.0,"turns":3.0},{"damage":0.0,"enemies":"2 Louse","floor":3.0,"turns":1.0},{"damage":6.0,"enemies":"Blue Slaver","floor":5.0,"turns":3.0},{"damage":33.0,"enemies":"3 Sentries","floor":6.0,"turns":7.0},{"damage":10.0,"enemies":"Lagavulin","floor":8.0,"turns":6.0},{"damage":3.0,"enemies":"Exordium Thugs","floor":13.0,"turns":3.0},{"damage":0.0,"enemies":"Large Slime","floor":14.0,"turns":4.0},{"damage":3.0,"enemies":"Slime Boss","floor":16.0,"turns":10.0},{"damage":5.0,"enemies":"Shell Parasite","floor":18.0,"turns":8.0},{"damage":7.0,"enemies":"Chosen","floor":19.0,"turns":4.0},{"damage":15.0,"enemies":"Centurion and Healer","floor":20.0,"turns":11.0},{"damage":31.0,"enemies":"Cultist and Chosen","floor":21.0,"turns":7.0},{"damage":0.0,"enemies":"Snake Plant","floor":22.0,"turns":4.0},{"damage":28.0,"enemies":"Slavers","floor":23.0,"turns":3.0},{"damage":3.0,"enemies":"Sentry and Sphere","floor":25.0,"turns":9.0},{"damage":6.0,"enemies":"Book of Stabbing","floor":28.0,"turns":6.0},{"damage":0.0,"enemies":"3 Cultists","floor":31.0,"turns":6.0},{"damage":66.0,"enemies":"Collector","floor":33.0,"turns":11.0},{"damage":0.0,"enemies":"3 Shapes","floor":35.0,"turns":3.0},{"damage":6.0,"enemies":"Orb Walker","floor":38.0,"turns":4.0},{"damage":44.0,"enemies":"Transient","floor":39.0,"turns":5.0},{"damage":14.0,"enemies":"Maw","floor":42.0,"turns":9.0},{"damage":19.0,"enemies":"Spire Growth","floor":45.0,"turns":9.0},{"damage":25,"enemies":"Reptomancer","floor":47,"turns":3},{"damage":3,"enemies":"Sphere and 2 Shapes","floor":48,"turns":6},{"damage":41,"enemies":"Donu and Deca","floor":50,"turns":14}],"seed_played":"-5620465115090099891","potions_obtained":[{"floor":3.0,"key":"Weak Potion"},{"floor":5.0,"key":"EssenceOfSteel"},{"floor":6.0,"key":"AttackPotion"},{"floor":8.0,"key":"AttackPotion"},{"floor":14.0,"key":"Explosive Potion"},{"floor":16.0,"key":"PowerPotion"},{"floor":21.0,"key":"PowerPotion"},{"floor":25.0,"key":"Explosive Potion"},{"floor":28.0,"key":"Explosive Potion"},{"floor":31.0,"key":"PowerPotion"},{"floor":35.0,"key":"LiquidBronze"},{"floor":38.0,"key":"Swift Potion"},{"floor":45.0,"key":"EssenceOfSteel"}],"is_trial":false,"path_per_floor":["M","M","M","$","M","E","R","E","T","$","?","R","M","M","R","B",null,"M","M","M","M","M","E","R","M","T","$","E","$","R","M","R","B",null,"M","?","$","M","M","R","?","M","T","T","M","R","E","M","R","B",null],"character_chosen":"DEFECT","items_purchased":["Consume","Regal Pillow","Tempest","Anchor","Capacitor","Doom and Gloom"],"campfire_rested":4,"item_purchase_floors":[4,10,27,29,37,37],"current_hp_per_floor":[71,70,70,70,64,31,31,21,21,21,21,59,58,60,60,59,73,70,65,52,30,39,13,51,57,57,57,60,60,60,69,69,12,62,71,71,71,74,32,32,32,27,27,27,17,55,32,38,76,44],"gold":185,"neow_bonus":"TEN_PERCENT_HP_BONUS","is_prod":false,"is_daily":false,"chose_seed":false,"campfire_upgraded":5,"win_rate":0,"timestamp":1545208832,"path_taken":["M","M","M","$","M","E","R","E","T","$","?","R","?","M","R","BOSS","M","?","M","M","M","E","R","M","T","$","E","$","R","M","R","BOSS","M","?","$","M","M","R","?","M","T","?","?","R","E","M","R","BOSS"],"build_version":"2018-12-13","purchased_purges":0,"victory":true,"max_hp_per_floor":[78,78,78,78,78,78,78,78,78,78,78,78,78,78,78,78,78,78,78,78,78,78,78,78,78,78,78,78,78,78,78,78,78,78,78,78,78,78,78,78,78,78,78,78,78,78,78,78,78,78],"card_choices":[{"not_picked":["Stack","Lockon"],"picked":"Sunder","floor":1.0},{"not_picked":["Beam Cell","Static Discharge","Ball Lightning"],"picked":"SKIP","floor":2.0},{"not_picked":["Aggregate","Reprogram","Redo"],"picked":"SKIP","floor":3.0},{"not_picked":["Compile Driver","Sweeping Beam","Force Field"],"picked":"SKIP","floor":5.0},{"not_picked":["BootSequence","Sweeping Beam"],"picked":"Defragment","floor":6.0},{"not_picked":["Hologram","Darkness"],"picked":"Coolheaded","floor":8.0},{"not_picked":["Ball Lightning","Machine Learning"],"picked":"Undo","floor":13.0},{"not_picked":["Static Discharge","Sweeping Beam"],"picked":"Conserve Battery","floor":14.0},{"not_picked":["Thunder Strike","Reboot"],"picked":"Core Surge","floor":16.0},{"not_picked":["Stack","Go for the Eyes"],"picked":"Reinforced Body","floor":18.0},{"not_picked":["Gash","BootSequence"],"picked":"Double Energy","floor":19.0},{"not_picked":["Cold Snap","Rebound+1"],"picked":"Self Repair","floor":20.0},{"not_picked":["Gash","Auto Shields"],"picked":"Coolheaded","floor":21.0},{"not_picked":["Beam Cell+1","Genetic Algorithm","Streamline"],"picked":"SKIP","floor":22.0},{"not_picked":["Gash","Rebound"],"picked":"Glacier","floor":23.0},{"not_picked":["Scrape","Melter"],"picked":"Thunder Strike","floor":25.0},{"not_picked":["Rebound","Double Energy+1","Consume"],"picked":"SKIP","floor":28.0},{"not_picked":["Coolheaded","Sweeping Beam","Steam"],"picked":"SKIP","floor":31.0},{"not_picked":["Reboot","Amplify"],"picked":"All For One","floor":33.0},{"not_picked":["Leap+1","Redo"],"picked":"Ball Lightning","floor":35.0},{"not_picked":["Rebound","Genetic Algorithm"],"picked":"Conserve Battery","floor":38.0},{"not_picked":["Cold Snap","Darkness"],"picked":"Fusion","floor":39.0},{"not_picked":["Turbo","Hologram","BootSequence+1"],"picked":"SKIP","floor":42.0},{"not_picked":["Turbo","BootSequence+1"],"picked":"Hologram","floor":42.0},{"not_picked":["Coolheaded+1","Turbo"],"picked":"Defragment","floor":45.0},{"not_picked":["Darkness","Redo+1"],"picked":"Buffer","floor":47},{"not_picked":["Tempest","Storm"],"picked":"Undo+1","floor":48}],"player_experience":838776,"relics_obtained":[{"floor":6.0,"key":"War Paint"},{"floor":8.0,"key":"Blood Vial"},{"floor":9.0,"key":"Boot"},{"floor":23.0,"key":"Pen Nib"},{"floor":26.0,"key":"Oddly Smooth Stone"},{"floor":28.0,"key":"Bottled Flame"},{"floor":43.0,"key":"Letter Opener"},{"floor":44.0,"key":"Smiling Mask"},{"floor":47,"key":"Bag of Marbles"}],"event_choices":[{"cards_removed":["Strike_B"],"damage_healed":0.0,"max_hp_gain":0.0,"max_hp_loss":0.0,"gold_gain":0.0,"event_name":"Purifier","player_choice":"Purged","floor":11.0,"gold_loss":0.0,"damage_taken":0.0},{"damage_healed":0.0,"max_hp_gain":0.0,"max_hp_loss":0.0,"gold_gain":0.0,"event_name":"Tomb of Lord Red Mask","player_choice":"Ignored","floor":36.0,"gold_loss":0.0,"damage_taken":0.0},{"damage_healed":0.0,"max_hp_gain":0.0,"max_hp_loss":0.0,"gold_gain":0.0,"event_name":"Mysterious Sphere","player_choice":"Ignored","floor":41.0,"gold_loss":0.0,"damage_taken":0.0}],"is_beta":false,"boss_relics":[{"not_picked":["Nuclear Battery","Runic Dome"],"picked":"Snecko Eye"},{"not_picked":["Pandora\u0027s Box","Runic Pyramid"],"picked":"Empty Cage"}],"items_purged_floors":[],"is_endless":false,"potions_floor_spawned":[3,5,6,8,14,16,21,25,28,31,35,38,45],"ascension_level":16}