{"gold_per_floor":[114,114,25,25,43,74,74,93,93,93,116,38,38,53,53,129,129,49,49,49,49,49,49],"floor_reached":23,"playtime":1199,"items_purged":[],"score":403,"play_id":"044e3e1d-9e91-483c-b4b8-5080e03a3434","local_time":"20181231201340","is_ascension_mode":true,"campfire_choices":[{"data":"Zap","floor":7,"key":"SMITH"},{"data":"Capacitor","floor":10,"key":"SMITH"},{"data":"Defragment","floor":15,"key":"SMITH"}],"neow_cost":"NONE","seed_source_timestamp":24184203824629,"circlet_count":0,"master_deck":["AscendersBane","Strike_B","Strike_B","Strike_B","Strike_B","Defend_B","Defend_B","Defend_B","Defend_B","Zap+1","Dualcast","BootSequence","Pain","Loop","Ball Lightning","Capacitor+1","Conserve Battery","Glacier","Defragment+1","Defragment","Buffer","Storm","Conserve Battery"],"relics":["Cracked Core","NeowsBlessing","WarpedTongs","Lantern","Bottled Flame","Odd Mushroom","Ectoplasm"],"potions_floor_usage":[11,16,23],"damage_taken":[{"damage":0,"enemies":"2 Louse","floor":1,"turns":1},{"damage":0,"enemies":"Cultist","floor":5,"turns":1},{"damage":1,"enemies":"Lagavulin","floor":6,"turns":1},{"damage":0,"enemies":"Small Slimes","floor":8,"turns":2},{"damage":8,"enemies":"The Mushroom Lair","floor":11,"turns":4},{"damage":3,"enemies":"2 Fungi Beasts","floor":14,"turns":2},{"damage":19,"enemies":"Hexaghost","floor":16,"turns":10},{"damage":15,"enemies":"2 Thieves","floor":18,"turns":4},{"damage":0,"enemies":"Chosen","floor":21,"turns":5},{"damage":34,"enemies":"Gremlin Leader","floor":23,"turns":5}],"seed_played":"4413213351788139635","potions_obtained":[{"floor":1,"key":"Poison Potion"},{"floor":5,"key":"SpeedPotion"},{"floor":6,"key":"PowerPotion"},{"floor":14,"key":"SkillPotion"}],"is_trial":false,"path_per_floor":["M","?","$","?","M","E","R","M","T","R","?","$","?","M","R","B",null,"M","$","?","M","?","E"],"character_chosen":"DEFECT","items_purchased":["Loop","Defragment"],"campfire_rested":0,"item_purchase_floors":[3,12],"current_hp_per_floor":[64,64,64,64,64,63,63,63,63,63,55,55,71,68,68,49,66,51,51,51,51,31,0],"gold":49,"neow_bonus":"THREE_ENEMY_KILL","is_prod":false,"is_daily":false,"chose_seed":false,"campfire_upgraded":3,"win_rate":0,"timestamp":1546305220,"path_taken":["M","?","?","?","M","E","R","M","T","R","?","$","?","M","R","BOSS","M","$","?","M","?","E"],"build_version":"2018-12-20","purchased_purges":0,"victory":false,"max_hp_per_floor":[71,71,71,71,71,71,71,71,71,71,71,71,71,71,71,71,71,71,71,71,71,76,76],"card_choices":[{"not_picked":["Stack","Sweeping Beam"],"picked":"BootSequence","floor":1},{"not_picked":["Cold Snap","Gash"],"picked":"Ball Lightning","floor":5},{"not_picked":["Barrage","Aggregate"],"picked":"Capacitor","floor":6},{"not_picked":["Beam Cell","Compile Driver"],"picked":"Conserve Battery","floor":8},{"not_picked":["Cold Snap","Steam"],"picked":"Glacier","floor":11},{"not_picked":["Coolheaded","Lockon"],"picked":"Defragment","floor":14},{"not_picked":["Machine Learning","Thunder Strike"],"picked":"Buffer","floor":16},{"not_picked":["Go for the Eyes","Static Discharge"],"picked":"Storm","floor":18},{"not_picked":["Ball Lightning","Beam Cell"],"picked":"Conserve Battery","floor":21}],"player_experience":899408,"relics_obtained":[{"floor":6,"key":"Lantern"},{"floor":9,"key":"Bottled Flame"},{"floor":11,"key":"Odd Mushroom"}],"event_choices":[{"damage_healed":0,"gold_gain":0,"player_choice":"Rummage","damage_taken":0,"relics_obtained":["WarpedTongs"],"max_hp_gain":0,"max_hp_loss":0,"event_name":"Accursed Blacksmith","floor":2,"gold_loss":0,"cards_obtained":["Pain"]},{"damage_healed":0,"gold_gain":0,"player_choice":"Ignored","damage_taken":0,"max_hp_gain":0,"max_hp_loss":0,"event_name":"Liars Game","floor":4,"gold_loss":0},{"damage_healed":0,"gold_gain":0,"player_choice":"Fought Mushrooms","damage_taken":0,"max_hp_gain":0,"max_hp_loss":0,"event_name":"Mushrooms","floor":11,"gold_loss":0},{"damage_healed":16,"gold_gain":0,"player_choice":"Full Heal","damage_taken":0,"max_hp_gain":0,"max_hp_loss":0,"event_name":"Wheel of Change","floor":13,"gold_loss":0},{"damage_healed":0,"gold_gain":50,"player_choice":"Stole From Cult","damage_taken":0,"max_hp_gain":0,"max_hp_loss":0,"event_name":"Nest","floor":20,"gold_loss":0},{"damage_healed":0,"gold_gain":0,"player_choice":"Shed Blood","damage_taken":25,"max_hp_gain":5,"max_hp_loss":0,"event_name":"Forgotten Altar","floor":22,"gold_loss":0}],"is_beta":false,"boss_relics":[{"not_picked":["Runic Pyramid","Pandora\u0027s Box"],"picked":"Ectoplasm"}],"items_purged_floors":[],"is_endless":false,"potions_floor_spawned":[1,5,6,14],"killed_by":"Gremlin Leader","ascension_level":18}