{"gold_per_floor":[213,213,213,228,239,239,265,265,292,310,45,62,62,78,78,78],"floor_reached":16,"playtime":1256,"items_purged":["Strike_G"],"score":102,"play_id":"d30a328d-1f89-42da-b1ca-0cb8089e10b4","local_time":"20190107222000","is_ascension_mode":false,"campfire_choices":[{"data":"Neutralize","floor":6,"key":"SMITH"},{"floor":13,"key":"REST"},{"data":"Acrobatics","floor":15,"key":"SMITH"}],"neow_cost":"NONE","seed_source_timestamp":49100125209700,"circlet_count":0,"master_deck":["Defend_G","Defend_G","Defend_G+1","Defend_G","Defend_G","Strike_G","Strike_G","Survivor","Neutralize+1","Blade Dance","Predator","Flying Knee+1","Acrobatics+1","Terror","Leg Sweep","Dagger Spray"],"relics":["Ring of the Snake","Ancient Tea Set","Orichalcum","Boot"],"potions_floor_usage":[7,14],"damage_taken":[{"damage":0,"enemies":"2 Louse","floor":1,"turns":3},{"damage":3,"enemies":"Small Slimes","floor":4,"turns":4},{"damage":0,"enemies":"Cultist","floor":5,"turns":3},{"damage":25,"enemies":"3 Sentries","floor":7,"turns":8},{"damage":1,"enemies":"Blue Slaver","floor":10,"turns":4},{"damage":5,"enemies":"3 Louse","floor":12,"turns":3},{"damage":0,"enemies":"Gremlin Gang","floor":14,"turns":3},{"damage":37,"enemies":"Slime Boss","floor":16,"turns":8}],"seed_played":"-4779483311034121932","potions_obtained":[{"floor":5,"key":"FearPotion"},{"floor":7,"key":"SkillPotion"}],"is_trial":false,"path_per_floor":["M","?","?","M","M","R","E","?","T","M","$","M","R","M","R","B"],"character_chosen":"THE_SILENT","items_purchased":["Terror","Boot"],"campfire_rested":1,"item_purchase_floors":[11,11],"current_hp_per_floor":[70,63,63,60,60,60,35,21,21,20,20,15,36,36,36,0],"gold":78,"neow_bonus":"HUNDRED_GOLD","is_prod":false,"is_daily":false,"chose_seed":false,"campfire_upgraded":2,"win_rate":0,"timestamp":1546870800,"path_taken":["M","?","?","M","M","R","E","?","T","M","?","?","R","M","R","BOSS"],"build_version":"2019-01-03v4","purchased_purges":1,"victory":false,"max_hp_per_floor":[70,70,70,70,70,70,70,70,70,70,70,70,70,70,70,70],"card_choices":[{"not_picked":["Choke","Flechettes"],"picked":"Blade Dance","floor":1},{"not_picked":["Poisoned Stab","Deflect"],"picked":"Predator","floor":4},{"not_picked":["Bane","Tactician"],"picked":"Flying Knee","floor":5},{"not_picked":["Masterful Stab","Deflect"],"picked":"Acrobatics","floor":10},{"not_picked":["Underhanded Strike","Crippling Poison"],"picked":"Leg Sweep","floor":12},{"not_picked":["PiercingWail","Poisoned Stab"],"picked":"Dagger Spray","floor":14}],"player_experience":109701,"relics_obtained":[{"floor":7,"key":"Ancient Tea Set"},{"floor":9,"key":"Orichalcum"}],"event_choices":[{"cards_removed":["Strike_G"],"damage_healed":0,"gold_gain":0,"player_choice":"Card Removal","damage_taken":7,"max_hp_gain":0,"max_hp_loss":0,"event_name":"Golden Wing","floor":2,"gold_loss":0},{"cards_removed":["Strike_G"],"damage_healed":0,"gold_gain":0,"player_choice":"Forget","damage_taken":0,"max_hp_gain":0,"max_hp_loss":0,"event_name":"Living Wall","floor":3,"gold_loss":0},{"damage_healed":0,"gold_gain":0,"player_choice":"Entered Light","damage_taken":14,"max_hp_gain":0,"max_hp_loss":0,"event_name":"Shining Light","floor":8,"gold_loss":0,"cards_upgraded":["Flying Knee","Defend_G"]}],"is_beta":false,"boss_relics":[],"items_purged_floors":[11],"is_endless":false,"potions_floor_spawned":[5,7],"killed_by":"Slime Boss","ascension_level":0}