{"gold_per_floor":[109,284,359,375,18,50,50,70,94,120,132,161,191,218,230,341,353,385,16,29,29,47,47,62,93,93,93,113,113,127,146,146,251,251,261,261,336,11,23,35,35],"floor_reached":41,"playtime":2778,"items_purged":["Doubt","Strike_G","Doubt"],"score":494,"play_id":"fe5d9345-529a-4fa9-955d-fffb6f18451c","local_time":"20190107104854","is_ascension_mode":false,"campfire_choices":[{"data":"Infinite Blades","floor":7,"key":"SMITH"},{"data":"Crippling Poison","floor":11,"key":"SMITH"},{"floor":15,"key":"REST"},{"floor":23,"key":"REST"},{"floor":27,"key":"REST"},{"floor":29,"key":"REST"},{"data":"Apotheosis","floor":32,"key":"SMITH"}],"neow_cost":"NONE","seed_source_timestamp":6099852233700,"circlet_count":0,"master_deck":["Defend_G","Defend_G","Defend_G","Defend_G","Defend_G","Strike_G","Strike_G","Strike_G","Strike_G","Survivor","Neutralize","Crippling Poison+1","Deadly Poison","Infinite Blades+1","Noxious Fumes","Flying Knee","Flying Knee","Apotheosis+1","Bane","Dagger Spray","Footwork","Clumsy","Doubt","Cloak And Dagger+1","Deadly Poison+1"],"relics":["Ring of the Snake","NeowsBlessing","PrismaticShard","Strawberry","MawBank","Busted Crown","Singing Bowl","Vajra","Letter Opener","Calling Bell","Boot","Question Card","Calipers","Sling"],"potions_floor_usage":[10,13,16,16,22,25,33,35,41],"damage_taken":[{"damage":0,"enemies":"Jaw Worm","floor":1,"turns":1},{"damage":0,"enemies":"2 Louse","floor":4,"turns":1},{"damage":0,"enemies":"3 Sentries","floor":6,"turns":2},{"damage":0,"enemies":"Small Slimes","floor":8,"turns":3},{"damage":7,"enemies":"Blue Slaver","floor":10,"turns":3},{"damage":9,"enemies":"2 Fungi Beasts","floor":12,"turns":3},{"damage":20,"enemies":"Exordium Thugs","floor":13,"turns":4},{"damage":12,"enemies":"Looter","floor":14,"turns":3},{"damage":11,"enemies":"Slime Boss","floor":16,"turns":8},{"damage":22,"enemies":"Shell Parasite","floor":18,"turns":5},{"damage":24,"enemies":"2 Thieves","floor":20,"turns":4},{"damage":17,"enemies":"Shelled Parasite and Fungi","floor":22,"turns":5},{"damage":12,"enemies":"Snecko","floor":24,"turns":5},{"damage":26,"enemies":"Book of Stabbing","floor":25,"turns":7},{"damage":0,"enemies":"Centurion and Healer","floor":28,"turns":5},{"damage":4,"enemies":"Snake Plant","floor":30,"turns":4},{"damage":9,"enemies":"Sentry and Sphere","floor":31,"turns":4},{"damage":43,"enemies":"Champ","floor":33,"turns":11},{"damage":27,"enemies":"Orb Walker","floor":35,"turns":5},{"damage":15,"enemies":"3 Shapes","floor":39,"turns":5},{"damage":25,"enemies":"3 Darklings","floor":40,"turns":4},{"damage":17,"enemies":"Maw","floor":41,"turns":4}],"seed_played":"5314791694820239155","potions_obtained":[{"floor":4,"key":"FearPotion"},{"floor":6,"key":"Dexterity Potion"},{"floor":8,"key":"Explosive Potion"},{"floor":13,"key":"Energy Potion"},{"floor":20,"key":"LiquidBronze"},{"floor":24,"key":"GamblersBrew"},{"floor":28,"key":"SpeedPotion"},{"floor":33,"key":"LiquidBronze"},{"floor":40,"key":"Fire Potion"}],"is_trial":false,"path_per_floor":["M","?","?","M","$","E","R","M","T","M","R","M","M","M","R","B",null,"M","$","M","$","M","R","M","E","T","R","M","R","M","M","R","B",null,"M","?","?","$","M","M","M"],"character_chosen":"THE_SILENT","items_purchased":["PrismaticShard","Infinite Blades","Footwork","Singing Bowl","Sling"],"campfire_rested":4,"item_purchase_floors":[5,5,19,19,38],"current_hp_per_floor":[70,70,59,59,59,66,66,66,66,59,59,50,30,18,41,30,77,55,55,31,31,16,39,29,5,5,29,31,56,54,47,47,6,91,64,64,55,55,40,17,0],"gold":35,"neow_bonus":"THREE_ENEMY_KILL","is_prod":false,"is_daily":false,"chose_seed":false,"campfire_upgraded":3,"win_rate":0.0,"timestamp":1546829334,"path_taken":["M","?","?","M","$","E","R","?","T","M","R","M","M","M","R","BOSS","M","$","M","$","M","R","M","E","T","R","M","R","M","M","R","BOSS","M","?","?","$","?","M","M"],"build_version":"2019-01-03v4","purchased_purges":3,"victory":false,"max_hp_per_floor":[70,70,70,70,70,77,77,77,77,77,77,77,77,77,77,77,77,77,77,77,77,79,79,81,83,83,83,85,85,87,89,89,91,91,91,91,91,91,91,93,93],"card_choices":[{"not_picked":["Dagger Throw","Heel Hook"],"picked":"Crippling Poison","floor":1},{"not_picked":["Deflect","Reflex"],"picked":"Deadly Poison","floor":4},{"not_picked":["Dagger Throw","Shrug It Off"],"picked":"Noxious Fumes","floor":6},{"not_picked":["Leg Sweep","Warcry"],"picked":"Flying Knee","floor":8},{"not_picked":["Stack","Twin Strike"],"picked":"Flying Knee","floor":10},{"not_picked":["Compile Driver","Riddle With Holes"],"picked":"Apotheosis","floor":12},{"not_picked":["Turbo","Headbutt"],"picked":"Bane","floor":13},{"not_picked":["Entrench","Streamline"],"picked":"Dagger Spray","floor":14},{"not_picked":["Sword Boomerang"],"picked":"SKIP","floor":18},{"not_picked":[],"picked":"Steam","floor":20},{"not_picked":["Masterful Stab+1"],"picked":"Singing Bowl","floor":22},{"not_picked":["Shrug It Off"],"picked":"Singing Bowl","floor":24},{"not_picked":["Dagger Spray"],"picked":"Singing Bowl","floor":25},{"not_picked":["Thunderclap"],"picked":"Singing Bowl","floor":28},{"not_picked":["Dark Shackles"],"picked":"Singing Bowl","floor":30},{"not_picked":["Sentinel"],"picked":"Singing Bowl","floor":31},{"not_picked":["Meteor Strike"],"picked":"Singing Bowl","floor":33},{"not_picked":["All Out Attack+1"],"picked":"Cloak And Dagger+1","floor":35},{"not_picked":["Perfected Strike"],"picked":"Deadly Poison+1","floor":39},{"not_picked":["Cloak And Dagger+1","Heavy Blade+1"],"picked":"Singing Bowl","floor":40}],"player_experience":97617,"relics_obtained":[{"floor":6,"key":"Strawberry"},{"floor":9,"key":"MawBank"},{"floor":25,"key":"Vajra"},{"floor":26,"key":"Letter Opener"},{"floor":34,"key":"Boot"},{"floor":34,"key":"Question Card"},{"floor":34,"key":"Calipers"}],"event_choices":[{"damage_healed":0,"gold_gain":175,"player_choice":"AGREE","damage_taken":0,"max_hp_gain":0,"max_hp_loss":0,"event_name":"Liars Game","floor":2,"gold_loss":0,"cards_obtained":["Doubt"]},{"damage_healed":0,"gold_gain":75,"player_choice":"Gather Gold","damage_taken":11,"max_hp_gain":0,"max_hp_loss":0,"event_name":"World of Goop","floor":3,"gold_loss":0},{"cards_removed":["Steam"],"damage_healed":0,"gold_gain":0,"player_choice":"Removed Skill","damage_taken":0,"max_hp_gain":0,"max_hp_loss":0,"event_name":"Falling","floor":36,"gold_loss":0},{"damage_healed":0,"gold_gain":75,"player_choice":"Touch","damage_taken":9,"max_hp_gain":0,"max_hp_loss":0,"event_name":"FaceTrader","floor":37,"gold_loss":0}],"is_beta":false,"boss_relics":[{"not_picked":["Coffee Dripper","Runic Pyramid"],"picked":"Busted Crown"},{"not_picked":["White Beast Statue","Snecko Eye"],"picked":"Calling Bell"}],"items_purged_floors":[5,19,38],"is_endless":false,"potions_floor_spawned":[4,6,8,13,20,24,28,33,40],"killed_by":"Maw","ascension_level":0}