{"gold_per_floor":[115,130,130,130,150,184,184,259,283,283,283,316,336,312,312,312],"floor_reached":16,"playtime":1115,"items_purged":[],"score":108,"play_id":"47df4581-2c3f-48dc-be24-fafe68d896c8","local_time":"20181223010215","is_ascension_mode":false,"campfire_choices":[{"floor":7,"key":"REST"},{"data":"Corruption","floor":11,"key":"SMITH"},{"floor":15,"key":"REST"}],"neow_cost":"","seed_source_timestamp":140266324045388,"circlet_count":0,"master_deck":["Strike_R","Strike_R","Strike_R","Strike_R","Defend_R","Defend_R","Defend_R","Defend_R","Bash","Pommel Strike+1","Anger","Armaments","Corruption+1","Combust","Iron Wave","Bloodletting","Shrug It Off"],"relics":["Burning Blood","Oddly Smooth Stone","Darkstone Periapt","Orichalcum","Happy Flower"],"potions_floor_usage":[16,16],"damage_taken":[{"damage":0,"enemies":"Small Slimes","floor":1,"turns":3},{"damage":6,"enemies":"Jaw Worm","floor":2,"turns":4},{"damage":0,"enemies":"Cultist","floor":5,"turns":4},{"damage":28,"enemies":"Gremlin Nob","floor":6,"turns":5},{"damage":24,"enemies":"Lagavulin","floor":12,"turns":5},{"damage":12,"enemies":"Blue Slaver","floor":13,"turns":4},{"damage":69,"enemies":"The Guardian","floor":16,"turns":8}],"seed_played":"-8239978233118494732","potions_obtained":[{"floor":12,"key":"SpeedPotion"},{"floor":13,"key":"AttackPotion"}],"is_trial":false,"path_per_floor":["M","M","?","?","M","E","R","?","T","?","R","E","M","$","R","B"],"character_chosen":"IRONCLAD","items_purchased":["Shrug It Off"],"campfire_rested":2,"item_purchase_floors":[14],"current_hp_per_floor":[80,80,73,73,79,57,80,69,69,69,69,51,45,45,69,0],"gold":312,"neow_bonus":"","is_prod":false,"is_daily":false,"chose_seed":false,"campfire_upgraded":1,"win_rate":0.0,"timestamp":1545494535,"path_taken":["M","M","?","?","?","E","R","?","T","?","R","E","?","$","R","BOSS"],"build_version":"2018-12-20","purchased_purges":0,"victory":false,"max_hp_per_floor":[80,80,80,80,80,80,80,80,80,80,80,80,80,80,80,80],"card_choices":[{"not_picked":["Headbutt","Searing Blow"],"picked":"Pommel Strike","floor":1},{"not_picked":["Blood for Blood","Clash"],"picked":"Anger","floor":2},{"not_picked":["Thunderclap","True Grit"],"picked":"Corruption","floor":5},{"not_picked":["Clash","Pommel Strike"],"picked":"Combust","floor":6},{"not_picked":["Shockwave","Metallicize"],"picked":"Iron Wave","floor":12},{"not_picked":["Warcry","Clash"],"picked":"Bloodletting","floor":13}],"player_experience":0,"relics_obtained":[{"floor":6,"key":"Darkstone Periapt"},{"floor":9,"key":"Orichalcum"},{"floor":12,"key":"Happy Flower"}],"event_choices":[{"damage_healed":0,"gold_gain":0,"player_choice":"Success","damage_taken":7,"relics_obtained":["Oddly Smooth Stone"],"max_hp_gain":0,"max_hp_loss":0,"event_name":"Scrap Ooze","floor":3,"gold_loss":0},{"damage_healed":0,"gold_gain":0,"cards_transformed":["Strike_R"],"player_choice":"Transformed","damage_taken":0,"max_hp_gain":0,"max_hp_loss":0,"event_name":"Transmorgrifier","floor":4,"gold_loss":0,"cards_obtained":["Armaments"]},{"damage_healed":0,"gold_gain":75,"player_choice":"Gather Gold","damage_taken":11,"max_hp_gain":0,"max_hp_loss":0,"event_name":"World of Goop","floor":8,"gold_loss":0},{"damage_healed":0,"gold_gain":0,"player_choice":"Upgraded","damage_taken":0,"max_hp_gain":0,"max_hp_loss":0,"event_name":"Upgrade Shrine","floor":10,"gold_loss":0,"cards_upgraded":["Pommel Strike"]}],"is_beta":false,"boss_relics":[],"items_purged_floors":[],"is_endless":false,"potions_floor_spawned":[12,13],"killed_by":"The Guardian","ascension_level":0}