{"gold_per_floor":[114,129,54,69,69,69,84,99,174,174,189,204,204,219,219,319,319,334,8,23,48,63,63,78,0,50,65,65,95,110,110,110,210,210,225,225,135,150,70,70,85,100,100,200,515,530,530,545,545,545],"floor_reached":51,"playtime":2896,"items_purged":["Defend_B"],"score":742,"play_id":"cf429b54-e31e-4e9c-a0a1-5dd6942f0437","local_time":"20190113125332","daily_mods":["Allstar","Vintage","Terminal"],"is_ascension_mode":false,"campfire_choices":[{"data":"Zap","floor":6.0,"key":"SMITH"},{"data":"Dualcast","floor":10.0,"key":"SMITH"},{"data":"Jack Of All Trades","floor":15.0,"key":"SMITH"},{"data":"Blind","floor":23.0,"key":"SMITH"},{"data":"Redo","floor":28.0,"key":"SMITH"},{"data":"Sunder","floor":32.0,"key":"SMITH"},{"data":"Metamorphosis","floor":40.0,"key":"SMITH"},{"floor":47.0,"key":"REST"},{"data":"Coolheaded","floor":49.0,"key":"SMITH"}],"neow_cost":"","seed_source_timestamp":0,"circlet_count":0,"master_deck":["Defend_B+1","Defend_B","Zap+1","Dualcast+1","Enlightenment+1","Dramatic Entrance","Blind+1","Jack Of All Trades+1","Dramatic Entrance","Heatsinks","Machine Learning","Doom and Gloom+1","Barrage","Redo+1","Sunder+1","Bite","Bite","Bite","Bite","Bite","Electrodynamics+1","Metamorphosis+1","Impatience","Swift Strike+1","Ball Lightning","Coolheaded+1","Steam+1"],"special_seed":17909,"relics":["Cracked Core","Bronze Scales","Anchor","Symbiotic Virus","Ornamental Fan","Omamori","Sundial","Matryoshka","War Paint","Vajra","Philosopher\u0027s Stone","Mango","Runic Capacitor","Dodecahedron","Whetstone","Oddly Smooth Stone","Frozen Egg 2","Ancient Tea Set","Pen Nib","Juzu Bracelet","Calipers","Gremlin Horn","Lizard Tail","Bottled Lightning","Strawberry","Lantern","Singing Bowl","Pear","Shovel","Old Coin","Regal Pillow","Boot"],"potions_floor_usage":[50,50],"damage_taken":[{"damage":0.0,"enemies":"Small Slimes","floor":1.0,"turns":2.0},{"damage":0.0,"enemies":"Cultist","floor":2.0,"turns":2.0},{"damage":0.0,"enemies":"2 Louse","floor":4.0,"turns":1.0},{"damage":0.0,"enemies":"Gremlin Gang","floor":7.0,"turns":2.0},{"damage":0.0,"enemies":"2 Fungi Beasts","floor":8.0,"turns":3.0},{"damage":0.0,"enemies":"Blue Slaver","floor":11.0,"turns":2.0},{"damage":2.0,"enemies":"Exordium Thugs","floor":12.0,"turns":2.0},{"damage":0.0,"enemies":"Looter","floor":14.0,"turns":2.0},{"damage":16.0,"enemies":"Slime Boss","floor":16.0,"turns":7.0},{"damage":0.0,"enemies":"2 Thieves","floor":18.0,"turns":3.0},{"damage":0.0,"enemies":"3 Byrds","floor":20.0,"turns":2.0},{"damage":1.0,"enemies":"Snake Plant","floor":22.0,"turns":3.0},{"damage":10.0,"enemies":"Cultist and Chosen","floor":24.0,"turns":6.0},{"damage":3.0,"enemies":"Shelled Parasite and Fungi","floor":27.0,"turns":4.0},{"damage":12.0,"enemies":"Book of Stabbing","floor":29.0,"turns":4.0},{"damage":7.0,"enemies":"Centurion and Healer","floor":30.0,"turns":3.0},{"damage":33.0,"enemies":"Champ","floor":33.0,"turns":7.0},{"damage":0.0,"enemies":"3 Shapes","floor":35.0,"turns":2.0},{"damage":0.0,"enemies":"3 Darklings","floor":38.0,"turns":2.0},{"damage":12.0,"enemies":"4 Shapes","floor":41.0,"turns":3.0},{"damage":14.0,"enemies":"Sphere and 2 Shapes","floor":42.0,"turns":3.0},{"damage":21.0,"enemies":"Mind Bloom Boss Battle","floor":44.0,"turns":5.0},{"damage":22.0,"enemies":"3 Darklings","floor":45.0,"turns":3.0},{"damage":4.0,"enemies":"Maw","floor":46.0,"turns":5.0},{"damage":0.0,"enemies":"Jaw Worm Horde","floor":48.0,"turns":2.0},{"damage":40,"enemies":"Awakened One","floor":50,"turns":8}],"seed_played":"-9145318416937267474","potions_obtained":[{"floor":2.0,"key":"Poison Potion"},{"floor":4.0,"key":"Energy Potion"},{"floor":11.0,"key":"Weak Potion"},{"floor":16.0,"key":"Energy Potion"},{"floor":24.0,"key":"SmokeBomb"},{"floor":29.0,"key":"GamblersBrew"},{"floor":30.0,"key":"Swift Potion"},{"floor":33.0,"key":"Poison Potion"},{"floor":42.0,"key":"Swift Potion"},{"floor":45.0,"key":"Energy Potion"},{"floor":46.0,"key":"FocusPotion"},{"floor":48.0,"key":"FairyPotion"}],"is_trial":false,"path_per_floor":["M","M","$","M","?","R","M","M","T","R","M","M","?","M","R","B",null,"M","$","M","T","M","R","M","$","T","M","R","E","M","?","R","B",null,"M","?","?","M","$","R","M","M","T","?","M","M","R","M","R","B",null],"character_chosen":"DEFECT","items_purchased":["Doom and Gloom","Runic Capacitor","Block Potion","Barrage","Redo","Ball Lightning","Coolheaded"],"campfire_rested":1,"item_purchase_floors":[19,19,19,25,25,39,39],"current_hp_per_floor":[73,72,71,70,69,68,67,66,65,64,63,61,61,60,59,43,57,70,69,68,67,66,65,55,55,55,54,54,44,39,39,39,27,54,53,43,43,54,54,54,45,39,49,36,16,24,56,57,56,24],"gold":545,"neow_bonus":"","is_prod":false,"is_daily":true,"chose_seed":false,"campfire_upgraded":8,"win_rate":0,"timestamp":1547355212,"path_taken":["M","M","$","M","?","R","M","M","T","R","?","M","?","M","R","BOSS","M","$","M","?","M","R","M","$","T","M","R","E","M","?","R","BOSS","M","?","?","M","$","R","M","M","T","?","M","M","R","M","R","BOSS"],"build_version":"2019-01-10","purchased_purges":1,"victory":true,"max_hp_per_floor":[73,72,71,70,69,68,67,66,65,64,63,62,61,60,59,58,57,70,69,68,67,66,65,64,63,62,61,60,59,58,57,56,55,54,53,52,51,57,56,55,54,53,62,61,60,59,58,57,56,55],"card_choices":[{"not_picked":["Biased Cognition","Reboot"],"picked":"Machine Learning","floor":16.0},{"not_picked":["Rip and Tear+1","Melter"],"picked":"Sunder","floor":29.0},{"not_picked":["Amplify","Reboot"],"picked":"Electrodynamics+1","floor":33.0},{"not_picked":["Forethought","Purity"],"picked":"Metamorphosis","floor":36.0},{"not_picked":["Blind","Panacea"],"picked":"Impatience","floor":36.0},{"not_picked":["Master of Strategy","Blind"],"picked":"Swift Strike","floor":36.0},{"not_picked":["Sunder","Double Energy+1"],"picked":"Steam+1","floor":44.0}],"player_experience":231829,"relics_obtained":[{"floor":1.0,"key":"Bronze Scales"},{"floor":2.0,"key":"Anchor"},{"floor":4.0,"key":"Symbiotic Virus"},{"floor":7.0,"key":"Ornamental Fan"},{"floor":8.0,"key":"Omamori"},{"floor":9.0,"key":"Sundial"},{"floor":11.0,"key":"Matryoshka"},{"floor":12.0,"key":"War Paint"},{"floor":14.0,"key":"Vajra"},{"floor":18.0,"key":"Mango"},{"floor":20.0,"key":"Dodecahedron"},{"floor":21.0,"key":"Whetstone"},{"floor":21.0,"key":"Oddly Smooth Stone"},{"floor":22.0,"key":"Blood Vial"},{"floor":24.0,"key":"Frozen Egg 2"},{"floor":26.0,"key":"Ancient Tea Set"},{"floor":26.0,"key":"Pen Nib"},{"floor":27.0,"key":"Juzu Bracelet"},{"floor":29.0,"key":"Calipers"},{"floor":30.0,"key":"Gremlin Horn"},{"floor":35.0,"key":"Bottled Lightning"},{"floor":38.0,"key":"Strawberry"},{"floor":41.0,"key":"Lantern"},{"floor":42.0,"key":"Singing Bowl"},{"floor":43.0,"key":"Pear"},{"floor":44.0,"key":"Shovel"},{"floor":45.0,"key":"Old Coin"},{"floor":46.0,"key":"Regal Pillow"},{"floor":48.0,"key":"Boot"}],"event_choices":[{"damage_healed":0.0,"max_hp_gain":0.0,"max_hp_loss":0.0,"gold_gain":0.0,"cards_transformed":["Strike_B"],"event_name":"Transmorgrifier","player_choice":"Transformed","floor":5.0,"gold_loss":0.0,"damage_taken":0.0,"cards_obtained":["Heatsinks"]},{"cards_removed":["Strike_B"],"damage_healed":0.0,"max_hp_gain":0.0,"max_hp_loss":0.0,"gold_gain":0.0,"event_name":"Wheel of Change","player_choice":"Card Removal","floor":13.0,"gold_loss":0.0,"damage_taken":0.0},{"damage_healed":0.0,"max_hp_gain":0.0,"max_hp_loss":0.0,"gold_gain":0.0,"event_name":"Vampires","player_choice":"Became a vampire (Vial)","floor":31.0,"relics_lost":["Blood Vial"],"gold_loss":0.0,"damage_taken":0.0,"cards_obtained":["Bite","Bite","Bite","Bite","Bite"]},{"damage_healed":0.0,"max_hp_gain":0.0,"max_hp_loss":0.0,"gold_gain":0.0,"event_name":"SensoryStone","player_choice":"Memory 3","floor":36.0,"gold_loss":0.0,"damage_taken":10.0},{"cards_removed":["Defend_B"],"damage_healed":0.0,"max_hp_gain":0.0,"max_hp_loss":0.0,"gold_gain":0.0,"event_name":"Designer","player_choice":"Upgrade and Remove","floor":37.0,"gold_loss":90.0,"damage_taken":0.0,"cards_upgraded":["Swift Strike"]},{"damage_healed":0.0,"max_hp_gain":0.0,"max_hp_loss":0.0,"gold_gain":0.0,"event_name":"MindBloom","player_choice":"Fight","floor":44.0,"gold_loss":0.0,"damage_taken":0.0}],"is_beta":false,"boss_relics":[{"not_picked":["Nuclear Battery","Busted Crown"],"picked":"Philosopher\u0027s Stone"},{"not_picked":["Runic Pyramid","Coffee Dripper"],"picked":"Lizard Tail"}],"items_purged_floors":[3],"is_endless":false,"potions_floor_spawned":[2,4,11,16,24,29,30,33,42,45,46,48],"ascension_level":0}