{"gold_per_floor":[12,25,41,52,52,52,79,79,79,94,94,110,35,12,12,12],"floor_reached":16,"playtime":1022,"items_purged":["Fiend Fire"],"score":128,"play_id":"eb5e1211-d857-433e-92d7-87c6d75735e1","local_time":"20190206150940","is_ascension_mode":true,"campfire_choices":[{"floor":6,"key":"RECALL"},{"data":"True Grit","floor":8,"key":"SMITH"},{"floor":11,"key":"REST"},{"data":"Armaments","floor":15,"key":"SMITH"}],"neow_cost":"NO_GOLD","seed_source_timestamp":440316726949208,"circlet_count":0,"master_deck":["Strike_R","Strike_R","Strike_R","Defend_R","Defend_R","Defend_R","Defend_R","Bash","Fire Breathing","True Grit+1","Cleave","Flame Barrier","Cleave","Immolate","Battle Trance","Shrug It Off","Armaments+1"],"relics":["Burning Blood","Omamori","Champion Belt","Bottled Tornado"],"potions_floor_usage":[16],"damage_taken":[{"damage":6,"enemies":"Cultist","floor":1,"turns":4},{"damage":5,"enemies":"Jaw Worm","floor":2,"turns":6},{"damage":4,"enemies":"Small Slimes","floor":3,"turns":2},{"damage":2,"enemies":"Looter","floor":4,"turns":4},{"damage":32,"enemies":"Gremlin Nob","floor":7,"turns":4},{"damage":20,"enemies":"Gremlin Gang","floor":10,"turns":2},{"damage":14,"enemies":"Red Slaver","floor":12,"turns":3},{"damage":67,"enemies":"The Guardian","floor":16,"turns":18}],"seed_played":"-2332864512298986890","potions_obtained":[{"floor":2,"key":"SkillPotion"},{"floor":3,"key":"BloodPotion"},{"floor":7,"key":"GamblersBrew"},{"floor":10,"key":"PowerPotion"}],"is_trial":false,"path_per_floor":["M","M","M","M","?","R","E","R","T","M","R","M","$","$","R","B"],"character_chosen":"IRONCLAD","items_purchased":["Armaments"],"campfire_rested":1,"item_purchase_floors":[14],"current_hp_per_floor":[80,80,80,80,80,80,54,54,54,40,64,56,56,56,56,0],"gold":12,"neow_bonus":"TRANSFORM_TWO_CARDS","is_prod":false,"is_daily":false,"chose_seed":false,"campfire_upgraded":2,"win_rate":0,"timestamp":1549462180,"path_taken":["M","?","M","M","?","R","E","R","T","?","R","M","?","$","R","BOSS"],"build_version":"2019-01-23","purchased_purges":1,"victory":false,"max_hp_per_floor":[80,80,80,80,80,80,80,80,80,80,80,80,80,80,80,80],"card_choices":[{"not_picked":["Fire Breathing","Warcry"],"picked":"True Grit","floor":1},{"not_picked":["Iron Wave","Clothesline"],"picked":"Cleave","floor":2},{"not_picked":["Clothesline","Heavy Blade"],"picked":"Flame Barrier","floor":3},{"not_picked":["Clash","Havoc"],"picked":"Cleave","floor":4},{"not_picked":["Wild Strike","Power Through"],"picked":"Immolate","floor":7},{"not_picked":["Thunderclap","Perfected Strike"],"picked":"Battle Trance","floor":10},{"not_picked":["Cleave","Clothesline"],"picked":"Shrug It Off","floor":12}],"player_experience":586363,"relics_obtained":[{"floor":7,"key":"Champion Belt"},{"floor":9,"key":"Bottled Tornado"}],"event_choices":[{"damage_healed":0,"gold_gain":0,"player_choice":"Gave Potion","damage_taken":0,"relics_obtained":["Omamori"],"max_hp_gain":0,"max_hp_loss":0,"event_name":"WeMeetAgain","floor":5,"gold_loss":0}],"is_beta":false,"boss_relics":[],"items_purged_floors":[13],"is_endless":false,"potions_floor_spawned":[2,3,7,10],"killed_by":"The Guardian","ascension_level":5}