{"gold_per_floor":[414,589,64,79,79,79,109,109,109,124,124,154,8,8,8,108,108,123,70,70,70,85,85,115,115,115,115,145,145,145,160,160,260,260,275,275,375,405,420,420,450,450,450,480,480,12,42,57,57,57],"floor_reached":51,"playtime":3417,"items_purged":["Doubt","Pain","Strike_G"],"score":878,"play_id":"9a9ae701-4f46-433a-8003-e7094332207e","local_time":"20190122112020","daily_mods":["Heirloom","Flight","DeadlyEvents"],"is_ascension_mode":false,"campfire_choices":[{"data":"Blade Dance","floor":6,"key":"SMITH"},{"data":"Distraction","floor":8,"key":"SMITH"},{"floor":15,"key":"REST"},{"data":"Cloak And Dagger","floor":23,"key":"SMITH"},{"floor":25,"key":"REST"},{"floor":27,"key":"REST"},{"data":"Cloak And Dagger","floor":29,"key":"SMITH"},{"data":"Cloak And Dagger","floor":30,"key":"SMITH"},{"data":"Noxious Fumes","floor":32,"key":"SMITH"},{"floor":40,"key":"REST"},{"data":"Adrenaline","floor":42,"key":"SMITH"},{"data":"Outmaneuver","floor":45,"key":"SMITH"},{"floor":49,"key":"REST"}],"neow_cost":"","seed_source_timestamp":0,"circlet_count":0,"master_deck":["Defend_G","Defend_G","Defend_G","Defend_G","Defend_G","Strike_G","Strike_G+1","Strike_G","Survivor","Neutralize+1","Distraction+1","Blade Dance+1","Well Laid Plans","Noxious Fumes+1","Cloak And Dagger+1","After Image+1","Acrobatics","Cloak And Dagger+1","Cloak And Dagger+1","Distraction+1","Outmaneuver+1","Adrenaline+1","Secret Technique","Backflip+1","Deadly Poison","After Image+1","Envenom+1","Bane"],"special_seed":17918,"relics":["Ring of the Snake","Old Coin","Lantern","Dodecahedron","Bottled Lightning","Frozen Egg 2","WarpedTongs","PreservedInsect","Ancient Tea Set","Lizard Tail","Darkstone Periapt","Centennial Puzzle","Boot","Busted Crown","The Specimen","Ninja Scroll","Whetstone","Letter Opener","Bag of Marbles","Happy Flower","Question Card"],"potions_floor_usage":[7,16,18,33,41,50],"damage_taken":[{"damage":5,"enemies":"Small Slimes","floor":1,"turns":5},{"damage":0,"enemies":"Jaw Worm","floor":4,"turns":4},{"damage":15,"enemies":"3 Sentries","floor":7,"turns":9},{"damage":0,"enemies":"2 Louse","floor":10,"turns":3},{"damage":43,"enemies":"Gremlin Nob","floor":12,"turns":6},{"damage":14,"enemies":"Hexaghost","floor":16,"turns":12},{"damage":7,"enemies":"2 Thieves","floor":18,"turns":5},{"damage":10,"enemies":"Spheric Guardian","floor":22,"turns":6},{"damage":28,"enemies":"Gremlin Leader","floor":24,"turns":7},{"damage":5,"enemies":"Slavers","floor":28,"turns":5},{"damage":9,"enemies":"3 Cultists","floor":31,"turns":7},{"damage":25,"enemies":"Champ","floor":33,"turns":13},{"damage":0,"enemies":"Orb Walker","floor":35,"turns":5},{"damage":3,"enemies":"Mind Bloom Boss Battle","floor":37,"turns":8},{"damage":46,"enemies":"Reptomancer","floor":38,"turns":6},{"damage":0,"enemies":"3 Shapes","floor":39,"turns":4},{"damage":0,"enemies":"Nemesis","floor":41,"turns":3},{"damage":4,"enemies":"Giant Head","floor":44,"turns":7},{"damage":10,"enemies":"Nemesis","floor":47,"turns":4},{"damage":0,"enemies":"Maw","floor":48,"turns":5},{"damage":17,"enemies":"Donu and Deca","floor":50,"turns":10}],"seed_played":"-6286355576629178474","potions_obtained":[{"floor":1,"key":"GhostInAJar"},{"floor":12,"key":"AttackPotion"},{"floor":16,"key":"AttackPotion"},{"floor":31,"key":"Ancient Potion"},{"floor":39,"key":"SteroidPotion"},{"floor":41,"key":"SkillPotion"}],"is_trial":false,"path_per_floor":["M","?","$","M","?","R","E","R","T","M","?","E","$","T","R","B",null,"M","$","?","?","M","R","E","R","T","R","E","R","R","M","R","B",null,"M","?","?","E","M","R","E","R","T","E","R","$","E","M","R","B",null],"character_chosen":"THE_SILENT","items_purchased":["Blade Dance","Lantern","Dodecahedron","Acrobatics","Cloak And Dagger","Deadly Poison","Happy Flower","After Image+1"],"campfire_rested":5,"item_purchase_floors":[3,3,3,13,19,46,46,46],"current_hp_per_floor":[65,65,65,65,65,65,50,50,50,50,50,7,7,7,28,14,70,63,63,63,50,40,40,12,34,34,56,51,51,51,42,42,17,75,75,75,72,26,26,48,48,48,48,44,44,44,34,34,56,39],"gold":57,"neow_bonus":"","is_prod":false,"is_daily":true,"chose_seed":false,"campfire_upgraded":8,"win_rate":0,"timestamp":1548127220,"path_taken":["M","?","$","M","?","R","?","R","T","?","?","?","$","?","R","BOSS","M","$","?","?","?","R","?","R","T","R","E","R","R","M","R","BOSS","M","?","?","?","?","R","E","R","T","E","R","$","?","?","R","BOSS"],"build_version":"2019-01-17v2","purchased_purges":3,"victory":true,"max_hp_per_floor":[70,70,70,70,70,70,70,70,70,70,70,70,70,70,70,70,70,70,70,70,75,75,75,75,75,75,75,75,75,75,75,75,75,75,75,75,75,75,75,75,75,75,75,75,75,75,75,75,75,75],"card_choices":[{"not_picked":["Accuracy","Eviscerate"],"picked":"Distraction","floor":1},{"not_picked":["Sucker Punch","All Out Attack"],"picked":"Well Laid Plans","floor":4},{"not_picked":["Dodge and Roll","Flying Knee"],"picked":"Noxious Fumes","floor":7},{"not_picked":["Backstab","Prepared"],"picked":"Cloak And Dagger","floor":10},{"not_picked":["Blade Dance","Flying Knee"],"picked":"After Image+1","floor":12},{"not_picked":["Heel Hook","Underhanded Strike","Blade Dance"],"picked":"SKIP","floor":18},{"not_picked":["Outmaneuver","Sucker Punch"],"picked":"Cloak And Dagger","floor":22},{"not_picked":["Doppelganger","Crippling Poison"],"picked":"Distraction+1","floor":24},{"not_picked":["Slice","Dagger Spray"],"picked":"Outmaneuver","floor":28},{"not_picked":["Quick Slash","Well Laid Plans+1","Skewer"],"picked":"SKIP","floor":31},{"not_picked":["Phantasmal Killer","Doppelganger"],"picked":"Adrenaline","floor":33},{"not_picked":["All Out Attack+1"],"picked":"SKIP","floor":35},{"not_picked":[],"picked":"Secret Technique","floor":36},{"not_picked":["Underhanded Strike"],"picked":"SKIP","floor":38},{"not_picked":["Dash"],"picked":"SKIP","floor":39},{"not_picked":["Poisoned Stab+1"],"picked":"SKIP","floor":41},{"not_picked":[],"picked":"Backflip+1","floor":44},{"not_picked":[],"picked":"Envenom+1","floor":47},{"not_picked":["Dagger Throw"],"picked":"Bane","floor":48}],"player_experience":263736,"relics_obtained":[{"floor":7,"key":"Bottled Lightning"},{"floor":9,"key":"Frozen Egg 2"},{"floor":12,"key":"PreservedInsect"},{"floor":14,"key":"Ancient Tea Set"},{"floor":24,"key":"Darkstone Periapt"},{"floor":26,"key":"Centennial Puzzle"},{"floor":28,"key":"Boot"},{"floor":37,"key":"The Specimen"},{"floor":38,"key":"Ninja Scroll"},{"floor":41,"key":"Whetstone"},{"floor":43,"key":"Letter Opener"},{"floor":44,"key":"Bag of Marbles"},{"floor":47,"key":"Question Card"}],"event_choices":[{"damage_healed":0,"gold_gain":175,"player_choice":"AGREE","damage_taken":0,"max_hp_gain":0,"max_hp_loss":0,"event_name":"Liars Game","floor":2,"gold_loss":0,"cards_obtained":["Doubt"]},{"cards_removed":["Strike_G"],"damage_healed":0,"gold_gain":0,"player_choice":"Forget","damage_taken":0,"max_hp_gain":0,"max_hp_loss":0,"event_name":"Living Wall","floor":5,"gold_loss":0},{"damage_healed":0,"gold_gain":0,"player_choice":"Rummage","damage_taken":0,"relics_obtained":["WarpedTongs"],"max_hp_gain":0,"max_hp_loss":0,"event_name":"Accursed Blacksmith","floor":11,"gold_loss":0,"cards_obtained":["Pain"]},{"damage_healed":0,"gold_gain":0,"player_choice":"Ignored","damage_taken":0,"max_hp_gain":0,"max_hp_loss":0,"event_name":"Cursed Tome","floor":20,"gold_loss":0},{"damage_healed":0,"gold_gain":0,"player_choice":"Shed Blood","damage_taken":18,"max_hp_gain":5,"max_hp_loss":0,"event_name":"Forgotten Altar","floor":21,"gold_loss":0},{"damage_healed":0,"gold_gain":0,"player_choice":"Memory 1","damage_taken":0,"max_hp_gain":0,"max_hp_loss":0,"event_name":"SensoryStone","floor":36,"gold_loss":0},{"damage_healed":0,"gold_gain":0,"player_choice":"Fight","damage_taken":0,"max_hp_gain":0,"max_hp_loss":0,"event_name":"MindBloom","floor":37,"gold_loss":0}],"is_beta":false,"boss_relics":[{"not_picked":["Calling Bell","White Beast Statue"],"picked":"Lizard Tail"},{"not_picked":["Runic Pyramid","Pandora\u0027s Box"],"picked":"Busted Crown"}],"items_purged_floors":[3,13,46],"is_endless":false,"potions_floor_spawned":[1,12,16,31,39,41],"ascension_level":0}