{"gold_per_floor":[114,129,144,24,39,69,69,99,124,124,154,169,169,19,19,119,119,134,149,149,13,28,28,43,43],"floor_reached":25,"playtime":2130,"items_purged":["Second Wind","Strike_G"],"score":223,"play_id":"5aab67f3-abab-4cbc-986e-f3595a0cb7e0","local_time":"20190130122803","daily_mods":["Specialized","Red Cards","Elite Swarm"],"is_ascension_mode":false,"campfire_choices":[{"floor":7,"key":"REST"},{"data":"Body Slam","floor":13,"key":"SMITH"},{"floor":15,"key":"REST"},{"floor":23,"key":"REST"}],"neow_cost":"","seed_source_timestamp":0,"circlet_count":0,"master_deck":["Defend_G","Defend_G","Defend_G","Defend_G","Defend_G","Strike_G","Strike_G","Strike_G","Strike_G","Survivor","Neutralize","Second Wind","Second Wind","Second Wind","Thunderclap","Body Slam+1","Body Slam","Pommel Strike","Noxious Fumes","Die Die Die","Acrobatics","Tools of the Trade","Feel No Pain","Noxious Fumes","Envenom","Dodge and Roll"],"special_seed":17926,"relics":["Ring of the Snake","Bottled Flame","Bag of Preparation","Omamori","Lantern","Sozu","Nloth\u0027s Gift"],"potions_floor_usage":[6,8,11,16,19],"damage_taken":[{"damage":7,"enemies":"Cultist","floor":1,"turns":6},{"damage":0,"enemies":"2 Louse","floor":2,"turns":2},{"damage":4,"enemies":"Jaw Worm","floor":3,"turns":4},{"damage":16,"enemies":"Red Slaver","floor":5,"turns":5},{"damage":20,"enemies":"Lagavulin","floor":6,"turns":9},{"damage":17,"enemies":"3 Sentries","floor":8,"turns":8},{"damage":26,"enemies":"Lagavulin","floor":11,"turns":8},{"damage":17,"enemies":"Large Slime","floor":12,"turns":4},{"damage":31,"enemies":"Slime Boss","floor":16,"turns":9},{"damage":8,"enemies":"2 Thieves","floor":18,"turns":4},{"damage":3,"enemies":"Spheric Guardian","floor":19,"turns":5},{"damage":25,"enemies":"3 Cultists","floor":22,"turns":5},{"damage":15,"enemies":"Sentry and Sphere","floor":24,"turns":6},{"damage":44,"enemies":"Gremlin Leader","floor":25,"turns":5}],"seed_played":"5247171825333593752","potions_obtained":[{"floor":1,"key":"SpeedPotion"},{"floor":5,"key":"GamblersBrew"},{"floor":8,"key":"SkillPotion"},{"floor":12,"key":"SkillPotion"},{"floor":16,"key":"Block Potion"}],"is_trial":false,"path_per_floor":["M","M","M","$","M","E","R","E","T","?","E","M","R","$","R","B",null,"M","M","?","$","M","R","M","E"],"character_chosen":"THE_SILENT","items_purchased":["Pommel Strike","Lantern","Noxious Fumes"],"campfire_rested":3,"item_purchase_floors":[4,14,21],"current_hp_per_floor":[63,63,59,59,43,23,44,27,27,70,44,27,27,27,48,17,70,62,59,59,59,34,55,40,0],"gold":43,"neow_bonus":"","is_prod":false,"is_daily":true,"chose_seed":false,"campfire_upgraded":1,"win_rate":0,"timestamp":1548822483,"path_taken":["M","M","?","$","?","E","R","E","T","?","E","?","R","$","R","BOSS","M","M","?","$","?","R","M","E"],"build_version":"2019-01-23","purchased_purges":2,"victory":false,"max_hp_per_floor":[70,70,70,70,70,70,70,70,70,70,70,70,70,70,70,70,70,70,70,70,70,70,70,70,70],"card_choices":[{"not_picked":["Blood for Blood","Seeing Red"],"picked":"Thunderclap","floor":1},{"not_picked":["Anger","Quick Slash"],"picked":"Body Slam","floor":2},{"not_picked":["Backflip","Deflect"],"picked":"Body Slam","floor":3},{"not_picked":["Skewer","Feel No Pain"],"picked":"Noxious Fumes","floor":5},{"not_picked":["Dark Embrace","Envenom","Corpse Explosion"],"picked":"SKIP","floor":6},{"not_picked":["Berserk","Bullet Time"],"picked":"Die Die Die","floor":8},{"not_picked":["Bullet Time","Wraith Form v2","Burst"],"picked":"SKIP","floor":11},{"not_picked":["Flying Knee","Dodge and Roll"],"picked":"Acrobatics","floor":12},{"not_picked":["Die Die Die","Doppelganger"],"picked":"Tools of the Trade","floor":16},{"not_picked":["Well Laid Plans","Reckless Charge"],"picked":"Feel No Pain","floor":18},{"not_picked":["Havoc","Acrobatics","Headbutt+1"],"picked":"SKIP","floor":19},{"not_picked":["Blood for Blood","Dagger Spray"],"picked":"Envenom","floor":22},{"not_picked":["Quick Slash","Endless Agony"],"picked":"Dodge and Roll","floor":24}],"player_experience":298359,"relics_obtained":[{"floor":6,"key":"Bottled Flame"},{"floor":8,"key":"Snake Skull"},{"floor":9,"key":"Bag of Preparation"},{"floor":11,"key":"Omamori"}],"event_choices":[{"cards_removed":["Second Wind"],"damage_healed":43,"gold_gain":0,"player_choice":"Offered Uncommon","damage_taken":0,"max_hp_gain":0,"max_hp_loss":0,"event_name":"Bonfire Elementals","floor":10,"gold_loss":0},{"damage_healed":0,"gold_gain":0,"player_choice":"Traded Relic","damage_taken":0,"relics_obtained":["Nloth\u0027s Gift"],"max_hp_gain":0,"max_hp_loss":0,"event_name":"N\u0027loth","floor":20,"relics_lost":["Snake Skull"],"gold_loss":0}],"is_beta":false,"boss_relics":[{"not_picked":["Runic Pyramid","Coffee Dripper"],"picked":"Sozu"}],"items_purged_floors":[4,21],"is_endless":false,"potions_floor_spawned":[1,5,8,12,16,18,19,24],"killed_by":"Gremlin Leader","ascension_level":0}