{"gold_per_floor":[116,130,130,130,130,130,190,190,190,203,203,72,86,103,103,177,177,187,187,137,152,2,2,33,43,95,107,107],"floor_reached":28,"playtime":1014,"items_purged":["Strike_B","Strike_B"],"score":428,"play_id":"1262d13d-c2c7-43ff-adeb-9f0a376275b6","local_time":"20181215174728","is_ascension_mode":true,"campfire_choices":[{"data":"Rainbow","floor":6,"key":"SMITH"},{"floor":8,"key":"REST"},{"data":"Chaos","floor":11,"key":"SMITH"},{"floor":15,"key":"REST"},{"floor":23,"key":"REST"}],"neow_cost":"NONE","seed_source_timestamp":316654542878657,"circlet_count":0,"master_deck":["AscendersBane","Strike_B","Defend_B","Defend_B","Defend_B","Defend_B","Zap","Dualcast","Rainbow+1","Compile Driver","Go for the Eyes","Ball Lightning","Chaos+1","Conserve Battery","Coolheaded","Biased Cognition+1","Conserve Battery","Compile Driver+1","Coolheaded","Self Repair+1","Pain","Steam"],"relics":["Cracked Core","Tiny Chest","Frozen Egg 2","Cursed Key","Pen Nib","Oddly Smooth Stone"],"potions_floor_usage":[24],"damage_taken":[{"damage":0,"enemies":"Small Slimes","floor":1,"turns":2},{"damage":9,"enemies":"2 Louse","floor":2,"turns":2},{"damage":35,"enemies":"Gremlin Nob","floor":7,"turns":5},{"damage":0,"enemies":"Jaw Worm","floor":10,"turns":3},{"damage":7,"enemies":"2 Fungi Beasts","floor":13,"turns":4},{"damage":23,"enemies":"Gremlin Gang","floor":14,"turns":4},{"damage":12,"enemies":"Slime Boss","floor":16,"turns":9},{"damage":0,"enemies":"Spheric Guardian","floor":18,"turns":3},{"damage":1,"enemies":"Chosen","floor":21,"turns":5},{"damage":23,"enemies":"Slavers","floor":24,"turns":7},{"damage":7,"enemies":"Snake Plant","floor":25,"turns":3},{"damage":19,"enemies":"Snecko","floor":27,"turns":5},{"damage":27,"enemies":"Gremlin Leader","floor":28,"turns":3}],"seed_played":"-3198783733915983690","potions_obtained":[{"floor":10,"key":"Energy Potion"},{"floor":13,"key":"Ancient Potion"},{"floor":18,"key":"FocusPotion"}],"is_trial":false,"path_per_floor":["M","M","?","?","?","R","E","R","T","M","R","$","M","M","R","B",null,"M","?","?","M","$","R","E","M","T","M","E"],"character_chosen":"DEFECT","items_purchased":["Conserve Battery","Coolheaded"],"campfire_rested":3,"item_purchase_floors":[12,22],"current_hp_per_floor":[64,55,60,53,53,53,18,40,40,40,40,40,33,10,32,20,62,62,40,40,39,39,63,40,33,33,24,0],"gold":107,"neow_bonus":"ONE_RANDOM_RARE_CARD","is_prod":false,"is_daily":false,"chose_seed":false,"campfire_upgraded":2,"win_rate":0,"timestamp":1544914048,"path_taken":["M","M","?","?","?","R","E","R","T","M","R","$","M","M","R","BOSS","M","?","?","M","$","R","E","M","T","?","E"],"build_version":"2018-12-13","purchased_purges":2,"victory":false,"max_hp_per_floor":[71,71,76,76,76,76,76,76,76,76,76,76,76,76,76,76,76,76,81,81,81,81,81,81,81,81,81,81],"card_choices":[{"not_picked":["Hologram","Ball Lightning"],"picked":"Compile Driver","floor":1},{"not_picked":["Force Field","Melter"],"picked":"Go for the Eyes","floor":2},{"not_picked":["Barrage","Genetic Algorithm"],"picked":"Ball Lightning","floor":7},{"not_picked":["Stack","Streamline"],"picked":"Chaos","floor":10},{"not_picked":["Barrage","Gash","Beam Cell"],"picked":"SKIP","floor":13},{"not_picked":["Leap","Steam"],"picked":"Coolheaded","floor":14},{"not_picked":["Electrodynamics+1","Seek"],"picked":"Biased Cognition+1","floor":16},{"not_picked":["Hello World+1","Compile Driver"],"picked":"Conserve Battery","floor":18},{"not_picked":["Fusion+1","Gash+1"],"picked":"Compile Driver+1","floor":21},{"not_picked":["Tempest","Turbo","Barrage"],"picked":"SKIP","floor":24},{"not_picked":["Reinforced Body","Heatsinks+1"],"picked":"Self Repair+1","floor":25},{"not_picked":["Stack","Coolheaded"],"picked":"Steam","floor":27}],"player_experience":790638,"relics_obtained":[{"floor":7,"key":"Tiny Chest"},{"floor":9,"key":"Frozen Egg 2"},{"floor":24,"key":"Pen Nib"},{"floor":26,"key":"Oddly Smooth Stone"}],"event_choices":[{"damage_healed":0,"gold_gain":0,"player_choice":"Donut","damage_taken":0,"max_hp_gain":5,"max_hp_loss":0,"event_name":"Big Fish","floor":3,"gold_loss":0},{"cards_removed":["Strike_B"],"damage_healed":0,"gold_gain":0,"player_choice":"Card Removal","damage_taken":7,"max_hp_gain":0,"max_hp_loss":0,"event_name":"Golden Wing","floor":4,"gold_loss":0},{"damage_healed":0,"gold_gain":0,"player_choice":"Ignored","damage_taken":0,"max_hp_gain":0,"max_hp_loss":0,"event_name":"Liars Game","floor":5,"gold_loss":0},{"damage_healed":0,"gold_gain":0,"player_choice":"Shed Blood","damage_taken":27,"max_hp_gain":5,"max_hp_loss":0,"event_name":"Forgotten Altar","floor":19,"gold_loss":0},{"damage_healed":0,"gold_gain":0,"player_choice":"Bet on Owner","damage_taken":0,"max_hp_gain":0,"max_hp_loss":0,"event_name":"The Joust","floor":20,"gold_loss":50}],"is_beta":false,"boss_relics":[{"not_picked":["Lizard Tail","Runic Dome"],"picked":"Cursed Key"}],"items_purged_floors":[12,22],"is_endless":false,"potions_floor_spawned":[10,13,14,18],"killed_by":"Gremlin Leader","ascension_level":16}