{"gold_per_floor":[119,133,31,47,65,65,65,85,85,97,97,97,46,57,57,162,162,175,75,38,52,52,52,66,66,66,80,80,80],"floor_reached":29,"playtime":1298,"items_purged":["Strike_B","Strike_B"],"score":217,"play_id":"60539397-2f25-491f-94e1-932a6e34a9f3","local_time":"20181225191558","is_ascension_mode":false,"campfire_choices":[{"data":"Redo","floor":6,"key":"SMITH"},{"data":"Streamline","floor":12,"key":"SMITH"},{"floor":15,"key":"REST"},{"data":"Dualcast","floor":23,"key":"SMITH"},{"data":"Sweeping Beam","floor":25,"key":"SMITH"},{"floor":28,"key":"REST"}],"neow_cost":"NONE","seed_source_timestamp":68039821091393,"circlet_count":0,"master_deck":["Strike_B","Defend_B","Defend_B","Defend_B","Defend_B","Zap+1","Dualcast+1","Leap","Steam","Redo+1","Sweeping Beam+1","Compile Driver","Leap","Streamline+1","Ball Lightning","Steam","All For One","Static Discharge","Go for the Eyes","Leap","Reprogram"],"relics":["Cracked Core","Happy Flower","Meat on the Bone"],"potions_floor_usage":[27,27],"damage_taken":[{"damage":1,"enemies":"Jaw Worm","floor":1,"turns":2},{"damage":0,"enemies":"Cultist","floor":2,"turns":4},{"damage":0,"enemies":"Small Slimes","floor":4,"turns":3},{"damage":18,"enemies":"Exordium Thugs","floor":5,"turns":4},{"damage":5,"enemies":"Large Slime","floor":8,"turns":5},{"damage":1,"enemies":"3 Louse","floor":10,"turns":3},{"damage":7,"enemies":"2 Fungi Beasts","floor":14,"turns":3},{"damage":27,"enemies":"Slime Boss","floor":16,"turns":9},{"damage":15,"enemies":"Spheric Guardian","floor":18,"turns":4},{"damage":4,"enemies":"Shell Parasite","floor":21,"turns":5},{"damage":11,"enemies":"Sentry and Sphere","floor":24,"turns":4},{"damage":12,"enemies":"Snake Plant","floor":27,"turns":3},{"damage":21,"enemies":"Centurion and Healer","floor":29,"turns":5}],"seed_played":"-8758631314518489919","potions_obtained":[{"floor":1,"key":"LiquidBronze"},{"floor":2,"key":"SteroidPotion"},{"floor":10,"key":"Regen Potion"},{"floor":24,"key":"Fire Potion"}],"is_trial":false,"path_per_floor":["M","M","$","M","M","R","?","M","T","M","T","R","$","M","R","B",null,"M","$","$","M","?","R","M","R","T","M","R","M"],"character_chosen":"DEFECT","items_purchased":["Redo","Ball Lightning","Static Discharge"],"campfire_rested":2,"item_purchase_floors":[3,13,20],"current_hp_per_floor":[74,74,74,74,56,56,56,51,51,50,50,50,50,43,65,38,75,60,60,60,56,56,56,45,45,45,38,60,39],"gold":80,"neow_bonus":"UPGRADE_CARD","is_prod":false,"is_daily":false,"chose_seed":false,"campfire_upgraded":4,"win_rate":0,"timestamp":1545732958,"path_taken":["M","M","$","M","M","R","?","M","T","M","?","R","$","M","R","BOSS","M","?","$","M","?","R","M","R","T","M","R","M"],"build_version":"2018-12-20","purchased_purges":2,"victory":false,"max_hp_per_floor":[75,75,75,75,75,75,75,75,75,75,75,75,75,75,75,75,75,75,75,75,75,75,75,75,75,75,75,75,75],"card_choices":[{"not_picked":["Reprogram","Heatsinks"],"picked":"Leap","floor":1},{"not_picked":["Redo","Tempest"],"picked":"Steam","floor":2},{"not_picked":["Melter","Recycle"],"picked":"Sweeping Beam","floor":4},{"not_picked":["Heatsinks","Auto Shields"],"picked":"Compile Driver","floor":5},{"not_picked":["Turbo","Redo"],"picked":"Leap","floor":8},{"not_picked":["Hologram","Leap"],"picked":"Streamline","floor":10},{"not_picked":["Capacitor","Streamline"],"picked":"Steam","floor":14},{"not_picked":["Rainbow","Hyperbeam"],"picked":"All For One","floor":16},{"not_picked":["Self Repair","Turbo","Steam"],"picked":"SKIP","floor":18},{"not_picked":["BootSequence","Chill"],"picked":"Go for the Eyes","floor":21},{"not_picked":["Sunder","Streamline"],"picked":"Leap","floor":24},{"not_picked":["Rebound","Thunder Strike"],"picked":"Reprogram","floor":27}],"player_experience":57448,"relics_obtained":[{"floor":9,"key":"Happy Flower"},{"floor":11,"key":"Meat on the Bone"}],"event_choices":[{"damage_healed":0,"gold_gain":0,"player_choice":"Ignored","damage_taken":0,"max_hp_gain":0,"max_hp_loss":0,"event_name":"Liars Game","floor":7,"gold_loss":0},{"cards_removed":["Strike_B"],"damage_healed":0,"gold_gain":0,"player_choice":"Offered Basic","damage_taken":0,"max_hp_gain":0,"max_hp_loss":0,"event_name":"Bonfire Elementals","floor":22,"gold_loss":0}],"is_beta":false,"boss_relics":[{"not_picked":["Snecko Eye","Fusion Hammer","Velvet Choker"]}],"items_purged_floors":[3,19],"is_endless":false,"potions_floor_spawned":[1,2,10,16,18,24],"killed_by":"Centurion and Healer","ascension_level":0}