{"gold_per_floor":[144,94,169,169,169,244,342,342,342,391,440,63,63,112,112,437,437,486,535,535,535,584,682,743,755,767,779,791,852,864,19,19,19],"floor_reached":33,"playtime":2002,"items_purged":[],"score":558,"play_id":"d4249554-17ed-4153-98b6-2f8bd1dd66ac","local_time":"20190201122141","daily_mods":["Insanity","Hoarder","Midas"],"is_ascension_mode":false,"campfire_choices":[{"floor":8,"key":"REST"},{"floor":15,"key":"REST"},{"floor":25,"key":"REST"},{"floor":28,"key":"REST"},{"floor":32,"key":"REST"}],"neow_cost":"","seed_source_timestamp":0,"circlet_count":0,"master_deck":["Dagger Spray","Outmaneuver","Poisoned Stab","Flying Knee","Crippling Poison","Underhanded Strike","Distraction","Underhanded Strike","Prepared","Flying Knee","Dodge and Roll","Deadly Poison","Flechettes","Outmaneuver","Dodge and Roll","Accuracy","Bouncing Flask","Dagger Spray","Underhanded Strike","Poisoned Stab","Sucker Punch","Flying Knee","Outmaneuver","Crippling Poison","Slice","Deflect","Dodge and Roll","Underhanded Strike","Deadly Poison","Prepared","Slice","Flying Knee","Acrobatics","Underhanded Strike","Quick Slash","Blade Dance","Endless Agony","Flechettes","Escape Plan","Bane","Cloak And Dagger","Accuracy","Acrobatics","Dodge and Roll","Backflip","Prepared","Outmaneuver","Endless Agony","Backflip","Backflip","Backflip","Blade Dance","Blade Dance","Blade Dance","Catalyst","Catalyst","Catalyst","Deadly Poison","Deadly Poison","Deadly Poison","Well Laid Plans","Well Laid Plans","Well Laid Plans","Calculated Gamble","Calculated Gamble","Calculated Gamble","Malaise","Malaise","Malaise","Cloak And Dagger+1","Cloak And Dagger+1","Cloak And Dagger+1","Predator","Predator","Predator","J.A.X.","J.A.X.","J.A.X.","Blade Dance+1","Blade Dance+1","Blade Dance+1","Writhe","Writhe","Writhe","Impatience","Impatience","Impatience"],"special_seed":17928,"relics":["Ring of the Snake","Golden Idol","Paper Crane","Bottled Tornado","Bird Faced Urn","The Specimen","Black Star","MawBank","Dodecahedron","Boot","Sundial","ClockworkSouvenir","Centennial Puzzle","WingedGreaves"],"potions_floor_usage":[16,22,23,27,33,33],"damage_taken":[{"damage":6,"enemies":"2 Louse","floor":1,"turns":3},{"damage":31,"enemies":"3 Sentries","floor":7,"turns":7},{"damage":0,"enemies":"Small Slimes","floor":10,"turns":3},{"damage":2,"enemies":"Cultist","floor":11,"turns":3},{"damage":21,"enemies":"2 Fungi Beasts","floor":14,"turns":3},{"damage":39,"enemies":"The Guardian","floor":16,"turns":7},{"damage":2,"enemies":"3 Byrds","floor":18,"turns":4},{"damage":19,"enemies":"Spheric Guardian","floor":19,"turns":7},{"damage":34,"enemies":"3 Cultists","floor":22,"turns":5},{"damage":12,"enemies":"Book of Stabbing","floor":23,"turns":5},{"damage":12,"enemies":"Snake Plant","floor":24,"turns":4},{"damage":27,"enemies":"Slavers","floor":27,"turns":3},{"damage":0,"enemies":"Snecko","floor":29,"turns":5},{"damage":77,"enemies":"Champ","floor":33,"turns":12}],"seed_played":"4077721088213470918","potions_obtained":[{"floor":7,"key":"LiquidBronze"},{"floor":10,"key":"EssenceOfSteel"},{"floor":19,"key":"Explosive Potion"},{"floor":23,"key":"SmokeBomb"}],"is_trial":false,"path_per_floor":["M","?","?","?","?","T","E","R","T","M","M","$","?","M","R","B",null,"M","M","?","?","M","E","M","R","T","E","R","M","?","$","R","B"],"character_chosen":"THE_SILENT","items_purchased":["The Specimen","Well Laid Plans","ClockworkSouvenir","Centennial Puzzle","WingedGreaves","Impatience","LiquidBronze","Weak Potion"],"campfire_rested":5,"item_purchase_floors":[12,12,31,31,31,31,31,31],"current_hp_per_floor":[64,64,53,36,59,59,28,49,49,51,51,51,51,34,55,24,70,70,55,55,55,25,15,9,30,30,5,26,32,32,32,53,0],"gold":19,"neow_bonus":"","is_prod":false,"is_daily":true,"chose_seed":false,"campfire_upgraded":0,"win_rate":0,"timestamp":1548994901,"path_taken":["M","?","?","?","?","?","E","R","T","?","M","$","?","M","R","BOSS","M","M","?","?","M","E","M","R","T","E","R","M","?","$","R","BOSS"],"build_version":"2019-01-23","purchased_purges":0,"victory":false,"max_hp_per_floor":[70,70,70,70,70,70,70,70,70,70,70,70,70,70,70,70,70,70,70,70,70,70,70,70,70,70,70,70,70,70,70,70,70],"card_choices":[{"not_picked":["Leg Sweep","Sucker Punch"],"picked":"Backflip","floor":1},{"not_picked":["Riddle With Holes","Flying Knee"],"picked":"Blade Dance","floor":7},{"not_picked":["Deflect","Bane"],"picked":"Catalyst","floor":10},{"not_picked":["Terror","Eviscerate"],"picked":"Deadly Poison","floor":11},{"not_picked":["Poisoned Stab","Eviscerate"],"picked":"Calculated Gamble","floor":14},{"not_picked":["Grand Finale","Night Terror"],"picked":"Malaise","floor":16},{"not_picked":["Slice+1","PiercingWail"],"picked":"Cloak And Dagger+1","floor":18},{"not_picked":["Dagger Throw","Prepared"],"picked":"Predator","floor":19},{"not_picked":["Calculated Gamble","Dagger Throw","Bane"],"picked":"SKIP","floor":22},{"not_picked":["Masterful Stab+1","Predator","Dagger Spray"],"picked":"SKIP","floor":23},{"not_picked":["Dodge and Roll+1","Outmaneuver"],"picked":"Blade Dance+1","floor":24},{"not_picked":["Finisher","Poisoned Stab","All Out Attack"],"picked":"SKIP","floor":29}],"player_experience":311821,"relics_obtained":[{"floor":6,"key":"Paper Crane"},{"floor":7,"key":"Bottled Tornado"},{"floor":9,"key":"Bird Faced Urn"},{"floor":23,"key":"MawBank"},{"floor":23,"key":"Dodecahedron"},{"floor":26,"key":"Boot"}],"event_choices":[{"cards_removed":["Terror"],"damage_healed":0,"gold_gain":0,"player_choice":"Card Removal","damage_taken":0,"max_hp_gain":0,"max_hp_loss":0,"event_name":"The Cleric","floor":2,"gold_loss":50},{"damage_healed":0,"gold_gain":75,"player_choice":"Gather Gold","damage_taken":11,"max_hp_gain":0,"max_hp_loss":0,"event_name":"World of Goop","floor":3,"gold_loss":0},{"damage_healed":0,"gold_gain":0,"player_choice":"Take Damage","damage_taken":17,"relics_obtained":["Golden Idol"],"max_hp_gain":0,"max_hp_loss":0,"event_name":"Golden Idol","floor":4,"gold_loss":0},{"damage_healed":23,"gold_gain":0,"player_choice":"Banana","damage_taken":0,"max_hp_gain":0,"max_hp_loss":0,"event_name":"Big Fish","floor":5,"gold_loss":0},{"damage_healed":0,"gold_gain":0,"player_choice":"Ignored","damage_taken":0,"max_hp_gain":0,"max_hp_loss":0,"event_name":"Liars Game","floor":13,"gold_loss":0},{"cards_removed":["Sucker Punch"],"damage_healed":0,"gold_gain":0,"player_choice":"Elegance","damage_taken":0,"max_hp_gain":0,"max_hp_loss":0,"event_name":"Back to Basics","floor":20,"gold_loss":0},{"damage_healed":0,"gold_gain":0,"player_choice":"Obtain J.A.X.","damage_taken":0,"max_hp_gain":0,"max_hp_loss":0,"event_name":"Drug Dealer","floor":21,"gold_loss":0,"cards_obtained":["J.A.X."]},{"damage_healed":0,"gold_gain":0,"player_choice":"Opened","damage_taken":0,"relics_obtained":["Sundial"],"max_hp_gain":0,"max_hp_loss":0,"event_name":"The Mausoleum","floor":30,"gold_loss":0,"cards_obtained":["Writhe"]}],"is_beta":false,"boss_relics":[{"not_picked":["Empty Cage","Ring of the Serpent"],"picked":"Black Star"}],"items_purged_floors":[],"is_endless":false,"potions_floor_spawned":[7,10,19,23],"killed_by":"Champ","ascension_level":0}