{"gold_per_floor":[15,15,28,103,28,28,28,28,28,28,28,42,52,69,69,167,167,186,196,96,96,116,116,134,134,134,134,9,109,125,135,135,235,235,254,254,104,204,219,219,238,63,63,81,81],"floor_reached":45,"playtime":2163,"items_purged":["Strike_R","Strike_R","Shame","Defend_R","Defend_R"],"score":501,"play_id":"5927fa50-320c-45f2-b688-8c9171f9b8fb","local_time":"20190205085156","is_ascension_mode":true,"campfire_choices":[{"data":"Rampage","floor":6,"key":"SMITH"},{"data":"Pommel Strike","floor":10,"key":"SMITH"},{"data":"Twin Strike","floor":15,"key":"SMITH"},{"data":"Barricade","floor":23,"key":"SMITH"},{"data":"Shrug It Off","floor":25,"key":"SMITH"},{"floor":32,"key":"REST"},{"data":"Shrug It Off","floor":40,"key":"SMITH"}],"neow_cost":"NO_GOLD","seed_source_timestamp":972429080547212,"circlet_count":0,"master_deck":["Defend_R","Defend_R","Bash","Pommel Strike+1","Rampage+1","Iron Wave+1","Barricade+1","Shrug It Off+1","Twin Strike+1","Shrug It Off+1","Battle Trance+1","Warcry","Iron Wave+1","Impervious","Warcry+1","Parasite","Flex"],"relics":["Black Blood","Molten Egg 2","Paper Frog","Cursed Key","Bottled Flame","Shovel"],"potions_floor_usage":[18,19,22,24,30,35,41,44,44,44,44,44],"damage_taken":[{"damage":10,"enemies":"2 Louse","floor":1,"turns":3},{"damage":9,"enemies":"Jaw Worm","floor":3,"turns":3},{"damage":0,"enemies":"Small Slimes","floor":12,"turns":2},{"damage":13,"enemies":"Blue Slaver","floor":13,"turns":2},{"damage":0,"enemies":"Large Slime","floor":14,"turns":2},{"damage":52,"enemies":"Hexaghost","floor":16,"turns":8},{"damage":0,"enemies":"3 Byrds","floor":18,"turns":5},{"damage":11,"enemies":"2 Thieves","floor":19,"turns":3},{"damage":8,"enemies":"Snake Plant","floor":22,"turns":4},{"damage":17,"enemies":"Chosen and Byrds","floor":24,"turns":5},{"damage":24,"enemies":"Centurion and Healer","floor":30,"turns":5},{"damage":6,"enemies":"Sentry and Sphere","floor":31,"turns":5},{"damage":0,"enemies":"Automaton","floor":33,"turns":11},{"damage":0,"enemies":"3 Shapes","floor":35,"turns":8},{"damage":0,"enemies":"Mind Bloom Boss Battle","floor":38,"turns":8},{"damage":2,"enemies":"Orb Walker","floor":39,"turns":5},{"damage":9,"enemies":"Maw","floor":41,"turns":8},{"damage":60,"enemies":"Writhing Mass","floor":44,"turns":10},{"damage":34,"enemies":"Jaw Worm Horde","floor":45,"turns":2}],"seed_played":"-2993335479646481037","potions_obtained":[{"floor":1,"key":"Weak Potion"},{"floor":3,"key":"Weak Potion"},{"floor":12,"key":"SpeedPotion"},{"floor":18,"key":"AttackPotion"},{"floor":19,"key":"BloodPotion"},{"floor":24,"key":"EntropicBrew"},{"floor":33,"key":"Energy Potion"},{"floor":38,"key":"Weak Potion"},{"floor":39,"key":"SneckoOil"},{"floor":44,"key":"Ancient Potion"}],"is_trial":false,"path_per_floor":["M","?","M","T","$","R","$","?","T","R","$","M","M","M","R","B",null,"M","M","$","?","M","R","M","R","T","?","$","?","M","M","R","B",null,"M","?","$","?","M","R","M","$","T","M","M"],"character_chosen":"IRONCLAD","items_purchased":[],"campfire_rested":1,"item_purchase_floors":[],"current_hp_per_floor":[76,76,73,73,73,73,73,73,73,73,73,79,72,78,78,32,80,80,75,75,75,73,73,62,62,62,62,62,62,52,52,76,80,80,80,80,80,80,80,80,80,80,80,30,0],"gold":81,"neow_bonus":"TRANSFORM_TWO_CARDS","is_prod":false,"is_daily":false,"chose_seed":false,"campfire_upgraded":6,"win_rate":0,"timestamp":1549324316,"path_taken":["M","?","M","?","$","R","$","?","T","R","?","?","M","M","R","BOSS","M","M","$","?","M","R","M","R","T","?","$","?","M","M","R","BOSS","M","?","$","?","M","R","M","$","T","M","M"],"build_version":"2019-01-23","purchased_purges":5,"victory":false,"max_hp_per_floor":[80,80,80,80,80,80,80,80,80,80,80,80,80,80,80,80,80,80,80,80,80,80,80,80,80,80,80,80,80,80,80,80,80,80,80,80,80,80,80,80,80,80,80,80,80],"card_choices":[{"not_picked":["Clash","Pummel"],"picked":"Rampage","floor":1},{"not_picked":["Anger","Twin Strike","Power Through"],"picked":"SKIP","floor":3},{"not_picked":["Anger+1","Sever Soul+1","Perfected Strike+1"],"picked":"SKIP","floor":12},{"not_picked":["Anger+1","Uppercut+1","Armaments"],"picked":"SKIP","floor":13},{"not_picked":["Bloodletting","Anger+1"],"picked":"Iron Wave+1","floor":14},{"not_picked":["Feed+1","Reaper+1"],"picked":"Barricade","floor":16},{"not_picked":["Intimidate","Body Slam+1"],"picked":"Shrug It Off","floor":18},{"not_picked":["Sword Boomerang+1","Wild Strike+1"],"picked":"Twin Strike+1","floor":19},{"not_picked":["Twin Strike+1","Pommel Strike+1"],"picked":"Battle Trance+1","floor":22},{"not_picked":["Pummel+1","Pommel Strike+1","Thunderclap+1"],"picked":"SKIP","floor":24},{"not_picked":["Pommel Strike+1","Flex"],"picked":"Warcry","floor":30},{"not_picked":["Inflame","Bloodletting"],"picked":"Iron Wave+1","floor":31},{"not_picked":["Feed+1","Demon Form"],"picked":"Impervious","floor":33},{"not_picked":["Fire Breathing","Heavy Blade+1","Pummel+1"],"picked":"SKIP","floor":35},{"not_picked":["Wild Strike+1","Cleave+1","Headbutt+1"],"picked":"SKIP","floor":39},{"not_picked":["Corruption+1","Clothesline+1"],"picked":"Warcry+1","floor":41},{"not_picked":["Disarm","Feed+1"],"picked":"Flex","floor":44}],"player_experience":185333,"relics_obtained":[{"floor":4,"key":"Molten Egg 2"},{"floor":9,"key":"Paper Frog"},{"floor":26,"key":"Bottled Flame"},{"floor":38,"key":"Shovel"}],"event_choices":[{"cards_removed":["Strike_R"],"damage_healed":0,"gold_gain":0,"player_choice":"Forget","damage_taken":0,"max_hp_gain":0,"max_hp_loss":0,"event_name":"Living Wall","floor":2,"gold_loss":0},{"damage_healed":0,"gold_gain":0,"player_choice":"Leave","damage_taken":0,"max_hp_gain":0,"max_hp_loss":0,"event_name":"The Cleric","floor":8,"gold_loss":0},{"damage_healed":0,"gold_gain":0,"player_choice":"Read","damage_taken":0,"max_hp_gain":0,"max_hp_loss":0,"event_name":"The Library","floor":21,"gold_loss":0,"cards_obtained":["Shrug It Off"]},{"damage_healed":0,"gold_gain":0,"player_choice":"Ignored","damage_taken":0,"max_hp_gain":0,"max_hp_loss":0,"event_name":"Vampires","floor":27,"gold_loss":0},{"damage_healed":0,"gold_gain":100,"player_choice":"Pray","damage_taken":0,"max_hp_gain":0,"max_hp_loss":0,"event_name":"Golden Shrine","floor":29,"gold_loss":0},{"cards_removed":["Twin Strike"],"damage_healed":0,"gold_gain":0,"player_choice":"Removed Attack","damage_taken":0,"max_hp_gain":0,"max_hp_loss":0,"event_name":"Falling","floor":36,"gold_loss":0},{"damage_healed":0,"gold_gain":0,"player_choice":"Fight","damage_taken":0,"max_hp_gain":0,"max_hp_loss":0,"event_name":"MindBloom","floor":38,"gold_loss":0}],"is_beta":false,"boss_relics":[{"not_picked":["Ectoplasm","Philosopher\u0027s Stone"],"picked":"Cursed Key"},{"not_picked":["Runic Cube","Black Star"],"picked":"Black Blood"}],"items_purged_floors":[5,20,28,37,42],"is_endless":false,"potions_floor_spawned":[1,3,12,18,19,24,33,38,39,44],"killed_by":"Jaw Worm Horde","ascension_level":2}