{"gold_per_floor":[110,35,35,35,12,12,25,25,25,25,41,67,67,95,95,198,198,213,213,60,77,88,121,121,148,200,200],"floor_reached":27,"playtime":2733,"items_purged":["Strike_B"],"score":448,"play_id":"1a52bdfb-1f38-45df-bef1-f286cfec0067","local_time":"20181123210141","is_ascension_mode":true,"campfire_choices":[{"data":"Dualcast","floor":6.0,"key":"SMITH"},{"data":"Loop","floor":8.0,"key":"SMITH"},{"data":"Seek","floor":13.0,"key":"SMITH"},{"data":"Cold Snap","floor":15.0,"key":"SMITH"},{"data":"Chaos","floor":24.0,"key":"SMITH"}],"neow_cost":"NONE","seed_source_timestamp":0,"circlet_count":0,"master_deck":["Strike_B","Strike_B","Strike_B","Defend_B+1","Defend_B","Defend_B+1","Zap+1","Dualcast+1","Cold Snap+1","Conserve Battery+1","Loop+1","Compile Driver","Seek+1","Buffer","Darkness","Chaos+1","Defragment","Cold Snap","Self Repair"],"special_seed":0,"relics":["Cracked Core","PreservedInsect","Shuriken","Symbiotic Virus","Bag of Preparation","War Paint","Inserter","Strawberry","Cables","Omamori","Regal Pillow"],"potions_floor_usage":[27,27],"damage_taken":[{"damage":1.0,"enemies":"2 Louse","floor":1.0,"turns":3.0},{"damage":0.0,"enemies":"Jaw Worm","floor":7.0,"turns":4.0},{"damage":0.0,"enemies":"Small Slimes","floor":11.0,"turns":3.0},{"damage":0.0,"enemies":"Gremlin Nob","floor":12.0,"turns":3.0},{"damage":1.0,"enemies":"Lagavulin","floor":14.0,"turns":3.0},{"damage":0.0,"enemies":"Slime Boss","floor":16.0,"turns":6.0},{"damage":2.0,"enemies":"3 Byrds","floor":18.0,"turns":7.0},{"damage":0.0,"enemies":"Spheric Guardian","floor":21.0,"turns":4.0},{"damage":4.0,"enemies":"Snecko","floor":22.0,"turns":4.0},{"damage":29.0,"enemies":"Slavers","floor":23.0,"turns":4.0},{"damage":26.0,"enemies":"Gremlin Leader","floor":25.0,"turns":6.0},{"damage":25,"enemies":"Slavers","floor":27,"turns":1}],"seed_played":"5295612970748946086","potions_obtained":[{"floor":1.0,"key":"EssenceOfSteel"},{"floor":7.0,"key":"Ancient Potion"},{"floor":11.0,"key":"Block Potion"},{"floor":16.0,"key":"Fire Potion"},{"floor":25.0,"key":"Regen Potion"}],"is_trial":false,"path_per_floor":["M","$","?","?","$","R","M","R","T","?","M","E","R","E","R","B",null,"M","?","$","M","M","E","R","E","T","E"],"character_chosen":"DEFECT","items_purchased":["Conserve Battery","Strawberry"],"campfire_rested":0,"item_purchase_floors":[5,20],"current_hp_per_floor":[67,67,67,60,60,60,60,60,60,60,60,60,60,59,59,59,71,69,69,76,76,72,43,43,17,17,0],"gold":200,"neow_bonus":"RANDOM_COMMON_RELIC","is_prod":false,"is_daily":false,"chose_seed":false,"campfire_upgraded":5,"win_rate":0,"timestamp":1543024901,"path_taken":["M","$","?","?","$","R","M","R","T","?","M","E","R","E","R","BOSS","M","?","$","M","M","E","R","E","T","E"],"build_version":"2018-11-15","purchased_purges":1,"victory":false,"max_hp_per_floor":[75,75,75,75,75,75,75,75,75,75,75,75,75,75,75,75,75,75,75,82,82,82,82,82,82,82,82],"card_choices":[{"not_picked":["Reinforced Body","Undo"],"picked":"Cold Snap","floor":1.0},{"not_picked":["Turbo","Steam"],"picked":"Loop","floor":7.0},{"not_picked":["Leap","Consume"],"picked":"Compile Driver","floor":11.0},{"not_picked":["Double Energy","Reinforced Body"],"picked":"Seek","floor":12.0},{"not_picked":["Barrage","Steam Power","Streamline"],"picked":"SKIP","floor":14.0},{"not_picked":["Rainbow","Multi-Cast"],"picked":"Buffer","floor":16.0},{"not_picked":["Conserve Battery","Steam"],"picked":"Darkness","floor":18.0},{"not_picked":["Cold Snap","Ball Lightning"],"picked":"Defragment","floor":21.0},{"not_picked":["Leap","Sunder+1","Rebound"],"picked":"SKIP","floor":22.0},{"not_picked":["Rebound","Echo Form"],"picked":"Cold Snap","floor":23.0},{"not_picked":["Aggregate","FTL"],"picked":"Self Repair","floor":25.0}],"player_experience":477787,"relics_obtained":[{"floor":9.0,"key":"Symbiotic Virus"},{"floor":12.0,"key":"Bag of Preparation"},{"floor":14.0,"key":"War Paint"},{"floor":23.0,"key":"Cables"},{"floor":25.0,"key":"Omamori"},{"floor":26.0,"key":"Regal Pillow"}],"event_choices":[{"damage_healed":0.0,"max_hp_gain":0.0,"max_hp_loss":0.0,"gold_gain":0.0,"event_name":"Living Wall","player_choice":"Grow","floor":3.0,"gold_loss":0.0,"damage_taken":0.0,"cards_upgraded":["Zap"]},{"damage_healed":0.0,"max_hp_gain":0.0,"max_hp_loss":0.0,"gold_gain":0.0,"event_name":"Scrap Ooze","player_choice":"Success","floor":4.0,"gold_loss":0.0,"damage_taken":7.0,"relics_obtained":["Shuriken"]},{"damage_healed":0.0,"max_hp_gain":0.0,"max_hp_loss":0.0,"gold_gain":0.0,"event_name":"Accursed Blacksmith","player_choice":"Forge","floor":10.0,"gold_loss":0.0,"damage_taken":0.0,"cards_upgraded":["Conserve Battery"]},{"damage_healed":0.0,"max_hp_gain":0.0,"max_hp_loss":0.0,"gold_gain":0.0,"cards_transformed":["Defend_B"],"event_name":"Transmorgrifier","player_choice":"Transformed","floor":19.0,"gold_loss":0.0,"damage_taken":0.0,"cards_obtained":["Chaos"]}],"is_beta":false,"boss_relics":[{"not_picked":["Nuclear Battery","Runic Dome"],"picked":"Inserter"}],"items_purged_floors":[2],"is_endless":false,"potions_floor_spawned":[1,7,11,16,25],"killed_by":"Slavers","ascension_level":7}