{"gold_per_floor":[117,130,130,31,45,45,79,79,157,195,195,195,234,234,234,362,362,346,445,299,322,322,322,347,347,418,418,418,453,453,467,467,467],"floor_reached":33,"playtime":1498,"items_purged":["Strike_B"],"score":413,"play_id":"413c7b22-b83a-40e1-8d5f-4e65c3d83423","local_time":"20181127143355","is_ascension_mode":true,"campfire_choices":[{"data":"Auto Shields","floor":6.0,"key":"SMITH"},{"floor":8,"key":"REST"},{"data":"Lockon","floor":12,"key":"SMITH"},{"data":"Glacier","floor":15,"key":"SMITH"},{"floor":23,"key":"REST"},{"data":"Defragment","floor":28,"key":"SMITH"},{"data":"Sunder","floor":30,"key":"SMITH"},{"floor":32,"key":"REST"}],"neow_cost":"NONE","seed_source_timestamp":0,"circlet_count":0,"master_deck":["Strike_B","Strike_B","Strike_B","Defend_B","Defend_B","Defend_B","Defend_B","Zap+1","Dualcast","Auto Shields+1","Lockon+1","Gash","Ball Lightning","Glacier+1","Capacitor","Gash","Parasite","Meteor Strike","Sunder+1","Defragment+1","Coolheaded","Ghostly","Ghostly","Ghostly","Ghostly","Ghostly","Doubt","Darkness+1","Defragment"],"special_seed":0,"relics":["Cracked Core","Bloody Idol","Happy Flower","Cables","Ancient Tea Set","Darkstone Periapt","Turnip","Cursed Key","Juzu Bracelet","Letter Opener","Gremlin Horn","Red Mask"],"potions_floor_usage":[7,16,24],"damage_taken":[{"damage":1.0,"enemies":"Cultist","floor":1.0,"turns":3.0},{"damage":2.0,"enemies":"Jaw Worm","floor":2.0,"turns":3.0},{"damage":1.0,"enemies":"2 Louse","floor":5.0,"turns":3.0},{"damage":15,"enemies":"3 Sentries","floor":7,"turns":5},{"damage":4,"enemies":"Lagavulin","floor":10,"turns":8},{"damage":20,"enemies":"3 Sentries","floor":13,"turns":6},{"damage":11,"enemies":"Hexaghost","floor":16,"turns":9},{"damage":39,"enemies":"2 Thieves","floor":18,"turns":4},{"damage":2,"enemies":"Chosen","floor":21,"turns":4},{"damage":44,"enemies":"Slavers","floor":24,"turns":6},{"damage":2,"enemies":"Masked Bandits","floor":29,"turns":5},{"damage":27,"enemies":"Snake Plant","floor":31,"turns":4},{"damage":32,"enemies":"Collector","floor":33,"turns":6}],"seed_played":"-3544664783419880899","potions_obtained":[{"floor":1.0,"key":"FocusPotion"},{"floor":13,"key":"Dexterity Potion"},{"floor":18,"key":"SkillPotion"},{"floor":24,"key":"Energy Potion"}],"is_trial":false,"path_per_floor":["M","M","?","$","M","R","E","R","T","E","?","R","E","?","R","B",null,"M","?","?","M","?","R","E","?","T","?","R","?","R","M","R","B"],"character_chosen":"DEFECT","items_purchased":["Gash"],"campfire_rested":3,"item_purchase_floors":[4],"current_hp_per_floor":[67,65,47,47,46,46,31,53,53,49,42,42,22,46,46,35,70,31,31,31,29,29,53,14,14,25,25,25,28,28,6,19,0],"gold":467,"neow_bonus":"UPGRADE_CARD","is_prod":false,"is_daily":false,"chose_seed":false,"campfire_upgraded":5,"win_rate":0,"timestamp":1543347235,"path_taken":["M","M","?","$","M","R","E","R","T","E","?","R","E","?","R","BOSS","M","?","?","M","?","R","E","?","T","?","R","?","R","M","R","BOSS"],"build_version":"2018-11-15","purchased_purges":1,"victory":false,"max_hp_per_floor":[75,75,75,75,75,75,75,75,75,75,75,75,75,81,81,81,81,81,81,81,81,81,81,81,40,46,46,46,46,46,46,46,46],"card_choices":[{"not_picked":["FTL","Barrage"],"picked":"Auto Shields","floor":1.0},{"not_picked":["Stack","Rebound"],"picked":"Lockon","floor":2.0},{"not_picked":["Steam Power","Steam"],"picked":"Ball Lightning","floor":5.0},{"not_picked":["Turbo","Compile Driver"],"picked":"Glacier","floor":7},{"not_picked":["Buffer","Leap"],"picked":"Capacitor","floor":10},{"not_picked":["Sunder","Stack"],"picked":"Gash","floor":13},{"not_picked":["Fission","Hyperbeam"],"picked":"Meteor Strike","floor":16},{"not_picked":["Steam Power","Skim+1"],"picked":"Sunder","floor":18},{"not_picked":["BootSequence+1","Self Repair"],"picked":"Defragment","floor":21},{"not_picked":["Compile Driver","Chaos"],"picked":"Coolheaded","floor":24},{"not_picked":["Ball Lightning","Capacitor"],"picked":"Darkness+1","floor":29},{"not_picked":["Darkness","Chill+1"],"picked":"Defragment","floor":31}],"player_experience":571962,"relics_obtained":[{"floor":7,"key":"Happy Flower"},{"floor":9,"key":"Cables"},{"floor":10,"key":"Ancient Tea Set"},{"floor":13,"key":"Turnip"},{"floor":24,"key":"Letter Opener"},{"floor":26,"key":"Gremlin Horn"},{"floor":29,"key":"Red Mask"}],"event_choices":[{"damage_healed":0.0,"max_hp_gain":0.0,"max_hp_loss":0.0,"gold_gain":0.0,"event_name":"Golden Idol","player_choice":"Take Damage","floor":3.0,"gold_loss":0.0,"damage_taken":18.0,"relics_obtained":["Golden Idol"]},{"damage_healed":0,"gold_gain":0,"player_choice":"Success","damage_taken":7,"relics_obtained":["Darkstone Periapt"],"max_hp_gain":0,"max_hp_loss":0,"event_name":"Scrap Ooze","floor":11,"gold_loss":0},{"damage_healed":18,"gold_gain":0,"player_choice":"Healed and dodged fight","damage_taken":0,"max_hp_gain":0,"max_hp_loss":0,"event_name":"Mushrooms","floor":14,"gold_loss":0,"cards_obtained":["Parasite"]},{"damage_healed":0,"gold_gain":99,"player_choice":"Stole From Cult","damage_taken":0,"max_hp_gain":0,"max_hp_loss":0,"event_name":"Nest","floor":19,"gold_loss":0},{"damage_healed":0,"gold_gain":0,"player_choice":"Paid Gold","damage_taken":0,"relics_obtained":["Juzu Bracelet"],"max_hp_gain":0,"max_hp_loss":0,"event_name":"WeMeetAgain","floor":20,"gold_loss":146},{"damage_healed":0,"gold_gain":0,"player_choice":"Gave Idol","damage_taken":0,"relics_obtained":["Bloody Idol"],"max_hp_gain":0,"max_hp_loss":0,"event_name":"Forgotten Altar","floor":22,"relics_lost":["Golden Idol"],"gold_loss":0},{"damage_healed":0,"gold_gain":0,"player_choice":"Became a Ghost","damage_taken":0,"max_hp_gain":0,"max_hp_loss":41,"event_name":"Ghosts","floor":25,"gold_loss":0,"cards_obtained":["Ghostly","Ghostly","Ghostly","Ghostly","Ghostly"]},{"damage_healed":0,"gold_gain":0,"player_choice":"Ignored","damage_taken":0,"max_hp_gain":0,"max_hp_loss":0,"event_name":"Vampires","floor":27,"gold_loss":0},{"damage_healed":0,"gold_gain":0,"player_choice":"Fought Bandits","damage_taken":0,"max_hp_gain":0,"max_hp_loss":0,"event_name":"Masked Bandits","floor":29,"gold_loss":0}],"is_beta":false,"boss_relics":[{"not_picked":["Calling Bell","Fusion Hammer"],"picked":"Cursed Key"}],"items_purged_floors":[4],"is_endless":false,"potions_floor_spawned":[1,13,18,24],"killed_by":"Collector","ascension_level":8}