{"gold_per_floor":[111,186,186,201,216,216,235,245,245,88,88,104,104],"floor_reached":13,"playtime":919,"items_purged":["Strike_B"],"score":77,"play_id":"c465bded-306d-4850-8261-a83d09fb34b1","local_time":"20181022205152","is_ascension_mode":false,"campfire_choices":[{"data":"Loop","floor":6,"key":"SMITH"},{"data":"Redo","floor":11,"key":"SMITH"}],"neow_cost":"NONE","seed_source_timestamp":940782444420533,"circlet_count":0,"master_deck":["Strike_B","Strike_B","Defend_B","Defend_B","Defend_B","Defend_B","Zap+1","Dualcast","Machine Learning+1","Barrage","Conserve Battery","Loop+1","FTL","Redo+1","FTL","Genetic Algorithm"],"relics":["Cracked Core","Dodecahedron"],"potions_floor_usage":[13,13],"damage_taken":[{"damage":11,"enemies":"Small Slimes","floor":1,"turns":3},{"damage":6,"enemies":"Jaw Worm","floor":4,"turns":3},{"damage":0,"enemies":"2 Louse","floor":5,"turns":2},{"damage":5,"enemies":"Looter","floor":7,"turns":3},{"damage":1,"enemies":"2 Fungi Beasts","floor":8,"turns":3},{"damage":16,"enemies":"Gremlin Gang","floor":12,"turns":5},{"damage":13,"enemies":"3 Sentries","floor":13,"turns":2}],"seed_played":"-2412454254356763960","potions_obtained":[{"floor":1,"key":"LiquidBronze"},{"floor":12,"key":"Poison Potion"}],"is_trial":false,"path_per_floor":["M","?","?","M","M","R","M","M","T","$","R","M"],"character_chosen":"DEFECT","items_purchased":["FTL"],"campfire_rested":0,"item_purchase_floors":[10],"current_hp_per_floor":[64,53,38,32,32,32,27,26,26,26,26,10,0],"gold":104,"neow_bonus":"TRANSFORM_CARD","is_prod":false,"is_daily":false,"chose_seed":false,"campfire_upgraded":2,"win_rate":0.0,"timestamp":1540255912,"path_taken":["M","?","?","M","M","R","M","M","T","$","R","M","E"],"build_version":"2018-10-18","purchased_purges":1,"victory":false,"max_hp_per_floor":[75,75,75,75,75,75,75,75,75,75,75,75,75],"card_choices":[{"not_picked":["Hologram","Stack"],"picked":"Barrage","floor":1},{"not_picked":["Rip and Tear","Go for the Eyes"],"picked":"Conserve Battery","floor":4},{"not_picked":["Sweeping Beam","Static Discharge"],"picked":"Loop","floor":5},{"not_picked":["Coolheaded","Echo Form"],"picked":"FTL","floor":7},{"not_picked":["Compile Driver","Chill"],"picked":"Redo","floor":8},{"not_picked":["Darkness","Hologram"],"picked":"Genetic Algorithm","floor":12}],"player_experience":24364,"relics_obtained":[{"floor":9,"key":"Dodecahedron"}],"event_choices":[{"damage_healed":0,"gold_gain":75,"player_choice":"Gather Gold","damage_taken":11,"max_hp_gain":0,"max_hp_loss":0,"event_name":"World of Goop","floor":2,"gold_loss":0},{"damage_healed":0,"gold_gain":0,"player_choice":"Entered Light","damage_taken":15,"max_hp_gain":0,"max_hp_loss":0,"event_name":"Shining Light","floor":3,"gold_loss":0,"cards_upgraded":["Zap","Machine Learning"]}],"is_beta":false,"boss_relics":[],"items_purged_floors":[10],"is_endless":false,"potions_floor_spawned":[1,12],"killed_by":"3 Sentries","ascension_level":0}