{"gold_per_floor":[115,129,129,139,159,190,212,212,238,238,163,163,163,174,174,272,272,292,292,292,311,326,326,339,339,339,339,339,392,392,418,418,517,517,530,6,6,6,6,6,24,24,100,110,110,121,140,154,154,154],"floor_reached":51,"playtime":2458,"items_purged":["Strike_B"],"score":752,"play_id":"a0be1076-2d61-41d4-bf36-e03a3ef8cfbc","local_time":"20190125030832","is_ascension_mode":true,"campfire_choices":[{"data":"Zap","floor":8,"key":"SMITH"},{"data":"Dualcast","floor":10,"key":"SMITH"},{"floor":13,"key":"REST"},{"data":"Redo","floor":15,"key":"SMITH"},{"floor":23,"key":"REST"},{"floor":25,"key":"REST"},{"data":"Static Discharge","floor":27,"key":"SMITH"},{"floor":32,"key":"REST"},{"data":"Defragment","floor":40,"key":"SMITH"},{"data":"Machine Learning","floor":42,"key":"SMITH"},{"floor":45,"key":"REST"},{"floor":49,"key":"REST"}],"neow_cost":"NONE","seed_source_timestamp":1096013789283,"circlet_count":0,"master_deck":["Strike_B","Strike_B","Strike_B","Defend_B","Defend_B+1","Defend_B+1","Defend_B","Zap+1","Dualcast+1","Steam","Redo+1","Redo+1","Conserve Battery","Ball Lightning","Steam","Static Discharge+1","Capacitor+1","Steam Power+1","FTL","Auto Shields","Leap","Machine Learning+1","Go for the Eyes+1","Defragment+1","Madness","Madness","Blood for Blood+1","Jack Of All Trades","Enlightenment"],"relics":["Cracked Core","NeowsBlessing","Orichalcum","Odd Mushroom","Potion Belt","Eternal Feather","DataDisk","MutagenicStrength","Bag of Preparation","Strawberry","Lizard Tail","Letter Opener","PrismaticShard","The Courier","Mercury Hourglass","Pear"],"potions_floor_usage":[7,7,16,22,22,24,24,46,48,50],"damage_taken":[{"damage":0,"enemies":"2 Louse","floor":1,"turns":1},{"damage":0,"enemies":"Jaw Worm","floor":2,"turns":1},{"damage":0,"enemies":"Small Slimes","floor":4,"turns":1},{"damage":4,"enemies":"Red Slaver","floor":5,"turns":4},{"damage":18,"enemies":"Lagavulin","floor":6,"turns":7},{"damage":19,"enemies":"The Mushroom Lair","floor":7,"turns":4},{"damage":0,"enemies":"3 Louse","floor":14,"turns":3},{"damage":31,"enemies":"Slime Boss","floor":16,"turns":9},{"damage":12,"enemies":"Spheric Guardian","floor":18,"turns":4},{"damage":10,"enemies":"3 Byrds","floor":21,"turns":4},{"damage":9,"enemies":"Snake Plant","floor":22,"turns":3},{"damage":56,"enemies":"Snecko","floor":24,"turns":8},{"damage":1,"enemies":"Colosseum Slavers","floor":30,"turns":4},{"damage":28,"enemies":"Book of Stabbing","floor":31,"turns":5},{"damage":78,"enemies":"Automaton","floor":33,"turns":9},{"damage":2,"enemies":"Orb Walker","floor":35,"turns":4},{"damage":18,"enemies":"3 Darklings","floor":41,"turns":5},{"damage":67,"enemies":"Transient","floor":44,"turns":5},{"damage":10,"enemies":"Jaw Worm Horde","floor":46,"turns":4},{"damage":25,"enemies":"3 Darklings","floor":47,"turns":3},{"damage":19,"enemies":"Spire Growth","floor":48,"turns":5},{"damage":103,"enemies":"Awakened One","floor":50,"turns":12}],"seed_played":"6097590188144310315","potions_obtained":[{"floor":5,"key":"LiquidBronze"},{"floor":6,"key":"Dexterity Potion"},{"floor":7,"key":"SpeedPotion"},{"floor":14,"key":"SteroidPotion"},{"floor":18,"key":"Poison Potion"},{"floor":21,"key":"Regen Potion"},{"floor":22,"key":"SkillPotion"},{"floor":33,"key":"Dexterity Potion"},{"floor":35,"key":"Strength Potion"},{"floor":44,"key":"Fire Potion"},{"floor":47,"key":"PowerPotion"}],"is_trial":false,"path_per_floor":["M","M","?","M","M","E","?","R","T","R","$","?","R","M","R","B",null,"M","?","?","M","M","R","M","R","T","R","?","T","?","E","R","B",null,"M","$","?","T","?","R","M","R","T","M","R","M","M","M","R","B",null],"character_chosen":"DEFECT","items_purchased":["Defragment","Letter Opener","PrismaticShard"],"campfire_rested":6,"item_purchase_floors":[36,36,36],"current_hp_per_floor":[75,75,60,60,56,38,19,19,19,19,19,19,41,41,41,10,75,63,63,49,39,42,75,19,55,55,67,67,67,66,45,83,5,87,85,85,74,74,74,87,69,84,94,27,71,61,36,17,61,25],"gold":154,"neow_bonus":"THREE_ENEMY_KILL","is_prod":false,"is_daily":false,"chose_seed":false,"campfire_upgraded":6,"win_rate":0,"timestamp":1548353312,"path_taken":["M","M","?","M","M","E","?","R","T","R","$","?","R","M","R","BOSS","M","?","?","M","M","R","M","R","T","R","?","?","?","E","R","BOSS","M","$","?","?","?","R","M","R","T","M","R","M","?","M","R","BOSS"],"build_version":"2019-01-23","purchased_purges":1,"victory":true,"max_hp_per_floor":[75,75,75,75,75,75,75,75,75,75,75,75,75,75,75,75,75,75,75,80,80,80,80,80,80,80,80,80,80,80,87,87,87,87,87,87,87,87,87,87,87,87,97,97,97,97,97,97,97,97],"card_choices":[{"not_picked":["Cold Snap","Stack"],"picked":"Steam","floor":1},{"not_picked":["Steam","Streamline"],"picked":"Redo","floor":2},{"not_picked":["Rebound","Streamline"],"picked":"Redo","floor":4},{"not_picked":["Go for the Eyes","Sunder"],"picked":"Conserve Battery","floor":5},{"not_picked":["Sunder","Steam"],"picked":"Ball Lightning","floor":6},{"not_picked":["Reinforced Body","Amplify"],"picked":"Steam","floor":7},{"not_picked":["Barrage","Tempest"],"picked":"Static Discharge","floor":14},{"not_picked":["Storm+1","Streamline"],"picked":"Capacitor+1","floor":18},{"not_picked":["Capacitor","Beam Cell"],"picked":"Steam Power+1","floor":21},{"not_picked":["Fusion","Gash"],"picked":"FTL","floor":22},{"not_picked":["Recycle+1","Reprogram"],"picked":"Auto Shields","floor":24},{"not_picked":["Steam","Rip and Tear+1"],"picked":"Leap","floor":31},{"not_picked":["Creative AI","Meteor Strike"],"picked":"Machine Learning","floor":33},{"not_picked":["Ball Lightning+1","Conserve Battery+1"],"picked":"Go for the Eyes+1","floor":35},{"not_picked":["Flechettes+1","Clothesline+1"],"picked":"Blood for Blood+1","floor":41},{"not_picked":["Dagger Throw","Havoc"],"picked":"Jack Of All Trades","floor":44},{"not_picked":["Loop","Cloak And Dagger","Flame Barrier+1"],"picked":"SKIP","floor":46},{"not_picked":["Havoc+1","Flash of Steel+1"],"picked":"Enlightenment","floor":47},{"not_picked":["Sword Boomerang","Cloak And Dagger","Iron Wave+1"],"picked":"SKIP","floor":48}],"player_experience":168355,"relics_obtained":[{"floor":6,"key":"Orichalcum"},{"floor":7,"key":"Odd Mushroom"},{"floor":9,"key":"Potion Belt"},{"floor":26,"key":"DataDisk"},{"floor":29,"key":"Bag of Preparation"},{"floor":31,"key":"Strawberry"},{"floor":38,"key":"The Courier"},{"floor":43,"key":"Pear"}],"event_choices":[{"damage_healed":0,"gold_gain":0,"player_choice":"Entered Light","damage_taken":15,"max_hp_gain":0,"max_hp_loss":0,"event_name":"Shining Light","floor":3,"gold_loss":0,"cards_upgraded":["Defend_B","Defend_B"]},{"damage_healed":0,"gold_gain":0,"player_choice":"Fought Mushrooms","damage_taken":0,"max_hp_gain":0,"max_hp_loss":0,"event_name":"Mushrooms","floor":7,"gold_loss":0},{"damage_healed":0,"gold_gain":0,"player_choice":"Upgraded","damage_taken":0,"max_hp_gain":0,"max_hp_loss":0,"event_name":"Upgrade Shrine","floor":12,"gold_loss":0,"cards_upgraded":["Redo"]},{"damage_healed":0,"gold_gain":0,"player_choice":"Ignored","damage_taken":0,"max_hp_gain":0,"max_hp_loss":0,"event_name":"Vampires","floor":19,"gold_loss":0},{"damage_healed":0,"gold_gain":0,"player_choice":"Shed Blood","damage_taken":19,"max_hp_gain":5,"max_hp_loss":0,"event_name":"Forgotten Altar","floor":20,"gold_loss":0},{"damage_healed":0,"gold_gain":0,"player_choice":"Inject Mutagens","damage_taken":0,"relics_obtained":["MutagenicStrength"],"max_hp_gain":0,"max_hp_loss":0,"event_name":"Drug Dealer","floor":28,"gold_loss":0},{"damage_healed":0,"gold_gain":0,"player_choice":"Fight","damage_taken":0,"max_hp_gain":0,"max_hp_loss":0,"event_name":"Colosseum","floor":30,"gold_loss":0},{"damage_healed":0,"gold_gain":0,"player_choice":"Fled From Nobs","damage_taken":0,"max_hp_gain":0,"max_hp_loss":0,"event_name":"Colosseum","floor":30,"gold_loss":0},{"damage_healed":0,"gold_gain":0,"player_choice":"Embrace Madness","damage_taken":11,"max_hp_gain":0,"max_hp_loss":0,"event_name":"Winding Halls","floor":37,"gold_loss":0,"cards_obtained":["Madness","Madness"]},{"damage_healed":0,"gold_gain":0,"player_choice":"Gave Potion","damage_taken":0,"relics_obtained":["Mercury Hourglass"],"max_hp_gain":0,"max_hp_loss":0,"event_name":"WeMeetAgain","floor":39,"gold_loss":0}],"is_beta":false,"boss_relics":[{"not_picked":["Coffee Dripper","Sozu"],"picked":"Eternal Feather"},{"not_picked":["Velvet Choker","Runic Dome"],"picked":"Lizard Tail"}],"items_purged_floors":[11],"is_endless":false,"potions_floor_spawned":[5,6,7,14,18,21,22,33,35,44,47],"ascension_level":2}