{"gold_per_floor":[113,71,71,82,145,175,175,194,270,284,284,302,302,318,318,397,397,417,467,442,459,509,509,535,554,554,604],"floor_reached":27,"playtime":1754,"items_purged":[],"score":448,"play_id":"be95c790-12f8-4730-865f-8da726e27ecb","local_time":"20181213070320","is_ascension_mode":true,"campfire_choices":[{"data":"Zap","floor":7.0,"key":"SMITH"},{"data":"Streamline","floor":11.0,"key":"SMITH"},{"data":"Conserve Battery","floor":13.0,"key":"SMITH"},{"floor":15.0,"key":"REST"},{"floor":23.0,"key":"REST"}],"neow_cost":"NONE","seed_source_timestamp":0,"circlet_count":0,"master_deck":["AscendersBane","Strike_B","Strike_B","Strike_B","Defend_B","Defend_B","Defend_B","Defend_B","Zap+1","Dualcast","Gash","Glacier","Cold Snap","Streamline+1","FTL","Conserve Battery+1","Sweeping Beam","Electrodynamics","Recycle","Loop","Ball Lightning","Steam"],"special_seed":0,"relics":["Cracked Core","NeowsBlessing","SsserpentHead","Mango","Kunai","Runic Pyramid","Oddly Smooth Stone","Bottled Tornado"],"potions_floor_usage":[],"damage_taken":[{"damage":0.0,"enemies":"Small Slimes","floor":1.0,"turns":1.0},{"damage":0.0,"enemies":"Cultist","floor":4.0,"turns":1.0},{"damage":0.0,"enemies":"2 Louse","floor":5.0,"turns":1.0},{"damage":33.0,"enemies":"Lagavulin","floor":6.0,"turns":9.0},{"damage":11.0,"enemies":"Looter","floor":8.0,"turns":3.0},{"damage":0.0,"enemies":"3 Louse","floor":10.0,"turns":3.0},{"damage":6.0,"enemies":"Exordium Wildlife","floor":12.0,"turns":6.0},{"damage":3.0,"enemies":"Blue Slaver","floor":14.0,"turns":4.0},{"damage":38.0,"enemies":"Slime Boss","floor":16.0,"turns":12.0},{"damage":0.0,"enemies":"Spheric Guardian","floor":18.0,"turns":3.0},{"damage":9.0,"enemies":"Chosen","floor":21.0,"turns":6.0},{"damage":31.0,"enemies":"Gremlin Leader","floor":24.0,"turns":7.0},{"damage":22.0,"enemies":"Snake Plant","floor":25.0,"turns":4.0},{"damage":12,"enemies":"Cultist and Chosen","floor":27,"turns":4}],"seed_played":"2246553389762184443","potions_obtained":[{"floor":4.0,"key":"Swift Potion"},{"floor":6.0,"key":"FocusPotion"},{"floor":16.0,"key":"FearPotion"}],"is_trial":false,"path_per_floor":["M","$","?","M","M","E","R","M","T","M","R","M","R","M","R","B",null,"M","?","?","M","?","R","E","M","T","M"],"character_chosen":"DEFECT","items_purchased":["Glacier"],"campfire_rested":2,"item_purchase_floors":[2],"current_hp_per_floor":[64,64,64,64,64,45,45,34,34,34,34,28,28,25,50,12,67,67,67,67,58,33,60,29,7,7,0],"gold":604,"neow_bonus":"THREE_ENEMY_KILL","is_prod":false,"is_daily":false,"chose_seed":false,"campfire_upgraded":3,"win_rate":0,"timestamp":1544702600,"path_taken":["M","$","?","M","?","E","R","M","T","M","R","M","R","M","R","BOSS","M","?","?","M","?","R","E","M","T","?"],"build_version":"2018-12-06","purchased_purges":0,"victory":false,"max_hp_per_floor":[71,71,71,71,71,85,85,85,85,85,85,85,85,85,85,85,85,85,85,85,85,90,90,90,90,90,90],"card_choices":[{"not_picked":["Barrage","Aggregate"],"picked":"Gash","floor":1.0},{"not_picked":["Melter","Cold Snap","Fusion"],"picked":"SKIP","floor":4.0},{"not_picked":["Melter","Fusion"],"picked":"Cold Snap","floor":4.0},{"not_picked":["Beam Cell","Conserve Battery"],"picked":"Streamline","floor":5.0},{"not_picked":["Turbo","Leap"],"picked":"FTL","floor":6.0},{"not_picked":["Ball Lightning","Stack"],"picked":"Conserve Battery","floor":8.0},{"not_picked":["Conserve Battery","Leap"],"picked":"Sweeping Beam","floor":10.0},{"not_picked":["Cold Snap","Streamline","Barrage"],"picked":"SKIP","floor":12.0},{"not_picked":["Hello World","Streamline","Stack"],"picked":"SKIP","floor":14.0},{"not_picked":["Reboot","Multi-Cast"],"picked":"Electrodynamics","floor":16.0},{"not_picked":["Steam","Cold Snap"],"picked":"Recycle","floor":18.0},{"not_picked":["Leap","White Noise"],"picked":"Loop","floor":21.0},{"not_picked":["Sunder","Storm"],"picked":"Ball Lightning","floor":24.0},{"not_picked":["Redo","Streamline"],"picked":"Steam","floor":25.0}],"player_experience":779555,"relics_obtained":[{"floor":6.0,"key":"Mango"},{"floor":9.0,"key":"Kunai"},{"floor":24.0,"key":"Oddly Smooth Stone"},{"floor":26.0,"key":"Bottled Tornado"}],"event_choices":[{"damage_healed":0.0,"max_hp_gain":0.0,"max_hp_loss":0.0,"gold_gain":0.0,"event_name":"FaceTrader","player_choice":"Trade","floor":3.0,"gold_loss":0.0,"damage_taken":0.0,"relics_obtained":["SsserpentHead"]},{"damage_healed":0.0,"max_hp_gain":0.0,"max_hp_loss":0.0,"gold_gain":0.0,"event_name":"Ghosts","player_choice":"Ignored","floor":19.0,"gold_loss":0.0,"damage_taken":0.0},{"cards_removed":["Strike_B"],"damage_healed":0.0,"max_hp_gain":0.0,"max_hp_loss":0.0,"gold_gain":0.0,"event_name":"Beggar","player_choice":"Gave Gold","floor":20.0,"gold_loss":75.0,"damage_taken":0.0},{"damage_healed":0.0,"max_hp_gain":5.0,"max_hp_loss":0.0,"gold_gain":0.0,"event_name":"Forgotten Altar","player_choice":"Shed Blood","floor":22.0,"gold_loss":0.0,"damage_taken":30.0}],"is_beta":false,"boss_relics":[{"not_picked":["White Beast Statue","Velvet Choker"],"picked":"Runic Pyramid"}],"items_purged_floors":[],"is_endless":false,"potions_floor_spawned":[4,6,8,16,21],"killed_by":"Cultist and Chosen","ascension_level":16}