{"gold_per_floor":[111,111,61,35,51,78,78,95,95,107,107,107,107,122,122,224,224,236,17,17,17,17,42,42,42,42,42,73,73,73,84,84,187,187,205,224,224,224,73,73,73],"floor_reached":41,"playtime":2440,"items_purged":["Strike_B","Strike_B+1"],"score":553,"play_id":"37c68cc2-797f-4a06-b0f1-85eeac3c3e0a","local_time":"20181121183355","is_ascension_mode":true,"campfire_choices":[{"floor":7.0,"key":"REST"},{"floor":11.0,"key":"REST"},{"data":"Echo Form","floor":13.0,"key":"SMITH"},{"floor":15.0,"key":"REST"},{"data":"Streamline","floor":24,"key":"SMITH"},{"floor":27,"key":"RECALL"},{"floor":32,"key":"REST"},{"floor":40,"key":"REST"}],"neow_cost":"NONE","seed_source_timestamp":0,"circlet_count":0,"master_deck":["Strike_B+1","Defend_B+1","Defend_B+1","Defend_B+1","Defend_B+1","Zap","Dualcast","Leap","Gash","Streamline+1","Echo Form+1","Conserve Battery","Glacier+1","Conserve Battery","Machine Learning","Gash+1","Fusion+1","Defragment","Dark Shackles","Coolheaded","Tempest+1","Cold Snap+1","Redo+1","Sunder+1"],"special_seed":0,"relics":["FrozenCore","Omamori","Bottled Lightning","Ginger","Nuclear Battery","Juzu Bracelet","Matryoshka","War Paint","Lantern","Dream Catcher"],"potions_floor_usage":[28,30,38,41],"damage_taken":[{"damage":22.0,"enemies":"Small Slimes","floor":1.0,"turns":3.0},{"damage":0.0,"enemies":"2 Louse","floor":5.0,"turns":2.0},{"damage":39.0,"enemies":"Gremlin Nob","floor":6.0,"turns":4.0},{"damage":12.0,"enemies":"Jaw Worm","floor":8.0,"turns":2.0},{"damage":11.0,"enemies":"Exordium Thugs","floor":10.0,"turns":4.0},{"damage":0.0,"enemies":"Blue Slaver","floor":14.0,"turns":4.0},{"damage":37.0,"enemies":"Hexaghost","floor":16.0,"turns":16.0},{"damage":14.0,"enemies":"Shell Parasite","floor":18.0,"turns":7.0},{"damage":13,"enemies":"Gremlin Leader","floor":23,"turns":10},{"damage":41,"enemies":"Slavers","floor":28,"turns":7},{"damage":5,"enemies":"Colosseum Slavers","floor":30,"turns":2},{"damage":0,"enemies":"Spheric Guardian","floor":31,"turns":4},{"damage":41,"enemies":"Collector","floor":33,"turns":13},{"damage":26,"enemies":"3 Darklings","floor":35,"turns":4},{"damage":4,"enemies":"Orb Walker","floor":36,"turns":7},{"damage":0,"enemies":"Transient","floor":38,"turns":1},{"damage":65,"enemies":"Reptomancer","floor":41,"turns":6}],"seed_played":"4436094225403597704","potions_obtained":[{"floor":5.0,"key":"LiquidBronze"},{"floor":6.0,"key":"SmokeBomb"},{"floor":23,"key":"LiquidBronze"},{"floor":28,"key":"SmokeBomb"}],"is_trial":false,"path_per_floor":["M","?","?","$","M","E","R","M","T","M","R","?","R","M","R","B",null,"M","$","?","?","?","E","R","?","T","R","E","?","?","M","R","B",null,"M","M","?","M","$","R","E"],"character_chosen":"DEFECT","items_purchased":["Gash","Juzu Bracelet","SpeedPotion"],"campfire_rested":5,"item_purchase_floors":[4,19,39],"current_hp_per_floor":[46,51,51,51,51,12,36,24,24,13,37,37,37,37,61,24,66,52,52,52,52,52,39,39,65,65,65,24,24,19,19,43,2,61,35,31,31,31,31,55,0],"gold":73,"neow_bonus":"RANDOM_COMMON_RELIC","is_prod":false,"is_daily":false,"chose_seed":false,"campfire_upgraded":2,"win_rate":0,"timestamp":1542843235,"path_taken":["M","?","?","?","M","E","R","?","T","M","R","?","R","M","R","BOSS","M","$","?","?","?","E","R","?","T","R","E","?","?","M","R","BOSS","M","M","?","M","$","R","E"],"build_version":"2018-11-15","purchased_purges":2,"victory":false,"max_hp_per_floor":[75,80,80,80,80,80,80,80,80,80,80,80,80,80,80,80,80,80,80,80,80,80,80,80,80,80,80,80,80,80,80,80,80,80,80,80,80,80,80,80,80],"card_choices":[{"not_picked":["Beam Cell","Turbo"],"picked":"Leap","floor":1.0},{"not_picked":["Steam Power","Leap"],"picked":"Streamline","floor":5.0},{"not_picked":["Melter","Redo"],"picked":"Echo Form","floor":6.0},{"not_picked":["Rebound","Compile Driver"],"picked":"Conserve Battery","floor":8.0},{"not_picked":["Cold Snap","Ball Lightning"],"picked":"Glacier","floor":10.0},{"not_picked":["Rip and Tear","Sweeping Beam"],"picked":"Conserve Battery","floor":14.0},{"not_picked":["Reboot","Multi-Cast"],"picked":"Machine Learning","floor":16.0},{"not_picked":["Hologram","Leap"],"picked":"Gash+1","floor":18.0},{"not_picked":["Loop+1","Lockon"],"picked":"Fusion","floor":23},{"not_picked":["Force Field","Doom and Gloom"],"picked":"Defragment","floor":28},{"not_picked":["Darkness","Barrage"],"picked":"Coolheaded","floor":31},{"not_picked":["Aggregate","Skim"],"picked":"Tempest+1","floor":32},{"not_picked":["Rebound+1","Turbo+1"],"picked":"Cold Snap+1","floor":35},{"not_picked":["Turbo","Coolheaded"],"picked":"Redo+1","floor":36},{"not_picked":["Conserve Battery+1","Rebound+1"],"picked":"Sunder+1","floor":40}],"player_experience":421089,"relics_obtained":[{"floor":6.0,"key":"Bottled Lightning"},{"floor":9.0,"key":"Ginger"},{"floor":23,"key":"War Paint"},{"floor":26,"key":"Lantern"},{"floor":28,"key":"Dream Catcher"}],"event_choices":[{"damage_healed":0.0,"max_hp_gain":5.0,"max_hp_loss":0.0,"gold_gain":0.0,"event_name":"Big Fish","player_choice":"Donut","floor":2.0,"gold_loss":0.0,"damage_taken":0.0},{"cards_removed":["Strike_B"],"damage_healed":0.0,"max_hp_gain":0.0,"max_hp_loss":0.0,"gold_gain":0.0,"event_name":"The Cleric","player_choice":"Card Removal","floor":3.0,"gold_loss":50.0,"damage_taken":0.0},{"damage_healed":0.0,"max_hp_gain":0.0,"max_hp_loss":0.0,"gold_gain":0.0,"event_name":"Golden Idol","player_choice":"Ignored","floor":12.0,"gold_loss":0.0,"damage_taken":0.0},{"damage_healed":0.0,"max_hp_gain":0.0,"max_hp_loss":0.0,"gold_gain":0.0,"event_name":"Back to Basics","player_choice":"Simplicity","floor":20.0,"gold_loss":0.0,"damage_taken":0.0,"cards_upgraded":["Strike_B","Strike_B","Defend_B","Defend_B","Defend_B","Defend_B"]},{"damage_healed":0.0,"max_hp_gain":0.0,"max_hp_loss":0.0,"gold_gain":0.0,"event_name":"Vampires","player_choice":"Ignored","floor":21.0,"gold_loss":0.0,"damage_taken":0.0},{"damage_healed":0.0,"max_hp_gain":0.0,"max_hp_loss":0.0,"gold_gain":0.0,"event_name":"Addict","player_choice":"Stole Relic","floor":22.0,"gold_loss":0.0,"damage_taken":0.0,"relics_obtained":["Matryoshka"],"cards_obtained":["Shame"]},{"damage_healed":26,"gold_gain":0,"player_choice":"Heal","damage_taken":0,"max_hp_gain":0,"max_hp_loss":0,"event_name":"The Library","floor":25,"gold_loss":0},{"damage_healed":0,"gold_gain":0,"player_choice":"1 cards matched","damage_taken":0,"max_hp_gain":0,"max_hp_loss":0,"event_name":"Match and Keep!","floor":29,"gold_loss":0,"cards_obtained":["Dark Shackles"]},{"damage_healed":0,"gold_gain":0,"player_choice":"Fight","damage_taken":0,"max_hp_gain":0,"max_hp_loss":0,"event_name":"Colosseum","floor":30,"gold_loss":0},{"damage_healed":0,"gold_gain":0,"player_choice":"Fled From Nobs","damage_taken":0,"max_hp_gain":0,"max_hp_loss":0,"event_name":"Colosseum","floor":30,"gold_loss":0},{"damage_healed":0,"gold_gain":0,"player_choice":"Ignored","damage_taken":0,"max_hp_gain":0,"max_hp_loss":0,"event_name":"Tomb of Lord Red Mask","floor":37,"gold_loss":0}],"is_beta":false,"boss_relics":[{"not_picked":["Coffee Dripper","Snecko Eye"],"picked":"Nuclear Battery"},{"not_picked":["Pandora\u0027s Box","Tiny House"],"picked":"FrozenCore"}],"items_purged_floors":[19,39],"is_endless":false,"potions_floor_spawned":[5,6,23,28],"killed_by":"Reptomancer","ascension_level":6}