{"gold_per_floor":[111,111,111,111,76,76,91,56,56,56,87,87,125,139,139,267,267,267,3,3,3,3,3,3,3,3,3,3,3,3,3,3,3,3,3,3,3,3,3,3,3,3,3,3,3,3,3,3,3,3],"floor_reached":51,"playtime":3275,"items_purged":[],"score":1128,"play_id":"2a99f623-62b6-410a-a661-fa5b12fdc440","local_time":"20181202183400","is_ascension_mode":true,"campfire_choices":[{"data":"Zap","floor":6.0,"key":"SMITH"},{"data":"Loop","floor":10.0,"key":"SMITH"},{"data":"Glacier","floor":12.0,"key":"SMITH"},{"floor":15.0,"key":"REST"},{"data":"Coolheaded","floor":24.0,"key":"SMITH"},{"data":"Loop","floor":29.0,"key":"SMITH"},{"floor":32.0,"key":"REST"},{"data":"Defragment","floor":41,"key":"SMITH"},{"floor":47,"key":"REST"},{"floor":49,"key":"REST"}],"neow_cost":"NONE","seed_source_timestamp":0,"circlet_count":0,"master_deck":["Strike_B","Defend_B+1","Defend_B","Defend_B","Zap+1","Dualcast+1","Loop+1","FTL","FTL","Glacier+1","Hologram","Ball Lightning","Electrodynamics","Conserve Battery+1","Loop+1","FTL","Coolheaded+1","Streamline+1","Coolheaded","Defragment+1","Leap","All For One","Loop+1","Hologram+1","Tempest","Core Surge","Go for the Eyes","Hologram+1","Glacier+1","Capacitor+1"],"special_seed":0,"relics":["Cracked Core","Bloody Idol","Lantern","Vajra","Nunchaku","Ectoplasm","Anchor","Matryoshka","Pen Nib","Omamori","Nuclear Battery","Bottled Tornado","Blue Candle","Toxic Egg 2","Potion Belt","Boot"],"potions_floor_usage":[46,46],"damage_taken":[{"damage":1.0,"enemies":"Cultist","floor":1.0,"turns":3.0},{"damage":0.0,"enemies":"Small Slimes","floor":7.0,"turns":3.0},{"damage":12.0,"enemies":"Lagavulin","floor":11.0,"turns":6.0},{"damage":16.0,"enemies":"Gremlin Nob","floor":13.0,"turns":4.0},{"damage":3.0,"enemies":"2 Louse","floor":14.0,"turns":2.0},{"damage":22.0,"enemies":"Slime Boss","floor":16.0,"turns":9.0},{"damage":5.0,"enemies":"3 Byrds","floor":18.0,"turns":2.0},{"damage":6.0,"enemies":"Shell Parasite","floor":21.0,"turns":4.0},{"damage":19.0,"enemies":"Book of Stabbing","floor":23.0,"turns":7.0},{"damage":0.0,"enemies":"Snake Plant","floor":25.0,"turns":3.0},{"damage":8.0,"enemies":"Cultist and Chosen","floor":28.0,"turns":5.0},{"damage":16.0,"enemies":"Snecko","floor":30.0,"turns":4.0},{"damage":15.0,"enemies":"Champ","floor":33.0,"turns":11.0},{"damage":0.0,"enemies":"3 Shapes","floor":35.0,"turns":4.0},{"damage":13.0,"enemies":"3 Darklings","floor":36.0,"turns":4.0},{"damage":11,"enemies":"Spire Growth","floor":39,"turns":6},{"damage":6,"enemies":"Nemesis","floor":40,"turns":9},{"damage":0,"enemies":"Giant Head","floor":42,"turns":8},{"damage":0,"enemies":"Transient","floor":44,"turns":5},{"damage":0,"enemies":"Nemesis","floor":45,"turns":13},{"damage":34,"enemies":"Writhing Mass","floor":46,"turns":5},{"damage":8,"enemies":"Donu and Deca","floor":50,"turns":14}],"seed_played":"-2045245283685005219","potions_obtained":[{"floor":13.0,"key":"Weak Potion"},{"floor":14.0,"key":"Poison Potion"},{"floor":18.0,"key":"Poison Potion"},{"floor":30.0,"key":"Regen Potion"},{"floor":33.0,"key":"Explosive Potion"},{"floor":39,"key":"Dexterity Potion"},{"floor":40,"key":"Fire Potion"},{"floor":42,"key":"AttackPotion"},{"floor":45,"key":"Regen Potion"},{"floor":46,"key":"Explosive Potion"}],"is_trial":false,"path_per_floor":["M","?","?","?","?","R","M","$","T","R","E","R","E","M","R","B",null,"M","$","?","M","?","E","R","M","T","$","M","R","M","?","R","B",null,"M","M","?","?","M","E","R","E","T","M","E","M","R","$","R","B",null],"character_chosen":"DEFECT","items_purchased":["FTL","Anchor","Loop","FTL"],"campfire_rested":4,"item_purchase_floors":[8,19,19,19],"current_hp_per_floor":[74,54,38,31,51,51,51,51,51,51,39,39,23,20,44,22,67,62,62,62,56,56,37,37,37,37,37,29,29,13,13,37,37,71,71,58,58,58,47,41,41,41,41,41,41,16,40,40,64,56],"gold":3,"neow_bonus":"TEN_PERCENT_HP_BONUS","is_prod":false,"is_daily":false,"chose_seed":false,"campfire_upgraded":6,"win_rate":0,"timestamp":1543793640,"path_taken":["M","?","?","?","?","R","M","$","T","R","E","R","E","M","R","BOSS","M","$","?","M","?","E","R","?","T","$","M","R","M","?","R","BOSS","M","?","?","?","M","E","R","E","T","M","E","M","R","$","R","BOSS"],"build_version":"2018-11-15","purchased_purges":0,"victory":true,"max_hp_per_floor":[82,82,82,82,82,82,82,82,82,82,82,82,82,82,82,82,82,82,82,82,82,82,82,82,82,82,82,82,82,82,82,82,82,82,82,82,82,82,82,82,82,82,82,82,82,82,82,82,82,82],"card_choices":[{"not_picked":["Cold Snap","Skim"],"picked":"Loop","floor":1.0},{"not_picked":["Hologram","Aggregate"],"picked":"FTL","floor":7.0},{"not_picked":["Cold Snap","Hologram"],"picked":"Glacier","floor":11.0},{"not_picked":["Auto Shields","Rebound"],"picked":"Hologram","floor":13.0},{"not_picked":["Barrage","Recycle"],"picked":"Ball Lightning","floor":14.0},{"not_picked":["Meteor Strike","Fission"],"picked":"Electrodynamics","floor":16.0},{"not_picked":["Cold Snap","Stack"],"picked":"Conserve Battery+1","floor":18.0},{"not_picked":["Machine Learning","Turbo+1"],"picked":"Coolheaded","floor":21.0},{"not_picked":["Ball Lightning","Rebound"],"picked":"Streamline+1","floor":23.0},{"not_picked":["Gash+1","Ball Lightning","Melter+1"],"picked":"SKIP","floor":25.0},{"not_picked":["Sunder","Gash"],"picked":"Coolheaded","floor":28.0},{"not_picked":["Hologram","Auto Shields"],"picked":"Defragment","floor":30.0},{"not_picked":["Amplify","Meteor Strike"],"picked":"All For One","floor":33.0},{"not_picked":["Beam Cell","Stack+1"],"picked":"Loop+1","floor":35.0},{"not_picked":["Gash","Darkness+1"],"picked":"Hologram+1","floor":36.0},{"not_picked":["Darkness+1","Go for the Eyes"],"picked":"Tempest","floor":39},{"not_picked":["Rebound+1","BootSequence+1"],"picked":"Core Surge","floor":40},{"not_picked":["Melter","Cold Snap"],"picked":"Go for the Eyes","floor":42},{"not_picked":["Storm+1","Sunder"],"picked":"Hologram+1","floor":44},{"not_picked":["Reinforced Body+1","Heatsinks"],"picked":"Glacier+1","floor":45},{"not_picked":["Turbo+1","Leap+1"],"picked":"Capacitor+1","floor":46}],"player_experience":638038,"relics_obtained":[{"floor":9.0,"key":"Lantern"},{"floor":11.0,"key":"Vajra"},{"floor":13.0,"key":"Nunchaku"},{"floor":23.0,"key":"Matryoshka"},{"floor":26.0,"key":"Pen Nib"},{"floor":26.0,"key":"Omamori"},{"floor":40,"key":"Bottled Tornado"},{"floor":42,"key":"Blue Candle"},{"floor":43,"key":"Toxic Egg 2"},{"floor":43,"key":"Potion Belt"},{"floor":45,"key":"Boot"}],"event_choices":[{"damage_healed":0.0,"max_hp_gain":0.0,"max_hp_loss":0.0,"gold_gain":0.0,"event_name":"Golden Idol","player_choice":"Take Damage","floor":2.0,"gold_loss":0.0,"damage_taken":20.0,"relics_obtained":["Golden Idol"]},{"damage_healed":0.0,"max_hp_gain":0.0,"max_hp_loss":0.0,"gold_gain":0.0,"event_name":"Shining Light","player_choice":"Entered Light","floor":3.0,"gold_loss":0.0,"damage_taken":16.0,"cards_upgraded":["Defend_B","Dualcast"]},{"cards_removed":["Strike_B"],"damage_healed":0.0,"max_hp_gain":0.0,"max_hp_loss":0.0,"gold_gain":0.0,"event_name":"Golden Wing","player_choice":"Card Removal","floor":4.0,"gold_loss":0.0,"damage_taken":7.0},{"damage_healed":20.0,"max_hp_gain":0.0,"max_hp_loss":0.0,"gold_gain":0.0,"event_name":"The Cleric","player_choice":"Healed","floor":5.0,"gold_loss":35.0,"damage_taken":0.0},{"damage_healed":0.0,"max_hp_gain":0.0,"max_hp_loss":0.0,"gold_gain":0.0,"event_name":"Forgotten Altar","player_choice":"Gave Idol","floor":20.0,"relics_lost":["Golden Idol"],"gold_loss":0.0,"damage_taken":0.0,"relics_obtained":["Bloody Idol"]},{"cards_removed":["Strike_B"],"damage_healed":0.0,"max_hp_gain":0.0,"max_hp_loss":0.0,"gold_gain":0.0,"event_name":"Bonfire Elementals","player_choice":"Offered Basic","floor":22.0,"gold_loss":0.0,"damage_taken":0.0},{"damage_healed":0.0,"max_hp_gain":0.0,"max_hp_loss":0.0,"gold_gain":0.0,"cards_transformed":["Strike_B"],"event_name":"Transmorgrifier","player_choice":"Transformed","floor":31.0,"gold_loss":0.0,"damage_taken":0.0,"cards_obtained":["Leap"]},{"damage_healed":0,"gold_gain":0,"player_choice":"Ignored","damage_taken":0,"max_hp_gain":0,"max_hp_loss":0,"event_name":"Mysterious Sphere","floor":37,"gold_loss":0},{"cards_removed":["Defend_B"],"damage_healed":0,"gold_gain":0,"player_choice":"Removed Skill","damage_taken":0,"max_hp_gain":0,"max_hp_loss":0,"event_name":"Falling","floor":38,"gold_loss":0}],"is_beta":false,"boss_relics":[{"not_picked":["White Beast Statue","Philosopher\u0027s Stone"],"picked":"Ectoplasm"},{"not_picked":["Tiny House","Velvet Choker"],"picked":"Nuclear Battery"}],"items_purged_floors":[],"is_endless":false,"potions_floor_spawned":[13,14,18,30,33,39,40,42,45,46],"ascension_level":9}