{"gold_per_floor":[117,117,138,152,168,202,202,103,103,127,127],"floor_reached":11,"playtime":615,"items_purged":["Strike_B"],"score":75,"play_id":"e3f89cf7-1fda-49c0-ae6a-ed7667eedb8f","local_time":"20190109195707","is_ascension_mode":false,"campfire_choices":[{"data":"Zap","floor":7,"key":"SMITH"}],"neow_cost":"NONE","seed_source_timestamp":79371018762746,"circlet_count":0,"master_deck":["Strike_B","Strike_B","Strike_B","Defend_B","Defend_B","Defend_B","Defend_B","Zap+1","Dualcast","Steam Power","Glacier","Conserve Battery","Conserve Battery","Genetic Algorithm","Go for the Eyes"],"relics":["Cracked Core","Golden Idol","Pantograph","Pear"],"potions_floor_usage":[6],"damage_taken":[{"damage":5,"enemies":"Jaw Worm","floor":1,"turns":4},{"damage":8,"enemies":"Small Slimes","floor":3,"turns":3},{"damage":0,"enemies":"2 Louse","floor":4,"turns":3},{"damage":1,"enemies":"Red Slaver","floor":5,"turns":3},{"damage":23,"enemies":"Lagavulin","floor":6,"turns":8},{"damage":3,"enemies":"Exordium Thugs","floor":10,"turns":7},{"damage":5,"enemies":"Large Slime","floor":11,"turns":6}],"seed_played":"-51528369794417940","potions_obtained":[{"floor":3,"key":"AttackPotion"},{"floor":4,"key":"Ancient Potion"},{"floor":10,"key":"GamblersBrew"}],"is_trial":false,"path_per_floor":["M","?","M","M","M","E","R","$","T","M","M"],"character_chosen":"DEFECT","items_purchased":["Go for the Eyes"],"campfire_rested":0,"item_purchase_floors":[8],"current_hp_per_floor":[77,76,68,68,67,44,44,44,54,51,46],"gold":127,"neow_bonus":"TEN_PERCENT_HP_BONUS","is_prod":false,"is_daily":false,"chose_seed":false,"campfire_upgraded":1,"win_rate":0,"timestamp":1547031427,"path_taken":["M","?","M","M","M","E","R","$","T","M","M"],"build_version":"2019-01-03v4","purchased_purges":1,"victory":false,"max_hp_per_floor":[82,76,76,76,76,76,76,76,86,86,86],"card_choices":[{"not_picked":["Coolheaded","Tempest"],"picked":"Steam Power","floor":1},{"not_picked":["Fusion","Cold Snap"],"picked":"Glacier","floor":3},{"not_picked":["Double Energy","Static Discharge"],"picked":"Conserve Battery","floor":4},{"not_picked":["Ball Lightning","Sweeping Beam"],"picked":"Conserve Battery","floor":5},{"not_picked":["Compile Driver","Turbo"],"picked":"Genetic Algorithm","floor":6},{"not_picked":["Go for the Eyes","Chaos","Conserve Battery"],"picked":"SKIP","floor":10}],"player_experience":108033,"relics_obtained":[{"floor":6,"key":"Pantograph"},{"floor":9,"key":"Pear"}],"event_choices":[{"damage_healed":0,"gold_gain":0,"player_choice":"Lose Max HP","damage_taken":0,"relics_obtained":["Golden Idol"],"max_hp_gain":0,"max_hp_loss":6,"event_name":"Golden Idol","floor":2,"gold_loss":0}],"is_beta":false,"boss_relics":[],"items_purged_floors":[8],"is_endless":false,"potions_floor_spawned":[3,4,10],"killed_by":"Large Slime","ascension_level":0}