{"gold_per_floor":[117,133,10,10,10,10,46,67,91,91,106,146,159,13,13,144,144,167,167,592,517,536,536],"floor_reached":23,"playtime":1205,"items_purged":["Strike_B"],"score":244,"play_id":"01988b13-5c69-404a-9235-3e5d729e381a","local_time":"20190127214737","is_ascension_mode":true,"campfire_choices":[{"data":"Zap","floor":6,"key":"SMITH"},{"floor":10,"key":"REST"},{"data":"Dualcast","floor":15,"key":"SMITH"}],"neow_cost":"NONE","seed_source_timestamp":19390719269600,"circlet_count":0,"master_deck":["Defend_B","Defend_B","Defend_B","Zap+1","Dualcast+1","Capacitor","Consume","FTL","Defragment","Steam","Ball Lightning","Hologram","Buffer","Turbo","Coolheaded","All For One","Coolheaded","Cold Snap","Hologram","Chill","Turbo","Bite","Bite","Bite","Bite","Bite","White Noise+1"],"relics":["Cracked Core","Golden Idol","Boot","Art of War","Unceasing Top","Orrery","Old Coin","Bottled Flame"],"potions_floor_usage":[12,13,16,20,23],"damage_taken":[{"damage":1,"enemies":"Cultist","floor":1,"turns":4},{"damage":7,"enemies":"Jaw Worm","floor":2,"turns":3},{"damage":15,"enemies":"Lagavulin","floor":7,"turns":6},{"damage":0,"enemies":"2 Louse","floor":8,"turns":3},{"damage":7,"enemies":"Exordium Wildlife","floor":11,"turns":4},{"damage":8,"enemies":"3 Sentries","floor":12,"turns":4},{"damage":0,"enemies":"3 Louse","floor":13,"turns":1},{"damage":7,"enemies":"Hexaghost","floor":16,"turns":10},{"damage":4,"enemies":"Shell Parasite","floor":18,"turns":6},{"damage":14,"enemies":"Colosseum Slavers","floor":20,"turns":5},{"damage":14,"enemies":"Colosseum Nobs","floor":20,"turns":5},{"damage":1,"enemies":"Spheric Guardian","floor":22,"turns":3},{"damage":54,"enemies":"Slavers","floor":23,"turns":5}],"seed_played":"-6288562256809514156","potions_obtained":[{"floor":1,"key":"Explosive Potion"},{"floor":7,"key":"Weak Potion"},{"floor":11,"key":"Swift Potion"},{"floor":12,"key":"Explosive Potion"},{"floor":18,"key":"Fire Potion"},{"floor":20,"key":"Ancient Potion"}],"is_trial":false,"path_per_floor":["M","M","$","?","?","R","E","M","T","R","M","E","M","$","R","B",null,"M","?","?","?","M","E"],"character_chosen":"DEFECT","items_purchased":["Defragment","Steam","Turbo","Coolheaded"],"campfire_rested":1,"item_purchase_floors":[3,3,14,14],"current_hp_per_floor":[74,67,67,49,49,49,34,34,34,56,49,41,41,41,41,34,75,71,52,44,44,45,0],"gold":536,"neow_bonus":"TRANSFORM_CARD","is_prod":false,"is_daily":false,"chose_seed":false,"campfire_upgraded":2,"win_rate":0,"timestamp":1548596857,"path_taken":["M","?","$","?","?","R","E","M","T","R","M","E","M","$","R","BOSS","M","?","?","?","M","E"],"build_version":"2019-01-23","purchased_purges":1,"victory":false,"max_hp_per_floor":[75,75,75,75,75,75,75,75,75,75,75,75,75,75,75,75,75,75,52,52,52,52,52],"card_choices":[{"not_picked":["Streamline","Leap"],"picked":"Consume","floor":1},{"not_picked":["Cold Snap","Reprogram"],"picked":"FTL","floor":2},{"not_picked":["Aggregate","Consume","Stack"],"picked":"SKIP","floor":7},{"not_picked":["Hello World","Darkness"],"picked":"Ball Lightning","floor":8},{"not_picked":["Redo","Ball Lightning"],"picked":"Hologram","floor":11},{"not_picked":["Fusion","Stack","Rip and Tear"],"picked":"SKIP","floor":12},{"not_picked":["Hello World","Rebound"],"picked":"Buffer","floor":13},{"not_picked":["Hyperbeam","Biased Cognition"],"picked":"All For One","floor":16},{"not_picked":["Barrage","Redo"],"picked":"Coolheaded","floor":17},{"not_picked":["Aggregate","Rebound"],"picked":"Cold Snap","floor":17},{"not_picked":["Leap","Redo"],"picked":"Hologram","floor":17},{"not_picked":["Lockon","Recycle"],"picked":"Chill","floor":17},{"not_picked":["Undo","Barrage"],"picked":"Turbo","floor":17},{"not_picked":["Rebound+1","Fission","Steam"],"picked":"SKIP","floor":18},{"not_picked":["Aggregate","Hologram"],"picked":"White Noise+1","floor":20},{"not_picked":["Stack","Lockon","Beam Cell"],"picked":"SKIP","floor":22}],"player_experience":285125,"relics_obtained":[{"floor":7,"key":"Boot"},{"floor":9,"key":"Art of War"},{"floor":12,"key":"Unceasing Top"},{"floor":20,"key":"Old Coin"},{"floor":20,"key":"Bottled Flame"}],"event_choices":[{"damage_healed":0,"gold_gain":0,"player_choice":"Take Damage","damage_taken":18,"relics_obtained":["Golden Idol"],"max_hp_gain":0,"max_hp_loss":0,"event_name":"Golden Idol","floor":4,"gold_loss":0},{"cards_removed":["Strike_B"],"damage_healed":0,"gold_gain":0,"player_choice":"Offered Basic","damage_taken":0,"max_hp_gain":0,"max_hp_loss":0,"event_name":"Bonfire Elementals","floor":5,"gold_loss":0},{"damage_healed":0,"gold_gain":0,"player_choice":"Became a vampire","damage_taken":0,"max_hp_gain":0,"max_hp_loss":23,"event_name":"Vampires","floor":19,"gold_loss":0,"cards_obtained":["Bite","Bite","Bite","Bite","Bite"]},{"damage_healed":0,"gold_gain":0,"player_choice":"Fight","damage_taken":0,"max_hp_gain":0,"max_hp_loss":0,"event_name":"Colosseum","floor":20,"gold_loss":0},{"damage_healed":0,"gold_gain":0,"player_choice":"Fought Nobs","damage_taken":0,"max_hp_gain":0,"max_hp_loss":0,"event_name":"Colosseum","floor":20,"gold_loss":0},{"cards_removed":["Defend_B"],"damage_healed":0,"gold_gain":0,"player_choice":"Gave Gold","damage_taken":0,"max_hp_gain":0,"max_hp_loss":0,"event_name":"Beggar","floor":21,"gold_loss":75}],"is_beta":false,"boss_relics":[{"not_picked":["White Beast Statue","Runic Pyramid"],"picked":"Orrery"}],"items_purged_floors":[14],"is_endless":false,"potions_floor_spawned":[1,7,11,12,18,20],"killed_by":"Slavers","ascension_level":2}