{"gold_per_floor":[111,123,140,152,162,162,187,187,187,219,219,219,239,254,254,353,383,395,395,111,111,11,11,30,30,30,30,30,30,30,30,30,134,134,146,172,172,172,191,191,201,201,201,231,8,8,8],"floor_reached":47,"playtime":2622,"items_purged":["Normality","Regret","Pain"],"score":505,"play_id":"2531c952-a518-4a7e-bbde-113247cffa31","local_time":"20190124075654","is_ascension_mode":true,"campfire_choices":[{"data":"Zap","floor":6,"key":"SMITH"},{"data":"Dualcast","floor":8,"key":"SMITH"},{"data":"Cold Snap","floor":12,"key":"SMITH"},{"data":"Auto Shields","floor":15,"key":"SMITH"},{"data":"Creative AI","floor":23,"key":"SMITH"},{"data":"Conserve Battery","floor":25,"key":"SMITH"},{"data":"Go for the Eyes","floor":28,"key":"SMITH"},{"data":"Coolheaded","floor":30,"key":"SMITH"},{"data":"Rebound","floor":32,"key":"SMITH"},{"data":"Echo Form","floor":40,"key":"SMITH"},{"floor":42,"key":"REST"},{"floor":46,"key":"REST"}],"neow_cost":"NONE","seed_source_timestamp":312860048170346,"circlet_count":0,"master_deck":["Zap+1","Dualcast+1","Coolheaded+1","Beam Cell","Go for the Eyes+1","Cold Snap+1","Auto Shields+1","Rebound+1","Glacier+1","Steam","Creative AI+1","White Noise+1","Conserve Battery+1","Steam","Shame","White Noise+1","Echo Form+1","Blizzard","BootSequence","Hologram","Capacitor","Rebound","Self Repair","Amplify","Rainbow","Steam","Bandage Up","Ball Lightning+1","Stack","Enlightenment"],"relics":["Cracked Core","Ornamental Fan","Symbiotic Virus","Blood Vial","Calling Bell","Tiny Chest","Blue Candle","Ginger","Whetstone","Du-Vu Doll","Emotion Chip","Pandora\u0027s Box","Boot","Frozen Egg 2","Peace Pipe"],"potions_floor_usage":[10,16,24,33,33,39,44,47],"damage_taken":[{"damage":6,"enemies":"Jaw Worm","floor":1,"turns":4},{"damage":0,"enemies":"2 Louse","floor":2,"turns":3},{"damage":0,"enemies":"Small Slimes","floor":3,"turns":3},{"damage":5,"enemies":"3 Louse","floor":4,"turns":4},{"damage":12,"enemies":"Red Slaver","floor":5,"turns":5},{"damage":5,"enemies":"3 Sentries","floor":7,"turns":10},{"damage":3,"enemies":"Lagavulin","floor":10,"turns":6},{"damage":0,"enemies":"Looter","floor":13,"turns":2},{"damage":0,"enemies":"Large Slime","floor":14,"turns":5},{"damage":2,"enemies":"Hexaghost","floor":16,"turns":11},{"damage":14,"enemies":"Chosen","floor":18,"turns":6},{"damage":6,"enemies":"Spheric Guardian","floor":24,"turns":4},{"damage":56,"enemies":"Automaton","floor":33,"turns":12},{"damage":64,"enemies":"3 Darklings","floor":35,"turns":9},{"damage":13,"enemies":"Orb Walker","floor":39,"turns":4},{"damage":56,"enemies":"Spire Growth","floor":41,"turns":6},{"damage":12,"enemies":"Giant Head","floor":44,"turns":6},{"damage":47,"enemies":"Transient","floor":47,"turns":4}],"seed_played":"-8187139380770486621","potions_obtained":[{"floor":5,"key":"Dexterity Potion"},{"floor":10,"key":"Ancient Potion"},{"floor":13,"key":"Energy Potion"},{"floor":14,"key":"AttackPotion"},{"floor":18,"key":"SpeedPotion"},{"floor":35,"key":"EssenceOfSteel"},{"floor":41,"key":"Weak Potion"},{"floor":44,"key":"Fire Potion"}],"is_trial":false,"path_per_floor":["M","M","M","M","M","R","E","R","T","E","?","R","M","M","R","B",null,"M","?","$","?","$","R","M","R","T","?","R","$","R","?","R","B",null,"M","T","?","?","M","R","M","R","T","E","$","R","M"],"character_chosen":"DEFECT","items_purchased":["Whetstone","Conserve Battery","Enlightenment"],"campfire_rested":2,"item_purchase_floors":[20,20,45],"current_hp_per_floor":[76,76,76,71,59,59,54,54,54,51,51,51,53,55,55,55,82,68,68,68,68,68,68,64,64,64,64,64,64,64,64,64,10,82,18,18,72,72,59,59,9,30,30,24,24,45,0],"gold":8,"neow_bonus":"TEN_PERCENT_HP_BONUS","is_prod":false,"is_daily":false,"chose_seed":false,"campfire_upgraded":10,"win_rate":0,"timestamp":1548284214,"path_taken":["M","M","M","M","M","R","E","R","T","E","?","R","M","M","R","BOSS","M","?","$","?","$","R","M","R","T","?","R","$","R","?","R","BOSS","M","?","?","?","M","R","M","R","T","E","?","R","M"],"build_version":"2019-01-23","purchased_purges":3,"victory":false,"max_hp_per_floor":[82,82,82,82,82,82,82,82,82,82,82,82,82,82,82,82,82,82,82,82,82,82,82,82,82,82,82,82,82,82,82,82,82,82,82,82,72,72,72,72,72,72,72,72,72,72,72],"card_choices":[{"not_picked":["Gash","Rip and Tear"],"picked":"Coolheaded","floor":1},{"not_picked":["Darkness","Turbo"],"picked":"Beam Cell","floor":2},{"not_picked":["Steam Power","Streamline"],"picked":"Go for the Eyes","floor":3},{"not_picked":["Hologram","Aggregate"],"picked":"Cold Snap","floor":4},{"not_picked":["Compile Driver","Beam Cell"],"picked":"Auto Shields","floor":5},{"not_picked":["Beam Cell","Buffer"],"picked":"Rebound","floor":7},{"not_picked":["Turbo","Machine Learning"],"picked":"Glacier","floor":10},{"not_picked":["Sunder","Streamline"],"picked":"Steam","floor":13},{"not_picked":["Barrage","Beam Cell","Fusion"],"picked":"SKIP","floor":14},{"not_picked":["Electrodynamics","Thunder Strike"],"picked":"Creative AI","floor":16},{"not_picked":["Steam","Ball Lightning"],"picked":"White Noise+1","floor":18},{"not_picked":["Ball Lightning","Sweeping Beam"],"picked":"Steam","floor":24},{"not_picked":["Rainbow","Amplify"],"picked":"Echo Form","floor":33},{"not_picked":["Storm","Fusion"],"picked":"Steam","floor":35},{"not_picked":["The Bomb","Madness"],"picked":"Bandage Up","floor":38},{"not_picked":["Blizzard+1","Gash","Undo"],"picked":"SKIP","floor":39},{"not_picked":["Capacitor+1","Beam Cell+1"],"picked":"Ball Lightning+1","floor":41},{"not_picked":["Ball Lightning","Compile Driver+1"],"picked":"Stack","floor":44}],"player_experience":164441,"relics_obtained":[{"floor":7,"key":"Ornamental Fan"},{"floor":9,"key":"Symbiotic Virus"},{"floor":10,"key":"Blood Vial"},{"floor":17,"key":"Tiny Chest"},{"floor":17,"key":"Blue Candle"},{"floor":17,"key":"Ginger"},{"floor":26,"key":"Du-Vu Doll"},{"floor":36,"key":"Boot"},{"floor":43,"key":"Frozen Egg 2"},{"floor":44,"key":"Peace Pipe"}],"event_choices":[{"damage_healed":0,"gold_gain":0,"player_choice":"Grow","damage_taken":0,"max_hp_gain":0,"max_hp_loss":0,"event_name":"Living Wall","floor":11,"gold_loss":0,"cards_upgraded":["Glacier"]},{"damage_healed":0,"gold_gain":0,"cards_transformed":["Shame","Shame"],"player_choice":"Became Test Subject","damage_taken":0,"max_hp_gain":0,"max_hp_loss":0,"event_name":"Drug Dealer","floor":19,"gold_loss":0,"cards_obtained":["Normality","Pain"]},{"damage_healed":0,"gold_gain":0,"player_choice":"Ignored","damage_taken":0,"max_hp_gain":0,"max_hp_loss":0,"event_name":"Ghosts","floor":21,"gold_loss":0},{"damage_healed":0,"gold_gain":0,"player_choice":"Stole Relic","damage_taken":0,"relics_obtained":["Emotion Chip"],"max_hp_gain":0,"max_hp_loss":0,"event_name":"Addict","floor":27,"gold_loss":0,"cards_obtained":["Shame"]},{"damage_healed":0,"gold_gain":0,"player_choice":"Copied","damage_taken":0,"max_hp_gain":0,"max_hp_loss":0,"event_name":"Duplicator","floor":31,"gold_loss":0,"cards_obtained":["White Noise"]},{"damage_healed":72,"gold_gain":0,"player_choice":"Heal","damage_taken":0,"max_hp_gain":0,"max_hp_loss":10,"event_name":"The Moai Head","floor":37,"gold_loss":0},{"damage_healed":0,"gold_gain":0,"player_choice":"Memory 1","damage_taken":0,"max_hp_gain":0,"max_hp_loss":0,"event_name":"SensoryStone","floor":38,"gold_loss":0}],"is_beta":false,"boss_relics":[{"not_picked":["Ectoplasm","Nuclear Battery"],"picked":"Calling Bell"},{"not_picked":["Velvet Choker","Astrolabe"],"picked":"Pandora\u0027s Box"}],"items_purged_floors":[20,22,45],"is_endless":false,"potions_floor_spawned":[5,10,13,14,18,35,41,44],"killed_by":"Transient","ascension_level":2}