{"gold_per_floor":[119,136,16,30,45,73,73,22,22,32,32,107,107,119,119,222,222,238,249,249,264,264,264,279,279,279,292,37,56,69,89,89,89],"floor_reached":33,"playtime":2521,"items_purged":["Strike_R","Bash"],"score":266,"play_id":"efb87c89-80fb-437e-b405-165efa4bcdd4","local_time":"20190120170256","is_ascension_mode":true,"campfire_choices":[{"data":"Rampage","floor":7,"key":"SMITH"},{"data":"Carnage","floor":11,"key":"SMITH"},{"data":"Shrug It Off","floor":15,"key":"SMITH"},{"data":"Flex","floor":23,"key":"SMITH"},{"data":"Hemokinesis","floor":25,"key":"SMITH"},{"data":"Battle Trance","floor":32,"key":"SMITH"}],"neow_cost":"NONE","seed_source_timestamp":104841800780,"circlet_count":0,"master_deck":["Strike_R+1","Strike_R+1","Strike_R+1","Defend_R+1","Defend_R+1","Defend_R+1","Defend_R+1","Rampage+1","Carnage+1","Shrug It Off+1","Shrug It Off+1","Warcry","Feed","Battle Trance+1","Flex+1","Hemokinesis+1","Pommel Strike+1","Feed+1","Flex+1","Iron Wave+1"],"relics":["Burning Blood","Bag of Preparation","Darkstone Periapt","Eternal Feather","Molten Egg 2","Regal Pillow"],"potions_floor_usage":[19,19,27,29,29],"damage_taken":[{"damage":1,"enemies":"Cultist","floor":1,"turns":3},{"damage":2,"enemies":"Small Slimes","floor":2,"turns":4},{"damage":6,"enemies":"Jaw Worm","floor":4,"turns":3},{"damage":16,"enemies":"Lots of Slimes","floor":5,"turns":5},{"damage":6,"enemies":"Gremlin Nob","floor":6,"turns":3},{"damage":8,"enemies":"Blue Slaver","floor":10,"turns":4},{"damage":5,"enemies":"Exordium Wildlife","floor":14,"turns":3},{"damage":44,"enemies":"Hexaghost","floor":16,"turns":11},{"damage":10,"enemies":"Chosen","floor":18,"turns":6},{"damage":9,"enemies":"Shell Parasite","floor":19,"turns":5},{"damage":11,"enemies":"Snecko","floor":21,"turns":5},{"damage":32,"enemies":"Cultist and Chosen","floor":24,"turns":8},{"damage":15,"enemies":"Chosen and Byrds","floor":27,"turns":7},{"damage":14,"enemies":"Snake Plant","floor":29,"turns":4},{"damage":15,"enemies":"Centurion and Healer","floor":30,"turns":5},{"damage":2,"enemies":"Chosen and Byrds","floor":31,"turns":7},{"damage":74,"enemies":"Collector","floor":33,"turns":7}],"seed_played":"5947693295215248087","potions_obtained":[{"floor":1,"key":"LiquidBronze"},{"floor":6,"key":"Regen Potion"},{"floor":14,"key":"LiquidBronze"},{"floor":16,"key":"BloodPotion"},{"floor":18,"key":"AttackPotion"},{"floor":21,"key":"SteroidPotion"},{"floor":27,"key":"Block Potion"},{"floor":31,"key":"FearPotion"}],"is_trial":false,"path_per_floor":["M","M","$","M","M","E","R","$","T","M","R","?","?","M","R","B",null,"M","M","?","M","?","R","M","R","T","M","$","M","M","M","R","B"],"character_chosen":"IRONCLAD","items_purchased":["Shrug It Off","Shrug It Off","Regal Pillow"],"campfire_rested":0,"item_purchase_floors":[3,8,28],"current_hp_per_floor":[80,80,80,80,70,70,70,70,70,68,68,57,57,58,58,20,80,76,73,73,68,68,77,51,60,60,51,51,54,48,55,67,0],"gold":89,"neow_bonus":"REMOVE_CARD","is_prod":false,"is_daily":false,"chose_seed":false,"campfire_upgraded":6,"win_rate":0,"timestamp":1547971376,"path_taken":["M","M","$","M","M","E","R","?","T","M","R","?","?","M","R","BOSS","M","?","?","M","?","R","M","R","T","M","$","M","?","M","R","BOSS"],"build_version":"2019-01-17v2","purchased_purges":2,"victory":false,"max_hp_per_floor":[80,80,80,80,80,80,80,80,80,80,80,80,80,80,80,80,80,80,80,80,80,80,80,80,80,80,80,80,83,86,89,89,89],"card_choices":[{"not_picked":["Infernal Blade","Flex"],"picked":"Rampage","floor":1},{"not_picked":["Rage","Dual Wield"],"picked":"Carnage","floor":2},{"not_picked":["True Grit","Perfected Strike","Corruption"],"picked":"SKIP","floor":4},{"not_picked":["Thunderclap","Headbutt","Twin Strike"],"picked":"SKIP","floor":5},{"not_picked":["Second Wind","Clothesline","True Grit"],"picked":"SKIP","floor":6},{"not_picked":["Perfected Strike","Thunderclap","Havoc"],"picked":"SKIP","floor":10},{"not_picked":["Seeing Red","Intimidate"],"picked":"Warcry","floor":14},{"not_picked":["Exhume","Double Tap"],"picked":"Feed","floor":16},{"not_picked":["Fire Breathing","Havoc+1"],"picked":"Battle Trance","floor":18},{"not_picked":["True Grit","Heavy Blade"],"picked":"Flex","floor":19},{"not_picked":["Iron Wave","Heavy Blade","True Grit"],"picked":"SKIP","floor":21},{"not_picked":["Body Slam","Entrench"],"picked":"Hemokinesis","floor":24},{"not_picked":["Infernal Blade","Clothesline+1"],"picked":"Pommel Strike+1","floor":27},{"not_picked":["Flame Barrier","Evolve"],"picked":"Feed+1","floor":29},{"not_picked":["Feel No Pain","Twin Strike+1"],"picked":"Flex+1","floor":30},{"not_picked":["Twin Strike+1","Flex+1"],"picked":"Iron Wave+1","floor":31}],"player_experience":145047,"relics_obtained":[{"floor":6,"key":"Bag of Preparation"},{"floor":9,"key":"Darkstone Periapt"},{"floor":26,"key":"Molten Egg 2"}],"event_choices":[{"damage_healed":0,"gold_gain":75,"player_choice":"Gather Gold","damage_taken":11,"max_hp_gain":0,"max_hp_loss":0,"event_name":"World of Goop","floor":12,"gold_loss":0},{"damage_healed":0,"gold_gain":0,"player_choice":"Upgraded","damage_taken":0,"max_hp_gain":0,"max_hp_loss":0,"event_name":"Upgrade Shrine","floor":13,"gold_loss":0,"cards_upgraded":["Shrug It Off"]},{"damage_healed":0,"gold_gain":0,"player_choice":"Simplicity","damage_taken":0,"max_hp_gain":0,"max_hp_loss":0,"event_name":"Back to Basics","floor":20,"gold_loss":0,"cards_upgraded":["Strike_R","Strike_R","Strike_R","Defend_R","Defend_R","Defend_R","Defend_R"]},{"damage_healed":0,"gold_gain":0,"player_choice":"0 cards matched","damage_taken":0,"max_hp_gain":0,"max_hp_loss":0,"event_name":"Match and Keep!","floor":22,"gold_loss":0,"cards_obtained":[]}],"is_beta":false,"boss_relics":[{"not_picked":["Astrolabe","White Beast Statue"],"picked":"Eternal Feather"}],"items_purged_floors":[3,28],"is_endless":false,"potions_floor_spawned":[1,6,14,16,18,21,27,31],"killed_by":"Collector","ascension_level":1}