{"gold_per_floor":[117,133,133,8,28,28,28,28,54,73,73,100,122,148,160,269,281,311,70,70,85,85,10,20,20,20,35,35,54,54,72,72,172,222,239,239,239,91,107,107],"floor_reached":40,"playtime":2141,"items_purged":["Strike_R","Dropkick","Disarm"],"score":452,"play_id":"f5d2f72a-69ac-4148-96a9-fd71defce345","local_time":"20190201061608","is_ascension_mode":true,"campfire_choices":[{"data":"Rampage","floor":7,"key":"SMITH"},{"data":"Warcry","floor":11,"key":"SMITH"},{"floor":15,"key":"REST"},{"data":"Shrug It Off","floor":28,"key":"SMITH"},{"data":"Flame Barrier","floor":30,"key":"SMITH"},{"data":"Juggernaut","floor":32,"key":"SMITH"}],"neow_cost":"NONE","seed_source_timestamp":617494651612387,"circlet_count":0,"master_deck":["Warcry+1","Rampage+1","Flex","Cleave","Inflame","Seeing Red","Offering","Warcry+1","Double Tap","Flame Barrier+1","Metallicize","Battle Trance","Shrug It Off+1","Juggernaut+1","Double Tap","Blood for Blood+1","Dark Shackles","Flex"],"relics":["Burning Blood","Juzu Bracelet","MawBank","Pandora\u0027s Box","Oddly Smooth Stone","Peace Pipe","Tiny House"],"potions_floor_usage":[12,12,14,31,33,40,40,40],"damage_taken":[{"damage":13,"enemies":"Jaw Worm","floor":1,"turns":4},{"damage":13,"enemies":"Small Slimes","floor":2,"turns":4},{"damage":4,"enemies":"2 Louse","floor":5,"turns":3},{"damage":6,"enemies":"Large Slime","floor":10,"turns":5},{"damage":21,"enemies":"3 Sentries","floor":12,"turns":5},{"damage":15,"enemies":"Exordium Wildlife","floor":13,"turns":4},{"damage":11,"enemies":"Looter","floor":14,"turns":2},{"damage":57,"enemies":"Hexaghost","floor":16,"turns":9},{"damage":20,"enemies":"2 Thieves","floor":18,"turns":3},{"damage":6,"enemies":"Chosen","floor":21,"turns":3},{"damage":14,"enemies":"Snecko","floor":24,"turns":7},{"damage":6,"enemies":"Cultist and Chosen","floor":27,"turns":3},{"damage":6,"enemies":"Centurion and Healer","floor":29,"turns":5},{"damage":6,"enemies":"Snake Plant","floor":31,"turns":3},{"damage":12,"enemies":"Champ","floor":33,"turns":8},{"damage":23,"enemies":"3 Darklings","floor":35,"turns":4},{"damage":28,"enemies":"3 Shapes","floor":39,"turns":6},{"damage":65,"enemies":"Nemesis","floor":40,"turns":8}],"seed_played":"-3041242090486707003","potions_obtained":[{"floor":2,"key":"Swift Potion"},{"floor":10,"key":"GamblersBrew"},{"floor":13,"key":"AttackPotion"},{"floor":21,"key":"SkillPotion"},{"floor":27,"key":"PowerPotion"},{"floor":33,"key":"Strength Potion"},{"floor":34,"key":"SteroidPotion"},{"floor":39,"key":"Energy Potion"}],"is_trial":false,"path_per_floor":["M","M","?","$","M","?","R","?","T","M","R","E","M","M","R","B",null,"M","$","?","M","?","?","M","?","T","M","R","M","R","M","R","B",null,"M","?","?","$","M","E"],"character_chosen":"IRONCLAD","items_purchased":["Flex","Oddly Smooth Stone","Flex"],"campfire_rested":1,"item_purchase_floors":[4,19,38],"current_hp_per_floor":[81,74,79,79,81,62,62,62,62,62,62,47,38,33,60,9,93,79,79,61,61,93,93,85,85,85,85,85,85,85,85,85,79,103,86,86,86,86,64,0],"gold":107,"neow_bonus":"TEN_PERCENT_HP_BONUS","is_prod":false,"is_daily":false,"chose_seed":false,"campfire_upgraded":5,"win_rate":0,"timestamp":1548969368,"path_taken":["M","M","?","$","M","?","R","?","T","M","R","E","M","M","R","BOSS","M","$","?","M","?","?","M","?","T","M","R","M","R","M","R","BOSS","M","?","?","?","M","E"],"build_version":"2019-01-23","purchased_purges":3,"victory":false,"max_hp_per_floor":[88,88,93,93,93,93,93,93,93,93,93,93,93,93,93,93,93,93,93,98,98,98,98,98,98,98,98,98,98,98,98,98,98,103,103,98,98,98,98,98],"card_choices":[{"not_picked":["Second Wind","Rupture"],"picked":"Warcry","floor":1},{"not_picked":["Corruption","Clash"],"picked":"Rampage","floor":2},{"not_picked":["Pommel Strike","Flex"],"picked":"Cleave","floor":5},{"not_picked":["Clothesline","Cleave","Uppercut"],"picked":"SKIP","floor":10},{"not_picked":["Anger","Perfected Strike"],"picked":"Inflame","floor":12},{"not_picked":["Cleave","Shrug It Off"],"picked":"Seeing Red","floor":13},{"not_picked":["Twin Strike","Cleave","Clash"],"picked":"SKIP","floor":14},{"not_picked":["Reaper","Feed"],"picked":"Offering","floor":16},{"not_picked":["Heavy Blade","Rupture","Pommel Strike"],"picked":"SKIP","floor":18},{"not_picked":["Sentinel","Rage","Twin Strike"],"picked":"SKIP","floor":21},{"not_picked":["Havoc","Carnage+1","Iron Wave"],"picked":"SKIP","floor":24},{"not_picked":["Evolve","Iron Wave"],"picked":"Shrug It Off","floor":27},{"not_picked":["Sever Soul+1","Wild Strike","Entrench"],"picked":"SKIP","floor":29},{"not_picked":["Searing Blow","Anger"],"picked":"Juggernaut","floor":31},{"not_picked":["Reaper","Brutality"],"picked":"Double Tap","floor":33},{"not_picked":["Clash+1","Feel No Pain"],"picked":"Blood for Blood+1","floor":35},{"not_picked":["Bandage Up","Mind Blast"],"picked":"Dark Shackles","floor":37},{"not_picked":["Cleave","Spot Weakness+1","Wild Strike"],"picked":"SKIP","floor":39}],"player_experience":174048,"relics_obtained":[{"floor":9,"key":"Juzu Bracelet"},{"floor":12,"key":"MawBank"},{"floor":26,"key":"Peace Pipe"}],"event_choices":[{"damage_healed":0,"gold_gain":0,"player_choice":"Donut","damage_taken":0,"max_hp_gain":5,"max_hp_loss":0,"event_name":"Big Fish","floor":3,"gold_loss":0},{"damage_healed":0,"gold_gain":0,"player_choice":"Entered Light","damage_taken":19,"max_hp_gain":0,"max_hp_loss":0,"event_name":"Shining Light","floor":6,"gold_loss":0,"cards_upgraded":["Strike_R","Strike_R"]},{"cards_removed":["Strike_R"],"damage_healed":0,"gold_gain":0,"player_choice":"Forget","damage_taken":0,"max_hp_gain":0,"max_hp_loss":0,"event_name":"Living Wall","floor":8,"gold_loss":0},{"damage_healed":0,"gold_gain":0,"player_choice":"Shed Blood","damage_taken":23,"max_hp_gain":5,"max_hp_loss":0,"event_name":"Forgotten Altar","floor":20,"gold_loss":0},{"damage_healed":32,"gold_gain":0,"player_choice":"Heal","damage_taken":0,"max_hp_gain":0,"max_hp_loss":0,"event_name":"The Library","floor":22,"gold_loss":0},{"cards_removed":["Bash"],"damage_healed":0,"gold_gain":0,"player_choice":"Gave Gold","damage_taken":0,"max_hp_gain":0,"max_hp_loss":0,"event_name":"Beggar","floor":23,"gold_loss":75},{"damage_healed":0,"gold_gain":0,"player_choice":"Ignored","damage_taken":0,"max_hp_gain":0,"max_hp_loss":0,"event_name":"Vampires","floor":25,"gold_loss":0},{"damage_healed":0,"gold_gain":0,"player_choice":"Max HP","damage_taken":0,"max_hp_gain":0,"max_hp_loss":5,"event_name":"Winding Halls","floor":36,"gold_loss":0},{"damage_healed":0,"gold_gain":0,"player_choice":"Memory 1","damage_taken":0,"max_hp_gain":0,"max_hp_loss":0,"event_name":"SensoryStone","floor":37,"gold_loss":0}],"is_beta":false,"boss_relics":[{"not_picked":["Lizard Tail","Black Star"],"picked":"Pandora\u0027s Box"},{"not_picked":["Runic Pyramid","Calling Bell"],"picked":"Tiny House"}],"items_purged_floors":[4,19,38],"is_endless":false,"potions_floor_spawned":[2,10,13,21,27,33,39],"killed_by":"Nemesis","ascension_level":2}