{"gold_per_floor":[111,111,8,8,25,51,51,76,99,99,110,110],"floor_reached":12,"playtime":296,"items_purged":[],"score":205,"play_id":"79880a58-613d-4dab-abdf-73bbe0b600a6","local_time":"20181222163831","is_ascension_mode":true,"campfire_choices":[{"data":"Zap","floor":7.0,"key":"SMITH"},{"data":"Buffer","floor":10,"key":"SMITH"}],"neow_cost":"NONE","seed_source_timestamp":0,"circlet_count":0,"master_deck":["AscendersBane","Strike_B","Strike_B","Defend_B","Defend_B","Defend_B","Defend_B","Zap+1","Dualcast","Consume","Conserve Battery","Loop","Storm","Cold Snap","Buffer+1","Chaos"],"special_seed":0,"relics":["Cracked Core","NeowsBlessing","Boot","Omamori"],"potions_floor_usage":[],"damage_taken":[{"damage":0.0,"enemies":"2 Louse","floor":1.0,"turns":1.0},{"damage":0.0,"enemies":"Jaw Worm","floor":5.0,"turns":1.0},{"damage":0.0,"enemies":"3 Sentries","floor":6.0,"turns":1.0},{"damage":26.0,"enemies":"Gremlin Nob","floor":8.0,"turns":5.0},{"damage":0,"enemies":"Cultist","floor":11,"turns":4},{"damage":35,"enemies":"Gremlin Gang","floor":12,"turns":3}],"seed_played":"290611058162088872","potions_obtained":[{"floor":1.0,"key":"Ancient Potion"},{"floor":5.0,"key":"Block Potion"}],"is_trial":false,"path_per_floor":["M","?","$","?","M","E","R","E","E","T","R","M","M"],"character_chosen":"DEFECT","items_purchased":["Conserve Battery","Loop"],"campfire_rested":0,"item_purchase_floors":[3,3],"current_hp_per_floor":[64,57,57,57,57,57,57,31,31,31,31,0],"gold":110,"neow_bonus":"THREE_ENEMY_KILL","is_prod":false,"is_daily":false,"chose_seed":false,"campfire_upgraded":2,"win_rate":0,"timestamp":1545514711,"path_taken":["M","?","?","?","M","E","R","E","T","R","?","M"],"build_version":"2018-12-20","purchased_purges":0,"victory":false,"max_hp_per_floor":[71,71,71,71,71,71,71,71,71,71,71,71],"card_choices":[{"not_picked":["Skim","Melter"],"picked":"Consume","floor":1.0},{"not_picked":["Leap","Turbo"],"picked":"Storm","floor":5.0},{"not_picked":["Redo","Conserve Battery"],"picked":"Cold Snap","floor":6.0},{"not_picked":["Recycle","Beam Cell"],"picked":"Buffer","floor":8},{"not_picked":["Cold Snap","Leap"],"picked":"Chaos","floor":11}],"player_experience":863570,"relics_obtained":[{"floor":6.0,"key":"Boot"},{"floor":9,"key":"Omamori"}],"event_choices":[{"cards_removed":["Strike_B"],"damage_healed":0.0,"max_hp_gain":0.0,"max_hp_loss":0.0,"gold_gain":0.0,"event_name":"Golden Wing","player_choice":"Card Removal","floor":2.0,"gold_loss":0.0,"damage_taken":7.0},{"cards_removed":["Strike_B"],"damage_healed":0.0,"max_hp_gain":0.0,"max_hp_loss":0.0,"gold_gain":0.0,"event_name":"Purifier","player_choice":"Purged","floor":4.0,"gold_loss":0.0,"damage_taken":0.0}],"is_beta":false,"boss_relics":[],"items_purged_floors":[],"is_endless":false,"potions_floor_spawned":[1,5],"killed_by":"Gremlin Gang","ascension_level":17}