{"gold_per_floor":[360,310,310,327,344,372,391,410,410,410,428,5,5,5,5,5],"floor_reached":16,"playtime":624,"items_purged":["Strike_B"],"score":102,"play_id":"4b4467da-9c3c-475c-8660-18613e978ce9","local_time":"20190203220443","is_ascension_mode":false,"campfire_choices":[{"floor":13,"key":"REST"},{"data":"Zap","floor":15,"key":"SMITH"}],"neow_cost":"TEN_PERCENT_HP_LOSS","seed_source_timestamp":14287108628000,"circlet_count":0,"master_deck":["Strike_B","Strike_B","Defend_B","Defend_B","Defend_B","Defend_B","Zap+1","Dualcast","Static Discharge","Go for the Eyes","Barrage","Steam","Self Repair","Electrodynamics"],"relics":["Cracked Core","Blue Candle","The Courier","DataDisk","Emotion Chip"],"potions_floor_usage":[6,11,11,11,16],"damage_taken":[{"damage":0,"enemies":"Small Slimes","floor":1,"turns":3},{"damage":1,"enemies":"Jaw Worm","floor":4,"turns":4},{"damage":0,"enemies":"Cultist","floor":5,"turns":3},{"damage":54,"enemies":"Gremlin Nob","floor":6,"turns":5},{"damage":0,"enemies":"Looter","floor":7,"turns":4},{"damage":7,"enemies":"Exordium Wildlife","floor":8,"turns":5},{"damage":12,"enemies":"Exordium Thugs","floor":11,"turns":5},{"damage":44,"enemies":"The Guardian","floor":16,"turns":9}],"seed_played":"-582489342698263227","potions_obtained":[{"floor":5,"key":"Energy Potion"},{"floor":10,"key":"Regen Potion"},{"floor":10,"key":"EssenceOfSteel"},{"floor":10,"key":"FocusPotion"},{"floor":11,"key":"Swift Potion"}],"is_trial":false,"path_per_floor":["M","?","?","M","M","E","M","M","T","?","M","$","R","$","R","B"],"character_chosen":"DEFECT","items_purchased":["DataDisk","Emotion Chip"],"campfire_rested":1,"item_purchase_floors":[12,12],"current_hp_per_floor":[68,68,68,67,67,13,13,13,13,13,22,22,42,42,42,0],"gold":5,"neow_bonus":"TWO_FIFTY_GOLD","is_prod":false,"is_daily":false,"chose_seed":false,"campfire_upgraded":1,"win_rate":0,"timestamp":1549202683,"path_taken":["M","?","?","M","M","E","M","?","T","?","M","$","R","?","R","BOSS"],"build_version":"2019-01-23","purchased_purges":1,"victory":false,"max_hp_per_floor":[68,68,68,68,68,68,68,68,68,68,68,68,68,68,68,68],"card_choices":[{"not_picked":["Ball Lightning","Compile Driver"],"picked":"Static Discharge","floor":1},{"not_picked":["Genetic Algorithm","Leap"],"picked":"Go for the Eyes","floor":4},{"not_picked":["Sweeping Beam","Reprogram"],"picked":"Barrage","floor":5},{"not_picked":["Blizzard","Turbo"],"picked":"Steam","floor":6},{"not_picked":["Redo","Recycle"],"picked":"Self Repair","floor":7},{"not_picked":["Stack","Chaos","Genetic Algorithm"],"picked":"SKIP","floor":8},{"not_picked":["Hello World","Redo"],"picked":"Electrodynamics","floor":11}],"player_experience":329362,"relics_obtained":[{"floor":6,"key":"Blue Candle"},{"floor":9,"key":"The Courier"}],"event_choices":[{"cards_removed":["Strike_B"],"damage_healed":0,"gold_gain":0,"player_choice":"Card Removal","damage_taken":0,"max_hp_gain":0,"max_hp_loss":0,"event_name":"The Cleric","floor":2,"gold_loss":50},{"damage_healed":0,"gold_gain":0,"player_choice":"Ignored","damage_taken":0,"max_hp_gain":0,"max_hp_loss":0,"event_name":"Liars Game","floor":3,"gold_loss":0},{"damage_healed":0,"gold_gain":0,"player_choice":"Got Potions","damage_taken":0,"max_hp_gain":0,"max_hp_loss":0,"event_name":"Lab","floor":10,"gold_loss":0}],"is_beta":false,"boss_relics":[],"items_purged_floors":[12],"is_endless":false,"potions_floor_spawned":[5,11],"killed_by":"The Guardian","ascension_level":0}