{"gold_per_floor":[118,131,13,25,25,25,44,79,106,119,131,131,45,56,56,56],"floor_reached":16,"playtime":859,"items_purged":[],"score":198,"play_id":"a2256f2e-76f7-441b-a2d8-48bcb5ad720a","local_time":"20190103011033","is_ascension_mode":true,"campfire_choices":[{"data":"Zap","floor":6,"key":"SMITH"},{"data":"Coolheaded","floor":12,"key":"SMITH"},{"floor":15,"key":"REST"}],"neow_cost":"NONE","seed_source_timestamp":89917039702480,"circlet_count":0,"master_deck":["AscendersBane","Strike_B","Strike_B","Strike_B","Defend_B","Defend_B","Defend_B","Defend_B","Zap+1","Dualcast","FTL","Coolheaded+1","Loop","Recycle","Aggregate","Reprogram","Electrodynamics","Leap","Defragment","Compile Driver"],"relics":["Cracked Core","NeowsBlessing","Lantern","Juzu Bracelet"],"potions_floor_usage":[10],"damage_taken":[{"damage":0,"enemies":"Small Slimes","floor":1,"turns":1},{"damage":0,"enemies":"Cultist","floor":2,"turns":1},{"damage":0,"enemies":"Jaw Worm","floor":4,"turns":1},{"damage":9,"enemies":"Exordium Wildlife","floor":7,"turns":4},{"damage":18,"enemies":"Lagavulin","floor":8,"turns":8},{"damage":0,"enemies":"2 Fungi Beasts","floor":10,"turns":3},{"damage":9,"enemies":"Red Slaver","floor":11,"turns":2},{"damage":14,"enemies":"3 Louse","floor":14,"turns":4},{"damage":35,"enemies":"Slime Boss","floor":16,"turns":3}],"seed_played":"8420320596696995594","potions_obtained":[{"floor":1,"key":"Swift Potion"},{"floor":2,"key":"Block Potion"}],"is_trial":false,"path_per_floor":["M","M","$","M","?","R","M","E","T","M","M","R","$","M","R","B"],"character_chosen":"DEFECT","items_purchased":["Loop","Recycle","Defragment"],"campfire_rested":1,"item_purchase_floors":[3,3,13],"current_hp_per_floor":[64,64,64,64,64,64,55,37,37,37,28,28,28,14,35,0],"gold":56,"neow_bonus":"THREE_ENEMY_KILL","is_prod":false,"is_daily":false,"chose_seed":false,"campfire_upgraded":2,"win_rate":0,"timestamp":1546495833,"path_taken":["M","M","$","M","?","R","M","E","T","M","M","R","?","M","R","BOSS"],"build_version":"2018-12-20","purchased_purges":0,"victory":false,"max_hp_per_floor":[71,71,71,71,71,71,71,71,71,71,71,71,71,71,71,71],"card_choices":[{"not_picked":["Heatsinks","Force Field"],"picked":"FTL","floor":1},{"not_picked":["Consume","Ball Lightning"],"picked":"Coolheaded","floor":2},{"not_picked":["Cold Snap","Leap"],"picked":"Reprogram","floor":7},{"not_picked":["Hologram","BootSequence"],"picked":"Electrodynamics","floor":8},{"not_picked":["Compile Driver","Streamline"],"picked":"Leap","floor":10},{"not_picked":["Gash","Leap","Aggregate"],"picked":"SKIP","floor":11},{"not_picked":["Melter","Streamline"],"picked":"Compile Driver","floor":14}],"player_experience":911358,"relics_obtained":[{"floor":8,"key":"Lantern"},{"floor":9,"key":"Juzu Bracelet"}],"event_choices":[{"damage_healed":0,"gold_gain":0,"cards_transformed":["Strike_B"],"player_choice":"Transformed","damage_taken":0,"max_hp_gain":0,"max_hp_loss":0,"event_name":"Transmorgrifier","floor":5,"gold_loss":0,"cards_obtained":["Aggregate"]}],"is_beta":false,"boss_relics":[],"items_purged_floors":[],"is_endless":false,"potions_floor_spawned":[1,2,4,7],"killed_by":"Slime Boss","ascension_level":18}