{"gold_per_floor":[0,0,0,10,10,10,21,54,54,54,20,38,38,38,38,38],"floor_reached":16,"playtime":2527,"items_purged":[],"score":100,"play_id":"131148a8-c271-42ae-a89c-1260aa1bb848","local_time":"20181023115343","is_ascension_mode":false,"campfire_choices":[{"data":"Zap","floor":6,"key":"SMITH"},{"data":"Gash","floor":10,"key":"SMITH"},{"data":"Scrape","floor":15,"key":"SMITH"}],"neow_cost":"NO_GOLD","seed_source_timestamp":975692651734274,"circlet_count":0,"master_deck":["Strike_B","Strike_B","Strike_B+1","Strike_B","Defend_B","Defend_B+1","Defend_B","Defend_B","Zap+1","Dualcast","Gash+1","Force Field","Scrape+1"],"relics":["Cracked Core","NlothsMask","Mercury Hourglass","Orichalcum"],"potions_floor_usage":[],"damage_taken":[{"damage":1,"enemies":"Cultist","floor":1,"turns":4},{"damage":1,"enemies":"Small Slimes","floor":4,"turns":3},{"damage":0,"enemies":"2 Louse","floor":7,"turns":3},{"damage":37,"enemies":"Gremlin Nob","floor":8,"turns":4},{"damage":4,"enemies":"Blue Slaver","floor":12,"turns":2},{"damage":2,"enemies":"2 Fungi Beasts","floor":13,"turns":3},{"damage":28,"enemies":"The Guardian","floor":16,"turns":7}],"seed_played":"-7755608747142916692","potions_obtained":[{"floor":8,"key":"Ancient Potion"}],"is_trial":false,"path_per_floor":["M","$","?","M","?","R","M","E","T","R","$","M","M","T","R"],"character_chosen":"DEFECT","items_purchased":["Scrape"],"campfire_rested":0,"item_purchase_floors":[11],"current_hp_per_floor":[88,88,70,69,69,69,69,32,32,32,32,28,26,26,26,0],"gold":38,"neow_bonus":"TWENTY_PERCENT_HP_BONUS","is_prod":false,"is_daily":false,"chose_seed":false,"campfire_upgraded":3,"win_rate":0.0,"timestamp":1540310023,"path_taken":["M","?","?","M","?","R","M","E","T","R","$","?","M","?","R","BOSS"],"build_version":"2018-10-18","purchased_purges":0,"victory":false,"max_hp_per_floor":[89,89,89,89,89,89,89,89,89,89,89,89,89,89,89,89],"card_choices":[{"not_picked":["Leap","Steam","Redo"],"picked":"SKIP","floor":1},{"not_picked":["Stack","Beam Cell"],"picked":"Gash","floor":4},{"not_picked":["Cold Snap","Streamline","Beam Cell"],"picked":"SKIP","floor":7},{"not_picked":["Turbo","BootSequence"],"picked":"Force Field","floor":8},{"not_picked":["Streamline","Stack","Aggregate"],"picked":"SKIP","floor":12},{"not_picked":["Core Surge","Hello World","Lockon"],"picked":"SKIP","floor":13}],"player_experience":42059,"relics_obtained":[{"floor":8,"key":"Mercury Hourglass"},{"floor":14,"key":"Orichalcum"}],"event_choices":[{"damage_healed":0,"gold_gain":0,"player_choice":"Entered Light","damage_taken":18,"max_hp_gain":0,"max_hp_loss":0,"event_name":"Shining Light","floor":3,"gold_loss":0,"cards_upgraded":["Strike_B","Defend_B"]},{"damage_healed":0,"gold_gain":0,"player_choice":"Trade","damage_taken":0,"relics_obtained":["NlothsMask"],"max_hp_gain":0,"max_hp_loss":0,"event_name":"FaceTrader","floor":5,"gold_loss":0}],"is_beta":false,"boss_relics":[],"items_purged_floors":[],"is_endless":false,"potions_floor_spawned":[8],"killed_by":"The Guardian","ascension_level":0}