{"gold_per_floor":[20,40,140,158,172,197,211,211,266,278,309,321,368,380,392,504,516,539,551,563,593,632,644,666,678,741,753,765,777,24,43,43,147,147,163,178,47,67,67,67,83,83,83,83,98,123,72,72,72,72],"floor_reached":50,"playtime":3029,"items_purged":[],"score":552,"play_id":"c1d333c3-dd8a-4148-a6ea-733f56e4c33c","local_time":"20181223055931","is_ascension_mode":false,"campfire_choices":[{"floor":8,"key":"REST"},{"data":"Flex","floor":10,"key":"SMITH"},{"floor":15,"key":"REST"},{"floor":23,"key":"REST"},{"data":"Shrug It Off","floor":25,"key":"SMITH"},{"data":"Headbutt","floor":27,"key":"SMITH"},{"floor":32,"key":"REST"},{"floor":40,"key":"REST"},{"data":"Seeing Red","floor":42,"key":"SMITH"},{"floor":44,"key":"REST"},{"floor":49,"key":"REST"}],"neow_cost":"NO_GOLD","seed_source_timestamp":156187781522759,"circlet_count":0,"master_deck":["Strike_R","Strike_R","Strike_R","Strike_R","Strike_R","Defend_R","Defend_R","Defend_R","Defend_R","Headbutt+1","Anger","Flex+1","Perfected Strike","Uppercut","Shrug It Off+1","Offering","Offering+1","Disarm+1","Impervious+1","Clothesline+1","Rupture+1","Shrug It Off+1","Inflame","Flex+1","Thunderclap","Seeing Red+1","Headbutt","Cleave","Iron Wave","Limit Break","Pommel Strike","Rampage+1","Good Instincts","Shrug It Off","Warcry+1","Brutality","Second Wind+1","Carnage+1","Intimidate+1","Shrug It Off+1","Flash of Steel","Apotheosis+1","Enlightenment+1","Burning Pact+1"],"relics":["Burning Blood","Orichalcum","MawBank","Darkstone Periapt","Astrolabe","MutagenicStrength","Matryoshka","Red Mask","Bag of Marbles","Dream Catcher","StoneCalendar","ClockworkSouvenir","Lantern","Runic Pyramid","Toxic Egg 2","Bronze Scales","Blood Vial"],"potions_floor_usage":[16,22,33,36,36,50,50],"damage_taken":[{"damage":7,"enemies":"Jaw Worm","floor":1,"turns":5},{"damage":6,"enemies":"Cultist","floor":2,"turns":3},{"damage":5,"enemies":"2 Louse","floor":4,"turns":3},{"damage":11,"enemies":"Red Slaver","floor":5,"turns":3},{"damage":44,"enemies":"Lagavulin","floor":6,"turns":6},{"damage":8,"enemies":"Exordium Thugs","floor":7,"turns":4},{"damage":10,"enemies":"Lots of Slimes","floor":11,"turns":4},{"damage":18,"enemies":"Gremlin Nob","floor":13,"turns":4},{"damage":62,"enemies":"The Guardian","floor":16,"turns":10},{"damage":17,"enemies":"Spheric Guardian","floor":18,"turns":5},{"damage":13,"enemies":"Shell Parasite","floor":21,"turns":3},{"damage":15,"enemies":"Masked Bandits","floor":22,"turns":5},{"damage":22,"enemies":"Sentry and Sphere","floor":24,"turns":6},{"damage":10,"enemies":"Centurion and Healer","floor":29,"turns":4},{"damage":10,"enemies":"Snake Plant","floor":31,"turns":2},{"damage":72,"enemies":"Collector","floor":33,"turns":9},{"damage":4,"enemies":"Orb Walker","floor":35,"turns":3},{"damage":19,"enemies":"3 Darklings","floor":36,"turns":4},{"damage":26,"enemies":"Writhing Mass","floor":38,"turns":4},{"damage":14,"enemies":"4 Shapes","floor":41,"turns":6},{"damage":12,"enemies":"3 Darklings","floor":45,"turns":6},{"damage":99,"enemies":"Donu and Deca","floor":50,"turns":8}],"seed_played":"2255473275334494684","potions_obtained":[{"floor":4,"key":"Block Potion"},{"floor":5,"key":"Regen Potion"},{"floor":7,"key":"Poison Potion"},{"floor":11,"key":"FearPotion"},{"floor":21,"key":"Ancient Potion"},{"floor":22,"key":"Explosive Potion"},{"floor":33,"key":"PowerPotion"},{"floor":35,"key":"Strength Potion"},{"floor":36,"key":"Explosive Potion"}],"is_trial":false,"path_per_floor":["M","M","?","M","M","E","M","R","T","R","M","?","E","?","R","B",null,"M","?","T","M","?","R","M","R","T","R","?","M","$","M","R","B",null,"M","M","$","M","?","R","M","R","T","R","M","T","$","?","R","B"],"character_chosen":"IRONCLAD","items_purchased":["Seeing Red","StoneCalendar","ClockworkSouvenir","Lantern","Headbutt","Good Instincts","Shrug It Off","Shrug It Off+1"],"campfire_rested":7,"item_purchase_floors":[30,30,30,30,30,37,37,47],"current_hp_per_floor":[79,79,79,80,75,37,35,59,59,59,55,80,68,68,80,36,80,69,69,69,62,53,77,61,61,61,61,61,57,57,53,77,11,80,80,67,67,47,47,71,63,63,63,80,74,74,74,64,80,0],"gold":72,"neow_bonus":"THREE_RARE_CARDS","is_prod":false,"is_daily":false,"chose_seed":false,"campfire_upgraded":4,"win_rate":0.0,"timestamp":1545512371,"path_taken":["M","M","?","M","M","E","M","R","T","R","?","?","E","?","R","BOSS","M","?","?","?","?","R","M","R","T","R","?","M","$","M","R","BOSS","M","?","$","M","?","R","?","R","T","R","M","?","?","?","R","BOSS"],"build_version":"2018-12-20","purchased_purges":0,"victory":false,"max_hp_per_floor":[80,80,80,80,80,80,80,80,80,80,80,80,80,80,80,80,80,80,80,80,80,80,80,80,80,80,80,80,80,80,80,80,80,80,80,80,80,80,80,80,80,80,80,80,80,80,80,80,80,80],"card_choices":[{"not_picked":["Demon Form","Limit Break"],"picked":"Double Tap","floor":0},{"not_picked":["Feel No Pain","Rupture"],"picked":"Thunderclap","floor":1},{"not_picked":["Body Slam","Sword Boomerang"],"picked":"Headbutt","floor":2},{"not_picked":["Whirlwind","Twin Strike"],"picked":"Anger","floor":4},{"not_picked":["Iron Wave","Sever Soul"],"picked":"Bloodletting","floor":5},{"not_picked":["Bludgeon","True Grit"],"picked":"Flex","floor":6},{"not_picked":["Reckless Charge","Bloodletting"],"picked":"Perfected Strike","floor":7},{"not_picked":["Entrench","Feel No Pain"],"picked":"Uppercut","floor":11},{"not_picked":["Infernal Blade","Dark Embrace"],"picked":"Shrug It Off","floor":13},{"not_picked":["Reaper","Bludgeon"],"picked":"Offering","floor":16},{"not_picked":["Uppercut","Sword Boomerang"],"picked":"Clothesline+1","floor":18},{"not_picked":["Corruption","Armaments"],"picked":"Rupture+1","floor":21},{"not_picked":["Warcry","Armaments"],"picked":"Shrug It Off+1","floor":22},{"not_picked":["Corruption+1","Entrench"],"picked":"Inflame","floor":24},{"not_picked":["Clash","Carnage"],"picked":"Thunderclap","floor":29},{"not_picked":["Combust+1","Sword Boomerang"],"picked":"Cleave","floor":31},{"not_picked":["Armaments","Double Tap"],"picked":"Iron Wave","floor":32},{"not_picked":["Barricade","Berserk"],"picked":"Limit Break","floor":33},{"not_picked":["Twin Strike","Dropkick"],"picked":"Pommel Strike","floor":35},{"not_picked":["Pommel Strike","Clothesline+1"],"picked":"Rampage+1","floor":36},{"not_picked":["Pummel+1","Hemokinesis+1"],"picked":"Warcry+1","floor":38},{"not_picked":["Inflame+1","Double Tap"],"picked":"Second Wind+1","floor":40},{"not_picked":["Twin Strike","Body Slam"],"picked":"Carnage+1","floor":41},{"not_picked":["Twin Strike+1","Entrench+1"],"picked":"Intimidate+1","floor":45},{"not_picked":["Panacea+1","Thinking Ahead+1"],"picked":"Flash of Steel","floor":48},{"not_picked":["The Bomb+1","Deep Breath+1"],"picked":"Apotheosis+1","floor":48},{"not_picked":["Panacea+1","Blind+1"],"picked":"Enlightenment+1","floor":48},{"not_picked":["True Grit+1","Sword Boomerang"],"picked":"Burning Pact+1","floor":49}],"player_experience":14875,"relics_obtained":[{"floor":6,"key":"Orichalcum"},{"floor":9,"key":"MawBank"},{"floor":13,"key":"Darkstone Periapt"},{"floor":20,"key":"Matryoshka"},{"floor":22,"key":"Red Mask"},{"floor":26,"key":"Bag of Marbles"},{"floor":26,"key":"Dream Catcher"},{"floor":43,"key":"Toxic Egg 2"},{"floor":43,"key":"Bronze Scales"},{"floor":46,"key":"Blood Vial"}],"event_choices":[{"damage_healed":0,"gold_gain":100,"player_choice":"Pray","damage_taken":0,"max_hp_gain":0,"max_hp_loss":0,"event_name":"Golden Shrine","floor":3,"gold_loss":0},{"damage_healed":26,"gold_gain":0,"player_choice":"Banana","damage_taken":0,"max_hp_gain":0,"max_hp_loss":0,"event_name":"Big Fish","floor":12,"gold_loss":0},{"damage_healed":0,"gold_gain":0,"player_choice":"Ignored","damage_taken":0,"max_hp_gain":0,"max_hp_loss":0,"event_name":"NoteForYourself","floor":14,"gold_loss":0},{"damage_healed":0,"gold_gain":0,"player_choice":"Inject Mutagens","damage_taken":0,"relics_obtained":["MutagenicStrength"],"max_hp_gain":0,"max_hp_loss":0,"event_name":"Drug Dealer","floor":19,"gold_loss":0},{"damage_healed":0,"gold_gain":0,"player_choice":"Fought Bandits","damage_taken":0,"max_hp_gain":0,"max_hp_loss":0,"event_name":"Masked Bandits","floor":22,"gold_loss":0},{"damage_healed":0,"gold_gain":0,"player_choice":"Copied","damage_taken":0,"max_hp_gain":0,"max_hp_loss":0,"event_name":"Duplicator","floor":28,"gold_loss":0,"cards_obtained":["Flex"]},{"damage_healed":0,"gold_gain":0,"cards_transformed":["Bash"],"player_choice":"Transformed","damage_taken":0,"max_hp_gain":0,"max_hp_loss":0,"event_name":"Transmorgrifier","floor":39,"gold_loss":0,"cards_obtained":["Brutality"]},{"damage_healed":0,"gold_gain":0,"player_choice":"Memory 3","damage_taken":10,"max_hp_gain":0,"max_hp_loss":0,"event_name":"SensoryStone","floor":48,"gold_loss":0}],"is_beta":false,"boss_relics":[{"not_picked":["Fusion Hammer","White Beast Statue"],"picked":"Astrolabe"},{"not_picked":["Snecko Eye","Calling Bell"],"picked":"Runic Pyramid"}],"items_purged_floors":[],"is_endless":false,"potions_floor_spawned":[4,5,7,11,21,22,24,33,35,36],"killed_by":"Donu and Deca","ascension_level":0}