{"gold_per_floor":[112,131,146,116,129,129,142,64,116,144,156,181,208,239,251,368,380,317],"floor_reached":18,"playtime":1541,"items_purged":[],"score":221,"play_id":"f2db22e4-02fa-48be-95af-b6e4b9c045fe","local_time":"20181126184300","is_ascension_mode":true,"campfire_choices":[{"data":"Zap","floor":6,"key":"SMITH"},{"floor":11,"key":"REST"},{"floor":15,"key":"REST"}],"neow_cost":"NONE","seed_source_timestamp":2787606702963314,"circlet_count":0,"master_deck":["Strike_B","Strike_B","Strike_B","Strike_B","Defend_B","Defend_B","Defend_B","Defend_B","Zap+1","Dualcast","Echo Form","Sweeping Beam","Conserve Battery","Go for the Eyes","Cold Snap","Defragment","Capacitor","Hologram","Auto Shields","Double Energy","Coolheaded","Meteor Strike"],"relics":["Cracked Core","MawBank","Inserter"],"potions_floor_usage":[5,5,13,13],"damage_taken":[{"damage":0,"enemies":"2 Louse","floor":1,"turns":3},{"damage":6,"enemies":"Cultist","floor":2,"turns":3},{"damage":0,"enemies":"Small Slimes","floor":3,"turns":3},{"damage":14,"enemies":"Exordium Wildlife","floor":5,"turns":5},{"damage":7,"enemies":"Looter","floor":7,"turns":3},{"damage":32,"enemies":"Exordium Thugs","floor":10,"turns":4},{"damage":0,"enemies":"2 Fungi Beasts","floor":12,"turns":3},{"damage":8,"enemies":"Lots of Slimes","floor":13,"turns":4},{"damage":16,"enemies":"Exordium Wildlife","floor":14,"turns":5},{"damage":23,"enemies":"Hexaghost","floor":16,"turns":15},{"damage":18,"enemies":"2 Thieves","floor":18,"turns":4}],"seed_played":"-5821031918274532031","potions_obtained":[{"floor":1,"key":"Weak Potion"},{"floor":4,"key":"FairyPotion"},{"floor":4,"key":"Strength Potion"},{"floor":5,"key":"SpeedPotion"},{"floor":7,"key":"Poison Potion"}],"is_trial":false,"path_per_floor":["M","M","M","?","M","R","M","$","T","M","R","M","M","M","R","B",null,"M"],"character_chosen":"DEFECT","items_purchased":["Capacitor"],"campfire_rested":2,"item_purchase_floors":[8],"current_hp_per_floor":[68,62,62,62,48,48,41,41,41,9,31,31,23,7,29,6,58,40],"gold":317,"neow_bonus":"ONE_RANDOM_RARE_CARD","is_prod":false,"is_daily":false,"chose_seed":false,"campfire_upgraded":1,"win_rate":0,"timestamp":1543275780,"path_taken":["M","M","M","?","?","R","M","$","T","M","R","M","M","M","R","BOSS","M"],"build_version":"2018-11-15","purchased_purges":0,"victory":false,"max_hp_per_floor":[75,75,75,75,75,75,75,75,75,75,75,75,75,75,75,75,75,75],"card_choices":[{"not_picked":["Darkness","Blizzard"],"picked":"Sweeping Beam","floor":1},{"not_picked":["Hello World","Cold Snap"],"picked":"Conserve Battery","floor":2},{"not_picked":["Ball Lightning","Turbo"],"picked":"Go for the Eyes","floor":3},{"not_picked":["Redo","Rebound"],"picked":"Cold Snap","floor":5},{"not_picked":["Melter","Genetic Algorithm"],"picked":"Defragment","floor":7},{"not_picked":["Leap","Aggregate"],"picked":"Hologram","floor":10},{"not_picked":["Gash","Turbo"],"picked":"Auto Shields","floor":12},{"not_picked":["Force Field","Capacitor"],"picked":"Double Energy","floor":13},{"not_picked":["Doom and Gloom","Scrape"],"picked":"Coolheaded","floor":14},{"not_picked":["Hyperbeam","All For One"],"picked":"Meteor Strike","floor":16}],"player_experience":559525,"relics_obtained":[{"floor":9,"key":"MawBank"}],"event_choices":[{"damage_healed":0,"gold_gain":0,"player_choice":"Bought 2 Potions","damage_taken":0,"max_hp_gain":0,"max_hp_loss":0,"event_name":"The Woman in Blue","floor":4,"gold_loss":0}],"is_beta":false,"boss_relics":[{"not_picked":["Runic Dome","Fusion Hammer"],"picked":"Inserter"}],"items_purged_floors":[],"is_endless":false,"potions_floor_spawned":[1,5,7,12],"killed_by":"2 Thieves","ascension_level":8}