{"gold_per_floor":[209,223,223,242,242,242,258,304,304,315,315,325,36,36,36,36],"floor_reached":16,"playtime":1411,"items_purged":["Strike_B"],"score":147,"play_id":"b848976a-fc32-4ab0-8562-ab9bbcc3bf72","local_time":"20181209111136","is_ascension_mode":true,"campfire_choices":[{"data":"Zap","floor":6.0,"key":"SMITH"},{"data":"Steam","floor":11.0,"key":"SMITH"},{"data":"Fusion","floor":15.0,"key":"SMITH"}],"neow_cost":"NONE","seed_source_timestamp":0,"circlet_count":0,"master_deck":["AscendersBane","Strike_B","Strike_B","Defend_B","Defend_B","Defend_B","Defend_B","Zap+1","Hologram+1","Gash","Undo","Steam+1","Glacier","Capacitor","Fusion+1"],"special_seed":0,"relics":["Cracked Core","Bag of Preparation","The Courier","Strawberry"],"potions_floor_usage":[],"damage_taken":[{"damage":0.0,"enemies":"2 Louse","floor":1.0,"turns":3.0},{"damage":5.0,"enemies":"Small Slimes","floor":2.0,"turns":4.0},{"damage":6.0,"enemies":"Cultist","floor":4.0,"turns":3.0},{"damage":10.0,"enemies":"Exordium Thugs","floor":7.0,"turns":4.0},{"damage":10.0,"enemies":"Lots of Slimes","floor":10.0,"turns":4.0},{"damage":8.0,"enemies":"Exordium Wildlife","floor":12.0,"turns":6.0},{"damage":39,"enemies":"Hexaghost","floor":16,"turns":16}],"seed_played":"2940131227435600489","potions_obtained":[{"floor":1.0,"key":"Fruit Juice"},{"floor":4.0,"key":"FearPotion"},{"floor":7.0,"key":"SpeedPotion"}],"is_trial":false,"path_per_floor":["M","M","?","M","?","R","M","T","T","M","R","M","$","?","R","B"],"character_chosen":"DEFECT","items_purchased":["Strawberry","Capacitor","Fusion"],"campfire_rested":0,"item_purchase_floors":[13,13,13],"current_hp_per_floor":[68,63,63,57,57,57,47,47,47,37,37,29,36,36,36,0],"gold":36,"neow_bonus":"HUNDRED_GOLD","is_prod":false,"is_daily":false,"chose_seed":false,"campfire_upgraded":3,"win_rate":0,"timestamp":1544371896,"path_taken":["M","M","?","M","?","R","?","?","T","M","R","?","$","?","R","BOSS"],"build_version":"2018-12-06","purchased_purges":1,"victory":false,"max_hp_per_floor":[75,75,75,75,75,75,75,75,75,75,75,75,82,82,82,82],"card_choices":[{"not_picked":["Skim","Stack"],"picked":"Hologram","floor":1.0},{"not_picked":["Compile Driver","White Noise"],"picked":"Gash","floor":2.0},{"not_picked":["Rip and Tear","Static Discharge"],"picked":"Undo","floor":4.0},{"not_picked":["Capacitor","Static Discharge"],"picked":"Steam","floor":7.0},{"not_picked":["Go for the Eyes","Blizzard"],"picked":"Glacier","floor":12.0}],"player_experience":710276,"relics_obtained":[{"floor":8.0,"key":"Bag of Preparation"},{"floor":9.0,"key":"The Courier"}],"event_choices":[{"cards_removed":["Strike_B"],"damage_healed":0.0,"max_hp_gain":0.0,"max_hp_loss":0.0,"gold_gain":0.0,"event_name":"Living Wall","player_choice":"Forget","floor":3.0,"gold_loss":0.0,"damage_taken":0.0},{"damage_healed":0.0,"max_hp_gain":0.0,"max_hp_loss":0.0,"gold_gain":0.0,"event_name":"Accursed Blacksmith","player_choice":"Forge","floor":5.0,"gold_loss":0.0,"damage_taken":0.0,"cards_upgraded":["Hologram"]},{"cards_removed":["Dualcast"],"damage_healed":0.0,"max_hp_gain":0.0,"max_hp_loss":0.0,"gold_gain":0.0,"event_name":"Bonfire Elementals","player_choice":"Offered Basic","floor":14.0,"gold_loss":0.0,"damage_taken":0.0}],"is_beta":false,"boss_relics":[],"items_purged_floors":[13],"is_endless":false,"potions_floor_spawned":[1,4,7],"killed_by":"Hexaghost","ascension_level":12}