{"gold_per_floor":[117,136,54,54,72,107,107,126,174,189,189,203,203],"floor_reached":13,"playtime":736,"items_purged":[],"score":87,"play_id":"9b95de5a-fd99-4425-9cb7-4bced4dd3fd2","local_time":"20190204201657","is_ascension_mode":false,"campfire_choices":[{"floor":7,"key":"REST"}],"neow_cost":"NONE","seed_source_timestamp":31608148569600,"circlet_count":0,"master_deck":["Strike_B","Strike_B","Defend_B","Defend_B","Defend_B","Defend_B","Zap","Dualcast","Reinforced Body","Hologram","Defragment","Cold Snap","White Noise","Defragment","Capacitor","Strike_G","Glacier"],"relics":["Cracked Core","Question Card"],"potions_floor_usage":[12,12],"damage_taken":[{"damage":6,"enemies":"Jaw Worm","floor":1,"turns":3},{"damage":1,"enemies":"2 Louse","floor":2,"turns":2},{"damage":7,"enemies":"Cultist","floor":5,"turns":4},{"damage":31,"enemies":"3 Sentries","floor":6,"turns":17},{"damage":18,"enemies":"Lots of Slimes","floor":8,"turns":4},{"damage":13,"enemies":"2 Fungi Beasts","floor":10,"turns":4},{"damage":26,"enemies":"Gremlin Gang","floor":12,"turns":7},{"damage":6,"enemies":"Exordium Wildlife","floor":13,"turns":2}],"seed_played":"-5836734547630291317","potions_obtained":[{"floor":1,"key":"Weak Potion"},{"floor":6,"key":"Strength Potion"},{"floor":10,"key":"EssenceOfSteel"}],"is_trial":false,"path_per_floor":["M","M","$","?","M","E","R","M","T","M","?","M","M"],"character_chosen":"DEFECT","items_purchased":["Defragment"],"campfire_rested":1,"item_purchase_floors":[3],"current_hp_per_floor":[69,68,68,73,66,35,59,41,41,28,28,2,0],"gold":203,"neow_bonus":"REMOVE_CARD","is_prod":false,"is_daily":false,"chose_seed":false,"campfire_upgraded":0,"win_rate":0,"timestamp":1549282617,"path_taken":["M","M","$","?","M","E","R","M","T","M","?","?","?"],"build_version":"2019-01-23","purchased_purges":0,"victory":false,"max_hp_per_floor":[75,75,75,80,80,80,80,80,80,80,80,80,80],"card_choices":[{"not_picked":["Fusion","Doom and Gloom"],"picked":"Reinforced Body","floor":1},{"not_picked":["Aggregate","Steam"],"picked":"Hologram","floor":2},{"not_picked":["Coolheaded","Skim"],"picked":"Cold Snap","floor":5},{"not_picked":["Streamline","Beam Cell"],"picked":"White Noise","floor":6},{"not_picked":["Auto Shields","Streamline","Stack"],"picked":"Defragment","floor":8},{"not_picked":["Chill","Double Energy","Multi-Cast"],"picked":"Capacitor","floor":10},{"not_picked":["Turbo","Stack","Beam Cell"],"picked":"Glacier","floor":12}],"player_experience":342785,"relics_obtained":[{"floor":6,"key":"Question Card"}],"event_choices":[{"damage_healed":0,"gold_gain":0,"player_choice":"Donut","damage_taken":0,"max_hp_gain":5,"max_hp_loss":0,"event_name":"Big Fish","floor":4,"gold_loss":0},{"cards_removed":["Strike_B"],"damage_healed":0,"gold_gain":0,"player_choice":"Took Card","damage_taken":0,"max_hp_gain":0,"max_hp_loss":0,"event_name":"NoteForYourself","floor":11,"gold_loss":0,"cards_obtained":["Strike_G"]}],"is_beta":false,"boss_relics":[],"items_purged_floors":[],"is_endless":false,"potions_floor_spawned":[1,6,10],"killed_by":"Exordium Wildlife","ascension_level":0}