{"gold_per_floor":[109,109,123,3,3,28,48,48,72,87,37,112,0,15,15,120,120,130,147,147,2,21,21,46,46,71,81,81,0,35,35,35,134,184,202,202,302,302,50,50,69,81,81,47,47,47,63,63,63,63],"floor_reached":51,"playtime":2039,"items_purged":["Strike_R","Bash"],"score":797,"play_id":"9e50fbc6-fb4a-4701-a8c0-c53f706ba576","local_time":"20190205095156","is_ascension_mode":true,"campfire_choices":[{"data":"Whirlwind","floor":8,"key":"SMITH"},{"data":"Inflame","floor":15,"key":"SMITH"},{"floor":23,"key":"REST"},{"floor":28,"key":"REST"},{"floor":32,"key":"REST"},{"data":"Bloodletting","floor":40,"key":"SMITH"},{"data":"Seeing Red","floor":46,"key":"SMITH"},{"floor":49,"key":"REST"}],"neow_cost":"NONE","seed_source_timestamp":976140430823263,"circlet_count":0,"master_deck":["Shrug It Off","Whirlwind+1","Shrug It Off","Shockwave","Uppercut","Inflame+1","Berserk","Flex","Shockwave","Whirlwind+1","Cleave","Rupture","Metallicize+1","Shrug It Off","Power Through+1","Bloodletting+1","Seeing Red+1","Flex","Seeing Red+1"],"relics":["Burning Blood","NeowsBlessing","Art of War","Regal Pillow","Pandora\u0027s Box","Enchiridion","Bird Faced Urn","Whetstone","Nunchaku","Tiny House","Incense Burner","Matryoshka","Mummified Hand","Juzu Bracelet","Mango"],"potions_floor_usage":[18,19,24,24,33,35,35,42,42,50],"damage_taken":[{"damage":0,"enemies":"Jaw Worm","floor":1,"turns":1},{"damage":0,"enemies":"2 Louse","floor":3,"turns":1},{"damage":0,"enemies":"Lagavulin","floor":6,"turns":1},{"damage":2,"enemies":"Cultist","floor":7,"turns":5},{"damage":0,"enemies":"3 Louse","floor":10,"turns":1},{"damage":4,"enemies":"Blue Slaver","floor":14,"turns":3},{"damage":37,"enemies":"Slime Boss","floor":16,"turns":9},{"damage":17,"enemies":"Chosen","floor":18,"turns":4},{"damage":16,"enemies":"Spheric Guardian","floor":19,"turns":3},{"damage":11,"enemies":"Cultist and Chosen","floor":22,"turns":4},{"damage":50,"enemies":"Slavers","floor":24,"turns":3},{"damage":12,"enemies":"Snake Plant","floor":27,"turns":2},{"damage":43,"enemies":"Book of Stabbing","floor":30,"turns":6},{"damage":33,"enemies":"Automaton","floor":33,"turns":8},{"damage":32,"enemies":"3 Shapes","floor":35,"turns":3},{"damage":6,"enemies":"Mind Bloom Boss Battle","floor":37,"turns":6},{"damage":22,"enemies":"Orb Walker","floor":41,"turns":4},{"damage":9,"enemies":"4 Shapes","floor":42,"turns":3},{"damage":32,"enemies":"Writhing Mass","floor":47,"turns":5},{"damage":94,"enemies":"Time Eater","floor":50,"turns":13}],"seed_played":"-10442783780348384","potions_obtained":[{"floor":6,"key":"Ancient Potion"},{"floor":14,"key":"SteroidPotion"},{"floor":16,"key":"Poison Potion"},{"floor":18,"key":"PowerPotion"},{"floor":22,"key":"Strength Potion"},{"floor":27,"key":"Strength Potion"},{"floor":30,"key":"Regen Potion"},{"floor":34,"key":"AttackPotion"},{"floor":37,"key":"Regen Potion"},{"floor":41,"key":"GamblersBrew"}],"is_trial":false,"path_per_floor":["M","?","M","$","?","E","M","R","T","M","?","?","$","M","R","B",null,"M","M","?","$","M","R","E","$","T","M","R","?","E","?","R","B",null,"M","?","?","T","$","R","M","M","T","$","?","R","M","?","R","B",null],"character_chosen":"IRONCLAD","items_purchased":["Whirlwind","Shrug It Off","Inflame","Shrug It Off","Mummified Hand","Seeing Red"],"campfire_rested":4,"item_purchase_floors":[4,4,13,21,39,44],"current_hp_per_floor":[80,73,79,79,79,80,80,80,80,80,80,69,69,71,71,40,80,69,59,43,43,38,77,33,33,33,33,72,72,43,43,80,59,85,76,76,85,85,85,85,69,77,91,91,91,91,70,70,94,8],"gold":63,"neow_bonus":"THREE_ENEMY_KILL","is_prod":false,"is_daily":false,"chose_seed":false,"campfire_upgraded":4,"win_rate":0,"timestamp":1549327916,"path_taken":["M","?","M","$","?","E","?","R","T","M","?","?","?","?","R","BOSS","M","M","?","?","?","R","E","?","T","M","R","?","E","?","R","BOSS","M","?","?","?","$","R","M","M","T","$","?","R","M","?","R","BOSS"],"build_version":"2019-01-23","purchased_purges":2,"victory":true,"max_hp_per_floor":[80,80,80,80,80,80,80,80,80,80,80,80,80,80,80,80,80,80,80,80,80,80,80,80,80,80,80,80,80,80,80,80,80,85,85,85,85,85,85,85,85,85,99,99,94,94,94,94,94,94],"card_choices":[{"not_picked":["Body Slam","Sword Boomerang","Dual Wield"],"picked":"SKIP","floor":1},{"not_picked":["Body Slam","Bloodletting"],"picked":"Shrug It Off","floor":3},{"not_picked":["Body Slam","Metallicize"],"picked":"Shockwave","floor":6},{"not_picked":["Reaper","True Grit","Fire Breathing"],"picked":"SKIP","floor":7},{"not_picked":["Pommel Strike","Clash"],"picked":"Uppercut","floor":10},{"not_picked":["Iron Wave","Twin Strike","Anger"],"picked":"SKIP","floor":14},{"not_picked":["Reaper","Double Tap"],"picked":"Berserk","floor":16},{"not_picked":["Sword Boomerang","Warcry","Thunderclap"],"picked":"SKIP","floor":18},{"not_picked":["Armaments","Warcry+1"],"picked":"Metallicize+1","floor":19},{"not_picked":["Clothesline+1","Anger","Armaments"],"picked":"SKIP","floor":22},{"not_picked":["Limit Break","Corruption"],"picked":"Power Through","floor":24},{"not_picked":["Rampage+1","Cleave","Headbutt+1"],"picked":"SKIP","floor":27},{"not_picked":["Perfected Strike","Iron Wave"],"picked":"Bloodletting","floor":30},{"not_picked":["Iron Wave","Headbutt","Wild Strike"],"picked":"SKIP","floor":35},{"not_picked":["Headbutt+1","Warcry+1"],"picked":"Seeing Red+1","floor":37},{"not_picked":["Heavy Blade+1","Headbutt"],"picked":"Flex","floor":41},{"not_picked":["Spot Weakness+1","Twin Strike","Havoc"],"picked":"SKIP","floor":42},{"not_picked":["Anger+1","Flex","Sword Boomerang"],"picked":"SKIP","floor":47}],"player_experience":189006,"relics_obtained":[{"floor":6,"key":"Art of War"},{"floor":9,"key":"Regal Pillow"},{"floor":20,"key":"Enchiridion"},{"floor":24,"key":"Bird Faced Urn"},{"floor":26,"key":"Whetstone"},{"floor":30,"key":"Nunchaku"},{"floor":37,"key":"Incense Burner"},{"floor":38,"key":"Matryoshka"},{"floor":43,"key":"Juzu Bracelet"},{"floor":43,"key":"Mango"}],"event_choices":[{"cards_removed":["Strike_R"],"damage_healed":0,"gold_gain":0,"player_choice":"Card Removal","damage_taken":7,"max_hp_gain":0,"max_hp_loss":0,"event_name":"Golden Wing","floor":2,"gold_loss":0},{"damage_healed":0,"gold_gain":0,"player_choice":"Ignored","damage_taken":0,"max_hp_gain":0,"max_hp_loss":0,"event_name":"WeMeetAgain","floor":5,"gold_loss":0},{"cards_removed":["Strike_R"],"damage_healed":0,"gold_gain":0,"player_choice":"Card Removal","damage_taken":0,"max_hp_gain":0,"max_hp_loss":0,"event_name":"The Cleric","floor":11,"gold_loss":50},{"damage_healed":0,"gold_gain":75,"player_choice":"Gather Gold","damage_taken":11,"max_hp_gain":0,"max_hp_loss":0,"event_name":"World of Goop","floor":12,"gold_loss":0},{"damage_healed":0,"gold_gain":0,"player_choice":"Obtained Book","damage_taken":16,"max_hp_gain":0,"max_hp_loss":0,"event_name":"Cursed Tome","floor":20,"gold_loss":0},{"damage_healed":0,"gold_gain":0,"player_choice":"Paid Fearfully","damage_taken":0,"max_hp_gain":0,"max_hp_loss":0,"event_name":"Masked Bandits","floor":29,"gold_loss":81},{"damage_healed":0,"gold_gain":0,"player_choice":"Ignored","damage_taken":0,"max_hp_gain":0,"max_hp_loss":0,"event_name":"Ghosts","floor":31,"gold_loss":0},{"damage_healed":0,"gold_gain":0,"player_choice":"Ignored","damage_taken":0,"max_hp_gain":0,"max_hp_loss":0,"event_name":"Tomb of Lord Red Mask","floor":36,"gold_loss":0},{"damage_healed":0,"gold_gain":0,"player_choice":"Fight","damage_taken":0,"max_hp_gain":0,"max_hp_loss":0,"event_name":"MindBloom","floor":37,"gold_loss":0},{"damage_healed":0,"gold_gain":0,"player_choice":"Max HP","damage_taken":0,"max_hp_gain":0,"max_hp_loss":5,"event_name":"Winding Halls","floor":45,"gold_loss":0},{"cards_removed":["Clash"],"damage_healed":0,"gold_gain":0,"player_choice":"Removed Attack","damage_taken":0,"max_hp_gain":0,"max_hp_loss":0,"event_name":"Falling","floor":48,"gold_loss":0}],"is_beta":false,"boss_relics":[{"not_picked":["Runic Dome","Snecko Eye"],"picked":"Pandora\u0027s Box"},{"not_picked":["Eternal Feather","Calling Bell"],"picked":"Tiny House"}],"items_purged_floors":[13,21],"is_endless":false,"potions_floor_spawned":[6,14,16,18,22,27,30,37,41],"ascension_level":2}