{"gold_per_floor":[115,115,42,42,42,74,92,17,43,43,71,71,104,117,117,215,215,226,240,253,77,87,87,119,119,169,184,194,194,194,208,208,208],"floor_reached":33,"playtime":3511,"items_purged":["Strike_B","Defend_B"],"score":388,"play_id":"83139c17-9144-44ac-a790-9be96e918cfb","local_time":"20181029143754","is_ascension_mode":true,"campfire_choices":[{"data":"Sunder","floor":10,"key":"SMITH"},{"data":"Go for the Eyes","floor":12,"key":"SMITH"},{"floor":15,"key":"REST"},{"floor":23,"key":"REST"},{"floor":29,"key":"REST"},{"floor":32,"key":"REST"}],"neow_cost":"NONE","seed_source_timestamp":1313365482990457,"circlet_count":0,"master_deck":["Strike_B","Strike_B","Strike_B+1","Defend_B","Defend_B","Zap+1","Dualcast","Leap","Sunder+1","Glacier","Go for the Eyes+1","Chaos","Echo Form","Conserve Battery","FTL","Rebound+1","Cold Snap+1","Defragment","Steam+1","Leap+1","Seek","Self Repair","Decay","Electrodynamics"],"relics":["Cracked Core","NeowsBlessing","Strawberry","Dream Catcher","Cables","Happy Flower","Black Star","DataDisk","Bag of Marbles","Blood Vial"],"potions_floor_usage":[13,18,24,24,31,33,33],"damage_taken":[{"damage":0,"enemies":"Jaw Worm","floor":1,"turns":1},{"damage":0,"enemies":"Gremlin Nob","floor":6,"turns":1},{"damage":0,"enemies":"2 Louse","floor":7,"turns":1},{"damage":17,"enemies":"3 Sentries","floor":11,"turns":7},{"damage":1,"enemies":"Lagavulin","floor":13,"turns":6},{"damage":0,"enemies":"Cultist","floor":14,"turns":4},{"damage":2,"enemies":"Slime Boss","floor":16,"turns":10},{"damage":5,"enemies":"Chosen","floor":18,"turns":5},{"damage":18,"enemies":"Spheric Guardian","floor":19,"turns":6},{"damage":6,"enemies":"Snecko","floor":20,"turns":5},{"damage":17,"enemies":"Snake Plant","floor":22,"turns":4},{"damage":39,"enemies":"Gremlin Leader","floor":24,"turns":7},{"damage":0,"enemies":"Shelled Parasite and Fungi","floor":27,"turns":6},{"damage":7,"enemies":"Sentry and Sphere","floor":28,"turns":4},{"damage":28,"enemies":"Centurion and Healer","floor":31,"turns":13},{"damage":72,"enemies":"Automaton","floor":33,"turns":8}],"seed_played":"-2638258078153989020","potions_obtained":[{"floor":6,"key":"PowerPotion"},{"floor":7,"key":"Poison Potion"},{"floor":14,"key":"Dexterity Potion"},{"floor":16,"key":"Ancient Potion"},{"floor":18,"key":"Fruit Juice"},{"floor":20,"key":"Swift Potion"},{"floor":27,"key":"GamblersBrew"},{"floor":31,"key":"Weak Potion"}],"is_trial":false,"path_per_floor":["M","?","$","?","?","E","M","$","T","R","E","R","E","M","R","B",null,"M","M","M","$","M","R","E","?","T","M","M","R","?","M","R"],"character_chosen":"DEFECT","items_purchased":["Sunder","Defragment"],"campfire_rested":4,"item_purchase_floors":[3,21],"current_hp_per_floor":[75,60,60,60,60,67,67,67,67,67,50,50,49,49,73,71,79,79,61,55,55,38,64,25,25,25,27,22,48,48,36,62,0],"gold":208,"neow_bonus":"THREE_ENEMY_KILL","is_prod":false,"is_daily":false,"chose_seed":false,"campfire_upgraded":2,"win_rate":0,"timestamp":1540838274,"path_taken":["M","?","$","?","?","E","?","?","T","R","E","R","E","M","R","BOSS","M","M","M","$","M","R","E","?","T","M","M","R","?","M","R","BOSS"],"build_version":"2018-10-25v2","purchased_purges":2,"victory":false,"max_hp_per_floor":[75,75,75,75,75,82,82,82,82,82,82,82,82,82,82,82,82,87,87,87,87,87,87,87,87,87,87,87,87,87,87,87,87],"card_choices":[{"not_picked":["Turbo","Reprogram"],"picked":"Leap","floor":1},{"not_picked":["Streamline","Melter"],"picked":"Glacier","floor":6},{"not_picked":["Static Discharge","Glacier"],"picked":"Go for the Eyes","floor":7},{"not_picked":["Capacitor","Turbo"],"picked":"Chaos","floor":11},{"not_picked":["White Noise","Stack"],"picked":"Echo Form","floor":13},{"not_picked":["Redo","Steam Power"],"picked":"Conserve Battery","floor":14},{"not_picked":["Steam","Blizzard"],"picked":"FTL","floor":15},{"not_picked":["Redo","Hello World","Barrage"],"picked":"SKIP","floor":18},{"not_picked":["Turbo","Amplify"],"picked":"Rebound+1","floor":19},{"not_picked":["Compile Driver","Static Discharge"],"picked":"Cold Snap+1","floor":20},{"not_picked":["Hologram","Aggregate","Sweeping Beam+1"],"picked":"SKIP","floor":22},{"not_picked":["Beam Cell","Tempest+1"],"picked":"Steam+1","floor":23},{"not_picked":["Aggregate+1","Undo"],"picked":"Leap+1","floor":24},{"not_picked":["Leap","Fusion"],"picked":"Seek","floor":27},{"not_picked":["Conserve Battery","Turbo"],"picked":"Self Repair","floor":28},{"not_picked":["Consume","Rebound"],"picked":"Electrodynamics","floor":31}],"player_experience":253347,"relics_obtained":[{"floor":6,"key":"Strawberry"},{"floor":9,"key":"Dream Catcher"},{"floor":11,"key":"Cables"},{"floor":13,"key":"Happy Flower"},{"floor":24,"key":"DataDisk"},{"floor":24,"key":"Bag of Marbles"},{"floor":26,"key":"Blood Vial"}],"event_choices":[{"damage_healed":0,"gold_gain":0,"player_choice":"Entered Light","damage_taken":15,"max_hp_gain":0,"max_hp_loss":0,"event_name":"Shining Light","floor":2,"gold_loss":0,"cards_upgraded":["Strike_B","Zap"]},{"damage_healed":0,"gold_gain":0,"player_choice":"Cursed","damage_taken":0,"max_hp_gain":0,"max_hp_loss":0,"event_name":"Wheel of Change","floor":4,"gold_loss":0,"cards_obtained":["Decay"]},{"cards_removed":["Decay"],"damage_healed":0,"gold_gain":0,"player_choice":"Purged","damage_taken":0,"max_hp_gain":0,"max_hp_loss":0,"event_name":"Purifier","floor":5,"gold_loss":0},{"cards_removed":["Defend_B"],"damage_healed":0,"gold_gain":0,"player_choice":"Purged","damage_taken":0,"max_hp_gain":0,"max_hp_loss":0,"event_name":"Purifier","floor":25,"gold_loss":0},{"damage_healed":0,"gold_gain":0,"player_choice":"Smashed Altar","damage_taken":0,"max_hp_gain":0,"max_hp_loss":0,"event_name":"Forgotten Altar","floor":30,"gold_loss":0,"cards_obtained":["Decay"]}],"is_beta":false,"boss_relics":[{"not_picked":["Runic Dome","FrozenCore"],"picked":"Black Star"}],"items_purged_floors":[8,21],"is_endless":false,"potions_floor_spawned":[6,7,14,16,18,20,27,31],"killed_by":"Automaton","ascension_level":5}