{"gold_per_floor":[117,117,117,45,45,45,60,74,155,174,174,191,191,202,202,302,302,287,287,287],"floor_reached":20,"playtime":755,"items_purged":[],"score":189,"play_id":"d647a8b1-42ba-4d49-95d3-53cedbf730a2","local_time":"20190204190940","is_ascension_mode":false,"campfire_choices":[{"floor":6,"key":"REST"},{"floor":11,"key":"REST"},{"data":"Zap","floor":13,"key":"SMITH"},{"data":"Dualcast","floor":15,"key":"SMITH"}],"neow_cost":"NONE","seed_source_timestamp":27550023682100,"circlet_count":0,"master_deck":["Defend_B","Defend_B+1","Defend_B","Defend_B+1","Zap+1","Dualcast+1","Electrodynamics","Blizzard","Capacitor","Loop","Compile Driver","Coolheaded","Coolheaded","Compile Driver","Seek","Sunder","Bite","Bite","Bite","Bite","Bite"],"relics":["FrozenCore","Kunai"],"potions_floor_usage":[16,16],"damage_taken":[{"damage":6,"enemies":"Cultist","floor":1,"turns":3},{"damage":0,"enemies":"Small Slimes","floor":7,"turns":2},{"damage":8,"enemies":"Jaw Worm","floor":8,"turns":3},{"damage":4,"enemies":"Looter","floor":10,"turns":3},{"damage":0,"enemies":"Exordium Wildlife","floor":12,"turns":2},{"damage":8,"enemies":"2 Fungi Beasts","floor":14,"turns":4},{"damage":10,"enemies":"Hexaghost","floor":16,"turns":9},{"damage":18,"enemies":"2 Thieves","floor":18,"turns":4},{"damage":55,"enemies":"Masked Bandits","floor":20,"turns":4}],"seed_played":"3462611916172579746","potions_obtained":[{"floor":1,"key":"Energy Potion"},{"floor":10,"key":"GamblersBrew"},{"floor":12,"key":"LiquidBronze"},{"floor":16,"key":"GamblersBrew"}],"is_trial":false,"path_per_floor":["M","?","?","$","?","R","M","M","T","M","R","M","R","M","R","B",null,"M","?","?"],"character_chosen":"DEFECT","items_purchased":["Capacitor"],"campfire_rested":2,"item_purchase_floors":[4],"current_hp_per_floor":[69,57,42,42,35,57,57,49,49,45,67,67,67,59,59,49,75,57,52,0],"gold":287,"neow_bonus":"ONE_RANDOM_RARE_CARD","is_prod":false,"is_daily":false,"chose_seed":false,"campfire_upgraded":2,"win_rate":0,"timestamp":1549278580,"path_taken":["M","?","?","$","?","R","M","M","T","M","R","M","R","M","R","BOSS","M","?","?"],"build_version":"2019-01-23","purchased_purges":0,"victory":false,"max_hp_per_floor":[75,75,75,75,75,75,75,75,75,75,75,75,75,75,75,75,75,75,52,52],"card_choices":[{"not_picked":["Streamline","Melter"],"picked":"Blizzard","floor":1},{"not_picked":["Sweeping Beam","Compile Driver"],"picked":"Loop","floor":7},{"not_picked":["Streamline","Barrage"],"picked":"Compile Driver","floor":8},{"not_picked":["Auto Shields","Reboot"],"picked":"Coolheaded","floor":10},{"not_picked":["Leap","Go for the Eyes"],"picked":"Coolheaded","floor":12},{"not_picked":["Gash","Rebound"],"picked":"Compile Driver","floor":14},{"not_picked":["Buffer","Core Surge"],"picked":"Seek","floor":16},{"not_picked":["Compile Driver+1","Storm"],"picked":"Sunder","floor":18}],"player_experience":338806,"relics_obtained":[],"event_choices":[{"damage_healed":0,"gold_gain":0,"player_choice":"Success","damage_taken":12,"relics_obtained":["Kunai"],"max_hp_gain":0,"max_hp_loss":0,"event_name":"Scrap Ooze","floor":2,"gold_loss":0},{"damage_healed":0,"gold_gain":0,"player_choice":"Entered Light","damage_taken":15,"max_hp_gain":0,"max_hp_loss":0,"event_name":"Shining Light","floor":3,"gold_loss":0,"cards_upgraded":["Defend_B","Defend_B"]},{"cards_removed":["Strike_B"],"damage_healed":0,"gold_gain":0,"player_choice":"Card Removal","damage_taken":7,"max_hp_gain":0,"max_hp_loss":0,"event_name":"Golden Wing","floor":5,"gold_loss":0},{"damage_healed":0,"gold_gain":0,"player_choice":"Became a vampire","damage_taken":0,"max_hp_gain":0,"max_hp_loss":23,"event_name":"Vampires","floor":19,"gold_loss":0,"cards_obtained":["Bite","Bite","Bite","Bite","Bite"]},{"damage_healed":0,"gold_gain":0,"player_choice":"Fought Bandits","damage_taken":0,"max_hp_gain":0,"max_hp_loss":0,"event_name":"Masked Bandits","floor":20,"gold_loss":0}],"is_beta":false,"boss_relics":[{"not_picked":["Black Star","Orrery"],"picked":"FrozenCore"}],"items_purged_floors":[],"is_endless":false,"potions_floor_spawned":[1,10,12,16],"killed_by":"Masked Bandits","ascension_level":0}