{"gold_per_floor":[111,129,148,165,165,165,178,178,178,195,211,211,245,259,259,357,357,372,173,173,223,235,235,252,267,340,340,340,340,340,358,358,453,453,473,473,144,164,264,264,264,264,264,264],"floor_reached":44,"playtime":2231,"items_purged":["Strike_G","Decay"],"score":435,"play_id":"844a416b-9691-4dba-baa9-004d8481f90f","local_time":"20181226070723","is_ascension_mode":false,"campfire_choices":[{"data":"Deadly Poison","floor":6,"key":"SMITH"},{"data":"Neutralize","floor":8,"key":"SMITH"},{"floor":15,"key":"REST"},{"data":"Backflip","floor":23,"key":"SMITH"},{"floor":28,"key":"REST"},{"data":"Footwork","floor":30,"key":"SMITH"},{"floor":32,"key":"REST"},{"data":"Bullet Time","floor":40,"key":"SMITH"},{"data":"Adrenaline","floor":42,"key":"SMITH"}],"neow_cost":"NONE","seed_source_timestamp":24312909285115,"circlet_count":0,"master_deck":["Survivor","Neutralize+1","Poisoned Stab","Poisoned Stab","Quick Slash","Deadly Poison+1","Slice","Bane+1","Bane+1","Footwork+1","Dagger Throw+1","Corpse Explosion","Deflect","Backflip+1","Noxious Fumes","Bane+1","Endless Agony+1","Poisoned Stab+1","Backflip+1","Phantasmal Killer","Dagger Spray+1","Bouncing Flask","Adrenaline+1","Bullet Time+1","Flying Knee+1","Phantasmal Killer","Writhe","Bane+1","Deflect","Deadly Poison"],"relics":["Ring of the Snake","Vajra","Molten Egg 2","Anchor","Empty Cage","Matryoshka","Mummified Hand","Tough Bandages","Pandora\u0027s Box","Membership Card","Tingsha","Lantern","Toxic Egg 2"],"potions_floor_usage":[10,13,16,25,33,39,44,44],"damage_taken":[{"damage":0,"enemies":"2 Louse","floor":1,"turns":3},{"damage":2,"enemies":"Small Slimes","floor":2,"turns":4},{"damage":0,"enemies":"Cultist","floor":3,"turns":3},{"damage":0,"enemies":"Exordium Wildlife","floor":4,"turns":3},{"damage":2,"enemies":"Looter","floor":7,"turns":2},{"damage":0,"enemies":"Gremlin Gang","floor":10,"turns":4},{"damage":1,"enemies":"2 Fungi Beasts","floor":11,"turns":2},{"damage":18,"enemies":"Lagavulin","floor":13,"turns":3},{"damage":0,"enemies":"Blue Slaver","floor":14,"turns":2},{"damage":27,"enemies":"The Guardian","floor":16,"turns":8},{"damage":0,"enemies":"Chosen","floor":18,"turns":4},{"damage":10,"enemies":"2 Thieves","floor":22,"turns":4},{"damage":6,"enemies":"3 Cultists","floor":24,"turns":3},{"damage":15,"enemies":"Snake Plant","floor":25,"turns":3},{"damage":5,"enemies":"Sentry and Sphere","floor":31,"turns":6},{"damage":53,"enemies":"Champ","floor":33,"turns":11},{"damage":2,"enemies":"3 Shapes","floor":35,"turns":5},{"damage":0,"enemies":"3 Darklings","floor":38,"turns":2},{"damage":16,"enemies":"Mind Bloom Boss Battle","floor":39,"turns":7},{"damage":55,"enemies":"Writhing Mass","floor":44,"turns":4}],"seed_played":"5199986557371891132","potions_obtained":[{"floor":1,"key":"GhostInAJar"},{"floor":4,"key":"AttackPotion"},{"floor":11,"key":"GamblersBrew"},{"floor":13,"key":"Poison Potion"},{"floor":16,"key":"LiquidBronze"},{"floor":24,"key":"Swift Potion"},{"floor":33,"key":"EssenceOfSteel"},{"floor":38,"key":"Strength Potion"},{"floor":39,"key":"SkillPotion"}],"is_trial":false,"path_per_floor":["M","M","M","M","?","R","M","R","T","M","M","?","E","M","R","B",null,"M","$","?","?","M","R","M","M","T","?","R","T","R","M","R","B",null,"M","?","$","M","?","R","?","R","T","M"],"character_chosen":"THE_SILENT","items_purchased":["Backflip","Noxious Fumes","Membership Card","Bane+1","Deflect"],"campfire_rested":3,"item_purchase_floors":[19,19,37,37,37],"current_hp_per_floor":[70,68,68,68,68,68,66,66,66,66,65,65,47,47,68,41,70,70,70,70,70,60,60,54,39,39,39,60,60,60,55,70,17,70,68,70,70,70,54,54,54,54,54,0],"gold":264,"neow_bonus":"RANDOM_COMMON_RELIC","is_prod":false,"is_daily":false,"chose_seed":false,"campfire_upgraded":6,"win_rate":0,"timestamp":1545775643,"path_taken":["M","M","M","M","?","R","M","R","T","M","M","?","E","?","R","BOSS","M","$","?","?","M","R","?","M","T","?","R","?","R","M","R","BOSS","M","?","$","M","?","R","?","R","T","M"],"build_version":"2018-12-20","purchased_purges":2,"victory":false,"max_hp_per_floor":[70,70,70,70,70,70,70,70,70,70,70,70,70,70,70,70,70,70,70,70,70,70,70,70,70,70,70,70,70,70,70,70,70,70,70,70,70,70,70,70,70,70,70,70],"card_choices":[{"not_picked":["Crippling Poison","Backflip"],"picked":"Poisoned Stab","floor":1},{"not_picked":["Choke","Caltrops"],"picked":"Poisoned Stab","floor":2},{"not_picked":["Outmaneuver","Dagger Spray"],"picked":"Quick Slash","floor":3},{"not_picked":["Quick Slash","Underhanded Strike"],"picked":"Deadly Poison","floor":4},{"not_picked":["Caltrops","Riddle With Holes"],"picked":"Slice","floor":7},{"not_picked":["Terror","Dodge and Roll"],"picked":"Bane+1","floor":10},{"not_picked":["Distraction","Accuracy"],"picked":"Bane+1","floor":11},{"not_picked":["Masterful Stab+1","Blade Dance"],"picked":"Footwork","floor":13},{"not_picked":["Flechettes+1","Flying Knee+1"],"picked":"Dagger Throw+1","floor":14},{"not_picked":["A Thousand Cuts","Night Terror"],"picked":"Corpse Explosion","floor":16},{"not_picked":["Outmaneuver","Slice+1"],"picked":"Deflect","floor":18},{"not_picked":["Underhanded Strike+1","Caltrops"],"picked":"Endless Agony+1","floor":22},{"not_picked":["Bane+1","Deadly Poison+1"],"picked":"Poisoned Stab+1","floor":24},{"not_picked":["Sucker Punch+1","Backstab+1"],"picked":"Backflip+1","floor":25},{"not_picked":["Heel Hook+1","Predator+1","Calculated Gamble"],"picked":"SKIP","floor":31},{"not_picked":["Unload+1","Doppelganger"],"picked":"Phantasmal Killer","floor":33},{"not_picked":["Blade Dance+1","Crippling Poison+1","Sucker Punch+1"],"picked":"SKIP","floor":35},{"not_picked":["Dagger Spray+1","Slice+1"],"picked":"Deadly Poison","floor":38}],"player_experience":68963,"relics_obtained":[{"floor":9,"key":"Molten Egg 2"},{"floor":13,"key":"Anchor"},{"floor":26,"key":"Matryoshka"},{"floor":29,"key":"Mummified Hand"},{"floor":29,"key":"Tough Bandages"},{"floor":39,"key":"Tingsha"},{"floor":43,"key":"Lantern"},{"floor":43,"key":"Toxic Egg 2"}],"event_choices":[{"damage_healed":0,"gold_gain":0,"player_choice":"Ignored","damage_taken":0,"max_hp_gain":0,"max_hp_loss":0,"event_name":"Liars Game","floor":5,"gold_loss":0},{"damage_healed":0,"gold_gain":0,"player_choice":"Ignored","damage_taken":0,"max_hp_gain":0,"max_hp_loss":0,"event_name":"NoteForYourself","floor":12,"gold_loss":0},{"damage_healed":0,"gold_gain":0,"player_choice":"Read","damage_taken":0,"max_hp_gain":0,"max_hp_loss":0,"event_name":"The Library","floor":20,"gold_loss":0,"cards_obtained":["Bane"]},{"damage_healed":0,"gold_gain":100,"player_choice":"Bet on Murderer","damage_taken":0,"max_hp_gain":0,"max_hp_loss":0,"event_name":"The Joust","floor":21,"gold_loss":50},{"damage_healed":0,"gold_gain":0,"player_choice":"Smashed Altar","damage_taken":0,"max_hp_gain":0,"max_hp_loss":0,"event_name":"Forgotten Altar","floor":27,"gold_loss":0,"cards_obtained":["Decay"]},{"damage_healed":18,"gold_gain":0,"player_choice":"Writhe","damage_taken":0,"max_hp_gain":0,"max_hp_loss":0,"event_name":"Winding Halls","floor":36,"gold_loss":0,"cards_obtained":["Writhe"]},{"damage_healed":0,"gold_gain":0,"player_choice":"Fight","damage_taken":0,"max_hp_gain":0,"max_hp_loss":0,"event_name":"MindBloom","floor":39,"gold_loss":0},{"cards_removed":["Footwork"],"damage_healed":0,"gold_gain":0,"player_choice":"Removed Power","damage_taken":0,"max_hp_gain":0,"max_hp_loss":0,"event_name":"Falling","floor":41,"gold_loss":0}],"is_beta":false,"boss_relics":[{"not_picked":["Philosopher\u0027s Stone","Astrolabe"],"picked":"Empty Cage"},{"not_picked":["Black Star","Cursed Key"],"picked":"Pandora\u0027s Box"}],"items_purged_floors":[19,37],"is_endless":false,"potions_floor_spawned":[1,4,11,13,16,24,33,38,39],"killed_by":"Writhing Mass","ascension_level":0}