{"gold_per_floor":[116,132,152,77,90,90,123,123,205,240,240,255,255,271,271,271],"floor_reached":16,"playtime":858,"items_purged":["Strike_R"],"score":118,"play_id":"ec83c811-9d03-4c34-9a3e-aae010ab6e78","local_time":"20190114192446","is_ascension_mode":true,"campfire_choices":[{"data":"Flex","floor":6,"key":"SMITH"},{"floor":8,"key":"REST"},{"floor":15,"key":"REST"}],"neow_cost":"NONE","seed_source_timestamp":234726667456132,"circlet_count":0,"master_deck":["Strike_R","Strike_R","Strike_R","Defend_R","Defend_R","Defend_R+1","Defend_R","Bash","Headbutt","Flex+1","Burning Pact","Feel No Pain","Metallicize+1","Armaments","Cleave","Shrug It Off"],"relics":["Burning Blood","FossilizedHelix","Blue Candle","Dream Catcher"],"potions_floor_usage":[7,10,10],"damage_taken":[{"damage":11,"enemies":"Jaw Worm","floor":1,"turns":4},{"damage":5,"enemies":"Cultist","floor":2,"turns":4},{"damage":0,"enemies":"2 Louse","floor":3,"turns":3},{"damage":28,"enemies":"Exordium Thugs","floor":5,"turns":6},{"damage":48,"enemies":"Gremlin Nob","floor":7,"turns":5},{"damage":23,"enemies":"Lagavulin","floor":10,"turns":10},{"damage":7,"enemies":"3 Louse","floor":12,"turns":6},{"damage":0,"enemies":"Looter","floor":14,"turns":3},{"damage":3,"enemies":"The Guardian","floor":16,"turns":9}],"seed_played":"-4476827655504675136","potions_obtained":[{"floor":2,"key":"SpeedPotion"},{"floor":5,"key":"Strength Potion"},{"floor":7,"key":"GamblersBrew"},{"floor":14,"key":"Dexterity Potion"}],"is_trial":false,"path_per_floor":["M","M","M","$","M","R","E","R","T","E","?","M","?","M","R","B"],"character_chosen":"IRONCLAD","items_purchased":[],"campfire_rested":2,"item_purchase_floors":[],"current_hp_per_floor":[83,84,88,88,66,66,24,50,50,33,15,14,14,20,46,43],"gold":271,"neow_bonus":"TEN_PERCENT_HP_BONUS","is_prod":false,"is_daily":false,"chose_seed":false,"campfire_upgraded":1,"win_rate":0,"timestamp":1547461486,"path_taken":["M","M","M","$","M","R","E","R","T","E","?","M","?","?","R","BOSS"],"build_version":"2019-01-10","purchased_purges":1,"victory":false,"max_hp_per_floor":[88,88,88,88,88,88,88,88,88,88,88,88,88,88,88,88],"card_choices":[{"not_picked":["Armaments","Carnage"],"picked":"Headbutt","floor":1},{"not_picked":["Headbutt","Inflame"],"picked":"Flex","floor":2},{"not_picked":["Flex","Corruption"],"picked":"Burning Pact","floor":3},{"not_picked":["Sword Boomerang","Perfected Strike"],"picked":"Feel No Pain","floor":5},{"not_picked":["Thunderclap","Juggernaut"],"picked":"Metallicize","floor":7},{"not_picked":["Heavy Blade","Reckless Charge"],"picked":"Armaments","floor":10},{"not_picked":["Thunderclap","Rupture"],"picked":"Cleave","floor":12},{"not_picked":["Thunderclap","Entrench","Body Slam"],"picked":"SKIP","floor":14},{"not_picked":["Cleave","Pummel"],"picked":"Shrug It Off","floor":15}],"player_experience":133086,"relics_obtained":[{"floor":7,"key":"FossilizedHelix"},{"floor":9,"key":"Blue Candle"},{"floor":10,"key":"Dream Catcher"}],"event_choices":[{"damage_healed":0,"gold_gain":0,"player_choice":"Entered Light","damage_taken":18,"max_hp_gain":0,"max_hp_loss":0,"event_name":"Shining Light","floor":11,"gold_loss":0,"cards_upgraded":["Defend_R","Metallicize"]},{"cards_removed":["Strike_R"],"damage_healed":0,"gold_gain":0,"player_choice":"Purged","damage_taken":0,"max_hp_gain":0,"max_hp_loss":0,"event_name":"Purifier","floor":13,"gold_loss":0}],"is_beta":false,"boss_relics":[],"items_purged_floors":[4],"is_endless":false,"potions_floor_spawned":[2,5,7,14],"killed_by":"The Guardian","ascension_level":1}