{"gold_per_floor":[117,127,139,20,34,34,61,61,61,81,95,115,115,170,170,170],"floor_reached":16,"playtime":1022,"items_purged":[],"score":104,"play_id":"4c6ffb8c-2981-4800-a5b1-bcdf603bf330","local_time":"20190128094714","is_ascension_mode":false,"campfire_choices":[{"data":"Zap","floor":6,"key":"SMITH"},{"data":"Dualcast","floor":8,"key":"SMITH"},{"data":"White Noise","floor":15,"key":"SMITH"}],"neow_cost":"NONE","seed_source_timestamp":7236110649300,"circlet_count":0,"master_deck":["Strike_B","Strike_B","Strike_B","Defend_B","Defend_B","Defend_B","Defend_B","Zap+1","Dualcast+1","White Noise+1","Leap","Steam","Defragment","Hologram","Glacier","Cold Snap","Consume","Coolheaded"],"relics":["Cracked Core","Ancient Tea Set","Nunchaku"],"potions_floor_usage":[10,14,16],"damage_taken":[{"damage":0,"enemies":"Cultist","floor":1,"turns":2},{"damage":2,"enemies":"2 Louse","floor":2,"turns":3},{"damage":6,"enemies":"Jaw Worm","floor":3,"turns":3},{"damage":10,"enemies":"Exordium Wildlife","floor":5,"turns":4},{"damage":13,"enemies":"Lagavulin","floor":7,"turns":7},{"damage":7,"enemies":"Exordium Thugs","floor":10,"turns":5},{"damage":4,"enemies":"2 Fungi Beasts","floor":11,"turns":5},{"damage":0,"enemies":"Exordium Wildlife","floor":12,"turns":6},{"damage":3,"enemies":"Lagavulin Event","floor":14,"turns":8},{"damage":46,"enemies":"Hexaghost","floor":16,"turns":18}],"seed_played":"-17012172447014927","potions_obtained":[{"floor":1,"key":"Block Potion"},{"floor":3,"key":"Energy Potion"},{"floor":7,"key":"Block Potion"},{"floor":14,"key":"FairyPotion"}],"is_trial":false,"path_per_floor":["M","M","M","$","M","R","E","R","T","M","M","M","?","?","R","B"],"character_chosen":"DEFECT","items_purchased":["Defragment","Hologram"],"campfire_rested":0,"item_purchase_floors":[4,4],"current_hp_per_floor":[82,80,74,74,64,64,51,51,51,44,40,40,33,30,30,0],"gold":170,"neow_bonus":"TEN_PERCENT_HP_BONUS","is_prod":false,"is_daily":false,"chose_seed":false,"campfire_upgraded":3,"win_rate":0,"timestamp":1548640034,"path_taken":["M","M","M","$","M","R","E","R","T","?","M","M","?","?","R","BOSS"],"build_version":"2019-01-23","purchased_purges":0,"victory":false,"max_hp_per_floor":[82,82,82,82,82,82,82,82,82,82,82,82,82,82,82,82],"card_choices":[{"not_picked":["Blizzard","Gash"],"picked":"White Noise","floor":1},{"not_picked":["Streamline","Gash"],"picked":"Leap","floor":2},{"not_picked":["Genetic Algorithm","Scrape"],"picked":"Steam","floor":3},{"not_picked":["Sweeping Beam","Rebound","Gash"],"picked":"SKIP","floor":5},{"not_picked":["Multi-Cast","Turbo"],"picked":"Glacier","floor":7},{"not_picked":["Stack","Sweeping Beam","Fusion"],"picked":"SKIP","floor":10},{"not_picked":["Sweeping Beam","Scrape"],"picked":"Cold Snap","floor":11},{"not_picked":["Go for the Eyes","Sweeping Beam"],"picked":"Consume","floor":12},{"not_picked":["Leap","Gash"],"picked":"Coolheaded","floor":14}],"player_experience":293461,"relics_obtained":[{"floor":7,"key":"Ancient Tea Set"}],"event_choices":[{"cards_removed":["Strike_B"],"damage_healed":0,"gold_gain":0,"player_choice":"Card Removal","damage_taken":7,"max_hp_gain":0,"max_hp_loss":0,"event_name":"Golden Wing","floor":13,"gold_loss":0},{"damage_healed":0,"gold_gain":0,"player_choice":"Searched \u00273\u0027 times","damage_taken":0,"relics_obtained":["Nunchaku"],"max_hp_gain":0,"max_hp_loss":0,"event_name":"Dead Adventurer","floor":14,"gold_loss":0}],"is_beta":false,"boss_relics":[],"items_purged_floors":[],"is_endless":false,"potions_floor_spawned":[1,3,7,14],"killed_by":"Hexaghost","ascension_level":0}