{"gold_per_floor":[110,120,120,132,132,132,158,158,158,169,184,20,20,20,20,20],"floor_reached":16,"playtime":447,"items_purged":[],"score":115,"play_id":"35db8920-b3c0-4390-b07a-3ed3010ede4d","local_time":"20190206145039","is_ascension_mode":true,"campfire_choices":[{"data":"Dualcast","floor":6,"key":"SMITH"},{"data":"Auto Shields","floor":8,"key":"SMITH"},{"floor":15,"key":"REST"}],"neow_cost":"NONE","seed_source_timestamp":90137430555945,"circlet_count":0,"master_deck":["Strike_B","Strike_B","Defend_B","Defend_B","Defend_B","Defend_B","Zap+1","Dualcast+1","Beam Cell","Auto Shields+1","Streamline","Conserve Battery","Conserve Battery","Self Repair","Steam Power","Reboot"],"relics":["Cracked Core","Prayer Wheel","Nunchaku","Blood Vial"],"potions_floor_usage":[7],"damage_taken":[{"damage":2,"enemies":"Jaw Worm","floor":1,"turns":2},{"damage":0,"enemies":"2 Louse","floor":2,"turns":1},{"damage":0,"enemies":"Cultist","floor":4,"turns":2},{"damage":10,"enemies":"Gremlin Nob","floor":7,"turns":4},{"damage":0,"enemies":"2 Fungi Beasts","floor":10,"turns":3},{"damage":9,"enemies":"Blue Slaver","floor":11,"turns":3},{"damage":6,"enemies":"Hexaghost","floor":16,"turns":4}],"seed_played":"884155913488116180","potions_obtained":[{"floor":1,"key":"Regen Potion"},{"floor":4,"key":"Strength Potion"},{"floor":14,"key":"Regen Potion"},{"floor":14,"key":"Explosive Potion"}],"is_trial":false,"path_per_floor":["M","M","?","M","?","R","E","R","T","M","M","$","?","?","R","B"],"character_chosen":"DEFECT","items_purchased":["Reboot"],"campfire_rested":1,"item_purchase_floors":[12],"current_hp_per_floor":[73,73,73,73,73,73,63,63,63,63,61,61,9,9,31,27],"gold":20,"neow_bonus":"UPGRADE_CARD","is_prod":false,"is_daily":false,"chose_seed":false,"campfire_upgraded":2,"win_rate":0,"timestamp":1549432239,"path_taken":["M","M","?","M","?","R","E","R","T","?","M","$","?","?","R","BOSS"],"build_version":"2019-01-23","purchased_purges":0,"victory":false,"max_hp_per_floor":[75,75,75,75,75,75,75,75,75,75,75,75,75,75,75,75],"card_choices":[{"not_picked":["Chaos","Hologram"],"picked":"Beam Cell","floor":1},{"not_picked":["Conserve Battery","Hologram"],"picked":"Auto Shields","floor":2},{"not_picked":["Heatsinks","Hologram"],"picked":"Conserve Battery","floor":4},{"not_picked":["Genetic Algorithm","Sweeping Beam"],"picked":"Conserve Battery","floor":7},{"not_picked":["Hologram","Gash"],"picked":"Self Repair","floor":10},{"not_picked":["Beam Cell","Rebound","Gash"],"picked":"SKIP","floor":10},{"not_picked":["Glacier","Undo"],"picked":"Steam Power","floor":11},{"not_picked":["Multi-Cast","Scrape","Barrage"],"picked":"SKIP","floor":11}],"player_experience":194953,"relics_obtained":[{"floor":7,"key":"Prayer Wheel"},{"floor":9,"key":"Nunchaku"}],"event_choices":[{"damage_healed":0,"gold_gain":0,"cards_transformed":["Strike_B"],"player_choice":"Change","damage_taken":0,"max_hp_gain":0,"max_hp_loss":0,"event_name":"Living Wall","floor":3,"gold_loss":0,"cards_obtained":["Streamline"]},{"cards_removed":["Strike_B"],"damage_healed":0,"gold_gain":0,"player_choice":"Offered Basic","damage_taken":0,"max_hp_gain":0,"max_hp_loss":0,"event_name":"Bonfire Elementals","floor":5,"gold_loss":0},{"damage_healed":0,"gold_gain":0,"player_choice":"Success","damage_taken":52,"relics_obtained":["Blood Vial"],"max_hp_gain":0,"max_hp_loss":0,"event_name":"Scrap Ooze","floor":13,"gold_loss":0},{"damage_healed":0,"gold_gain":0,"player_choice":"Got Potions","damage_taken":0,"max_hp_gain":0,"max_hp_loss":0,"event_name":"Lab","floor":14,"gold_loss":0}],"is_beta":false,"boss_relics":[],"items_purged_floors":[],"is_endless":false,"potions_floor_spawned":[1,4],"killed_by":"Hexaghost","ascension_level":3}