{"gold_per_floor":[114,114,129,144,159,159,174,204,204,204,24,39,39,54,54,154,154,169,169,184,199,199,199,221,221,296,346,376,391,391,59,59,159,159,174,154,154,169,269,269,8,8,33,48,48,73,103,118,118,118],"floor_reached":51,"playtime":3407,"items_purged":[],"score":872,"play_id":"4cfdd9c3-eebe-4667-bd89-183816e86377","local_time":"20190131171548","daily_mods":["Draft","Diverse","Terminal"],"is_ascension_mode":false,"campfire_choices":[{"data":"Corruption","floor":6,"key":"SMITH"},{"data":"Blade Dance","floor":10,"key":"SMITH"},{"data":"Infinite Blades","floor":15,"key":"SMITH"},{"data":"Exhume","floor":23,"key":"SMITH"},{"data":"Cloak And Dagger","floor":25,"key":"SMITH"},{"floor":32,"key":"REST"},{"data":"Panache","floor":40,"key":"SMITH"},{"data":"Chrysalis","floor":42,"key":"SMITH"},{"data":"Cloak And Dagger","floor":45,"key":"SMITH"},{"data":"Cloak And Dagger","floor":49,"key":"SMITH"}],"neow_cost":"","seed_source_timestamp":0,"circlet_count":0,"master_deck":["Infinite Blades+1","Noxious Fumes","Corruption+1","Blade Dance","Cloak And Dagger+1","Cold Snap","Sweeping Beam","Scrape","Flex","Sucker Punch","Cloak And Dagger+1","Accuracy","Cloak And Dagger+1","Blade Dance+1","Cloak And Dagger","Deadly Poison","Scrape","Panache+1","Disarm","Deadly Poison","Exhume+1","Shrug It Off","Pommel Strike","Zap","Corpse Explosion","Feel No Pain","Undo","Meteor Strike+1","Bloodletting+1","Poisoned Stab+1","Carnage+1","Dual Wield+1","Cloak And Dagger","Chrysalis+1","Footwork","Disarm+1","Bouncing Flask+1","Dark Embrace"],"special_seed":17927,"relics":["Cracked Core","Dream Catcher","Meat on the Bone","Snecko Eye","Red Mask","Molten Egg 2","Centennial Puzzle","Pen Nib","Bottled Lightning","Astrolabe","Mango","DataDisk","Smiling Mask","Bag of Preparation"],"potions_floor_usage":[7,8,18,24,28,37,50,50,50,50,50],"damage_taken":[{"damage":0,"enemies":"Jaw Worm","floor":1,"turns":2},{"damage":0,"enemies":"Cultist","floor":3,"turns":3},{"damage":0,"enemies":"Small Slimes","floor":4,"turns":3},{"damage":0,"enemies":"Looter","floor":5,"turns":3},{"damage":0,"enemies":"Gremlin Gang","floor":7,"turns":2},{"damage":3,"enemies":"3 Sentries","floor":8,"turns":4},{"damage":0,"enemies":"2 Fungi Beasts","floor":12,"turns":2},{"damage":2,"enemies":"Red Slaver","floor":14,"turns":2},{"damage":0,"enemies":"Slime Boss","floor":16,"turns":5},{"damage":7,"enemies":"2 Thieves","floor":18,"turns":3},{"damage":0,"enemies":"Shell Parasite","floor":20,"turns":3},{"damage":0,"enemies":"Centurion and Healer","floor":21,"turns":3},{"damage":0,"enemies":"Masked Bandits","floor":24,"turns":2},{"damage":10,"enemies":"Book of Stabbing","floor":28,"turns":4},{"damage":5,"enemies":"Sentry and Sphere","floor":29,"turns":4},{"damage":15,"enemies":"Automaton","floor":33,"turns":7},{"damage":15,"enemies":"Orb Walker","floor":35,"turns":4},{"damage":0,"enemies":"3 Darklings","floor":37,"turns":1},{"damage":3,"enemies":"Sphere and 2 Shapes","floor":38,"turns":3},{"damage":0,"enemies":"Mind Bloom Boss Battle","floor":39,"turns":5},{"damage":3,"enemies":"Maw","floor":44,"turns":5},{"damage":3,"enemies":"Giant Head","floor":47,"turns":5},{"damage":2,"enemies":"Writhing Mass","floor":48,"turns":3},{"damage":3,"enemies":"Awakened One","floor":50,"turns":4}],"seed_played":"1719304631374948551","potions_obtained":[{"floor":1,"key":"EssenceOfSteel"},{"floor":3,"key":"SkillPotion"},{"floor":4,"key":"SmokeBomb"},{"floor":16,"key":"Explosive Potion"},{"floor":20,"key":"SkillPotion"},{"floor":24,"key":"AttackPotion"},{"floor":33,"key":"GamblersBrew"},{"floor":36,"key":"EntropicBrew"},{"floor":38,"key":"Weak Potion"},{"floor":47,"key":"Swift Potion"}],"is_trial":false,"path_per_floor":["M","?","M","M","M","R","M","E","T","R","$","M","$","M","R","B",null,"M","?","M","M","?","R","?","R","T","T","E","M","?","$","R","B",null,"M","?","M","M","?","R","$","R","T","M","R","T","E","M","R","B",null],"character_chosen":"DEFECT","items_purchased":["Panache","Bottled Lightning","Feel No Pain","Chrysalis","Footwork"],"campfire_rested":1,"item_purchase_floors":[11,31,31,41,41],"current_hp_per_floor":[73,72,71,70,69,68,67,64,64,64,63,62,61,59,59,58,57,50,50,50,50,50,50,50,49,48,47,37,32,26,26,40,25,45,30,30,30,27,41,41,41,41,41,38,38,38,35,33,33,39],"gold":118,"neow_bonus":"","is_prod":false,"is_daily":true,"chose_seed":false,"campfire_upgraded":9,"win_rate":0,"timestamp":1548926148,"path_taken":["M","?","M","M","M","R","M","E","T","R","$","M","?","M","R","BOSS","M","?","M","?","?","R","?","R","T","?","E","?","?","$","R","BOSS","M","?","?","M","?","R","$","R","T","M","R","?","E","M","R","BOSS"],"build_version":"2019-01-23","purchased_purges":0,"victory":true,"max_hp_per_floor":[73,72,71,70,69,68,67,66,65,64,63,62,61,60,59,58,57,56,55,54,53,52,51,50,49,48,47,46,45,49,48,47,46,45,44,43,42,41,54,53,52,51,50,49,48,47,46,45,44,43],"card_choices":[{"not_picked":["Disarm","Acrobatics"],"picked":"Flying Knee","floor":0},{"not_picked":["Sucker Punch","Predator"],"picked":"Infinite Blades","floor":0},{"not_picked":["Headbutt","Endless Agony"],"picked":"Noxious Fumes","floor":0},{"not_picked":["PiercingWail","Flex"],"picked":"Corruption","floor":0},{"not_picked":["Clothesline","Intimidate"],"picked":"Blade Dance","floor":0},{"not_picked":["Go for the Eyes","Stack"],"picked":"Cloak And Dagger","floor":0},{"not_picked":["Heavy Blade","Darkness"],"picked":"Cold Snap","floor":0},{"not_picked":["Deadly Poison","Clothesline"],"picked":"Sweeping Beam","floor":0},{"not_picked":["Headbutt","Reflex"],"picked":"Scrape","floor":0},{"not_picked":["Armaments","Dagger Spray"],"picked":"Flex","floor":0},{"not_picked":["Steam Power","Havoc"],"picked":"Sucker Punch","floor":0},{"not_picked":["Bane","Burning Pact"],"picked":"Steam","floor":0},{"not_picked":["Rupture","Spot Weakness"],"picked":"Cloak And Dagger","floor":0},{"not_picked":["Dodge and Roll","Power Through"],"picked":"Accuracy","floor":0},{"not_picked":["Sucker Punch","Clash"],"picked":"Cloak And Dagger","floor":0},{"not_picked":["Terror","Prepared"],"picked":"Blade Dance","floor":1},{"not_picked":["Spot Weakness","Reckless Charge"],"picked":"Cloak And Dagger","floor":3},{"not_picked":["Iron Wave","Fusion","Hello World"],"picked":"SKIP","floor":4},{"not_picked":["Setup","Leap"],"picked":"Deadly Poison","floor":5},{"not_picked":["Sweeping Beam","Fusion","Dropkick"],"picked":"SKIP","floor":7},{"not_picked":["Calculated Gamble","Leap"],"picked":"Scrape","floor":8},{"not_picked":["Deflect","Conserve Battery"],"picked":"Disarm","floor":12},{"not_picked":["Armaments","Stack"],"picked":"Deadly Poison","floor":14},{"not_picked":["Adrenaline","Bludgeon"],"picked":"Exhume","floor":16},{"not_picked":["Entrench","Armaments"],"picked":"Shrug It Off","floor":18},{"not_picked":["Iron Wave+1","Armaments"],"picked":"Escape Plan","floor":20},{"not_picked":["Carnage+1","Dropkick+1"],"picked":"Slice","floor":21},{"not_picked":["Heatsinks","Outmaneuver","Wild Strike+1"],"picked":"SKIP","floor":28},{"not_picked":["Havoc","Pommel Strike+1"],"picked":"Corpse Explosion","floor":29},{"not_picked":["Go for the Eyes+1","Flechettes+1"],"picked":"Undo","floor":32},{"not_picked":["Corpse Explosion","Adrenaline"],"picked":"Meteor Strike+1","floor":33},{"not_picked":["Gash+1","Flex+1"],"picked":"Dual Wield+1","floor":35},{"not_picked":["True Grit+1","Storm+1"],"picked":"Cloak And Dagger","floor":38},{"not_picked":["Shrug It Off","Static Discharge+1"],"picked":"Disarm+1","floor":44},{"not_picked":["Capacitor","Infinite Blades+1"],"picked":"Bouncing Flask+1","floor":47},{"not_picked":["Well Laid Plans+1","Anger+1"],"picked":"Dark Embrace","floor":48}],"player_experience":305418,"relics_obtained":[{"floor":8,"key":"Dream Catcher"},{"floor":9,"key":"Meat on the Bone"},{"floor":24,"key":"Red Mask"},{"floor":26,"key":"Molten Egg 2"},{"floor":27,"key":"Centennial Puzzle"},{"floor":28,"key":"Pen Nib"},{"floor":39,"key":"Mango"},{"floor":43,"key":"DataDisk"},{"floor":46,"key":"Smiling Mask"},{"floor":47,"key":"Bag of Preparation"}],"event_choices":[{"cards_removed":["Flying Knee"],"damage_healed":0,"gold_gain":0,"player_choice":"Purged","damage_taken":0,"max_hp_gain":0,"max_hp_loss":0,"event_name":"Purifier","floor":2,"gold_loss":0},{"damage_healed":0,"gold_gain":0,"player_choice":"2 cards matched","damage_taken":0,"max_hp_gain":0,"max_hp_loss":0,"event_name":"Match and Keep!","floor":19,"gold_loss":0,"cards_obtained":["Pommel Strike","Zap"]},{"damage_healed":0,"gold_gain":0,"player_choice":"Ignored","damage_taken":0,"max_hp_gain":0,"max_hp_loss":0,"event_name":"Vampires","floor":22,"gold_loss":0},{"damage_healed":0,"gold_gain":0,"player_choice":"Fought Bandits","damage_taken":0,"max_hp_gain":0,"max_hp_loss":0,"event_name":"Masked Bandits","floor":24,"gold_loss":0},{"damage_healed":0,"gold_gain":0,"player_choice":"Shed Blood","damage_taken":11,"max_hp_gain":5,"max_hp_loss":0,"event_name":"Forgotten Altar","floor":30,"gold_loss":0},{"damage_healed":0,"gold_gain":0,"player_choice":"Bought 1 Potion","damage_taken":0,"max_hp_gain":0,"max_hp_loss":0,"event_name":"The Woman in Blue","floor":36,"gold_loss":0},{"damage_healed":0,"gold_gain":0,"player_choice":"Fight","damage_taken":0,"max_hp_gain":0,"max_hp_loss":0,"event_name":"MindBloom","floor":39,"gold_loss":0}],"is_beta":false,"boss_relics":[{"not_picked":["Eternal Feather","Nuclear Battery"],"picked":"Snecko Eye"},{"not_picked":["Tiny House","Fusion Hammer"],"picked":"Astrolabe"}],"items_purged_floors":[],"is_endless":false,"potions_floor_spawned":[1,3,4,16,20,24,33,38,39,47],"ascension_level":0}