{"gold_per_floor":[17,34,45,45,120,145,145,159,159,177,177,13,39,53,53,157,207,225,240,240,340,43,68,68],"floor_reached":24,"playtime":2430,"items_purged":["Defend_B"],"score":251,"play_id":"21799cf7-cb59-401b-9c9d-8c68fa2bffcb","local_time":"20181023001702","is_ascension_mode":false,"campfire_choices":[{"data":"Transmutation","floor":15,"key":"SMITH"}],"neow_cost":"NO_GOLD","seed_source_timestamp":951577926416464,"circlet_count":0,"master_deck":["Strike_B","Strike_B","Strike_B","Strike_B","Defend_B","Defend_B+1","Zap","Dualcast","Sunder+1","Glacier","Conserve Battery","Hologram","Capacitor","Transmutation+1","Self Repair","Creative AI","Conserve Battery","White Noise","Dramatic Entrance","Secret Weapon","Beam Cell","Conserve Battery"],"relics":["Cracked Core","Bronze Scales","Anchor","Gremlin Horn","Tiny House","Oddly Smooth Stone"],"potions_floor_usage":[],"damage_taken":[{"damage":1,"enemies":"2 Louse","floor":1,"turns":2},{"damage":2,"enemies":"Small Slimes","floor":2,"turns":3},{"damage":0,"enemies":"Cultist","floor":3,"turns":3},{"damage":2,"enemies":"3 Sentries","floor":6,"turns":8},{"damage":1,"enemies":"2 Fungi Beasts","floor":8,"turns":3},{"damage":6,"enemies":"Looter","floor":10,"turns":3},{"damage":14,"enemies":"Lagavulin","floor":13,"turns":6},{"damage":7,"enemies":"Lots of Slimes","floor":14,"turns":4},{"damage":31,"enemies":"Hexaghost","floor":16,"turns":11},{"damage":35,"enemies":"Chosen","floor":18,"turns":7},{"damage":3,"enemies":"Shell Parasite","floor":19,"turns":5},{"damage":50,"enemies":"Book of Stabbing","floor":23,"turns":6},{"damage":14,"enemies":"Centurion and Healer","floor":24,"turns":4}],"seed_played":"-8447079648446708147","potions_obtained":[{"floor":2,"key":"Fire Potion"},{"floor":3,"key":"Weak Potion"},{"floor":6,"key":"AttackPotion"}],"is_trial":false,"path_per_floor":["M","M","M","?","?","E","?","M","T","M","?","$","E","M","R","B",null,"M","M","?","?","$","E"],"character_chosen":"DEFECT","items_purchased":["Transmutation","Secret Weapon","Beam Cell"],"campfire_rested":0,"item_purchase_floors":[12,22,22],"current_hp_per_floor":[88,86,86,79,68,66,71,70,70,64,64,64,50,50,50,26,99,71,75,57,57,57,14,0],"gold":68,"neow_bonus":"TWENTY_PERCENT_HP_BONUS","is_prod":false,"is_daily":false,"chose_seed":false,"campfire_upgraded":1,"win_rate":0.0,"timestamp":1540268222,"path_taken":["M","M","M","?","?","E","?","?","T","M","?","$","E","M","R","BOSS","M","M","?","?","?","E","M"],"build_version":"2018-10-18","purchased_purges":1,"victory":false,"max_hp_per_floor":[89,89,89,89,89,89,94,94,94,94,94,94,94,94,94,94,99,99,99,99,99,99,99,99],"card_choices":[{"not_picked":["Go for the Eyes","Scrape"],"picked":"Sunder","floor":1},{"not_picked":["Aggregate","Consume"],"picked":"Glacier","floor":2},{"not_picked":["Go for the Eyes","Ball Lightning"],"picked":"Conserve Battery","floor":3},{"not_picked":["Streamline","Cold Snap"],"picked":"Hologram","floor":6},{"not_picked":["Thunder Strike","Go for the Eyes"],"picked":"Capacitor","floor":8},{"not_picked":["Hello World","BootSequence","Compile Driver"],"picked":"SKIP","floor":10},{"not_picked":["Consume","Double Energy"],"picked":"Self Repair","floor":13},{"not_picked":["Rebound","Streamline","Ball Lightning"],"picked":"SKIP","floor":14},{"not_picked":["Multi-Cast","Reboot"],"picked":"Creative AI","floor":16},{"not_picked":["Ball Lightning","Aggregate"],"picked":"Conserve Battery","floor":17},{"not_picked":["Redo","Rebound"],"picked":"White Noise","floor":18},{"not_picked":["Rebound","Compile Driver","Undo"],"picked":"SKIP","floor":19},{"not_picked":["Melter","Gash"],"picked":"Conserve Battery","floor":23}],"player_experience":34236,"relics_obtained":[{"floor":6,"key":"Bronze Scales"},{"floor":9,"key":"Anchor"},{"floor":13,"key":"Gremlin Horn"},{"floor":23,"key":"Oddly Smooth Stone"}],"event_choices":[{"cards_removed":["Defend_B"],"damage_healed":0,"gold_gain":0,"player_choice":"Card Removal","damage_taken":7,"max_hp_gain":0,"max_hp_loss":0,"event_name":"Golden Wing","floor":4,"gold_loss":0},{"damage_healed":0,"gold_gain":75,"player_choice":"Gather Gold","damage_taken":11,"max_hp_gain":0,"max_hp_loss":0,"event_name":"World of Goop","floor":5,"gold_loss":0},{"damage_healed":0,"gold_gain":0,"player_choice":"Donut","damage_taken":0,"max_hp_gain":5,"max_hp_loss":0,"event_name":"Big Fish","floor":7,"gold_loss":0},{"damage_healed":0,"gold_gain":0,"player_choice":"Grow","damage_taken":0,"max_hp_gain":0,"max_hp_loss":0,"event_name":"Living Wall","floor":11,"gold_loss":0,"cards_upgraded":["Sunder"]},{"damage_healed":0,"gold_gain":0,"player_choice":"CARD ","damage_taken":18,"max_hp_gain":0,"max_hp_loss":0,"event_name":"Knowing Skull","floor":20,"potions_obtained":[],"gold_loss":0,"cards_obtained":["Dramatic Entrance"]},{"damage_healed":0,"gold_gain":100,"player_choice":"Pray","damage_taken":0,"max_hp_gain":0,"max_hp_loss":0,"event_name":"Golden Shrine","floor":21,"gold_loss":0}],"is_beta":false,"boss_relics":[{"not_picked":["Eternal Feather","Calling Bell"],"picked":"Tiny House"}],"items_purged_floors":[22],"is_endless":false,"potions_floor_spawned":[2,3,6,8,13,19],"killed_by":"Centurion and Healer","ascension_level":0}