{"gold_per_floor":[113,130,130,130,147,147,160,172,172,206,206,226,226,244,244,342,342,359,373,472,482,113,113,138,138,211,211,211,211,229,154,154,255,255,274,274,284,339,20,20,32,32,32,32,0,14,14,26,26,26],"floor_reached":51,"playtime":4219,"items_purged":[],"score":617,"play_id":"98aaa3d7-8784-433b-a3c3-4c6a67c3cd40","local_time":"20181224063724","is_ascension_mode":false,"campfire_choices":[{"data":"Neutralize","floor":6,"key":"SMITH"},{"data":"Noxious Fumes","floor":11,"key":"SMITH"},{"data":"Backflip","floor":13,"key":"SMITH"},{"floor":15,"key":"REST"},{"data":"Tools of the Trade","floor":23,"key":"SMITH"},{"data":"Bouncing Flask","floor":25,"key":"SMITH"},{"data":"Deadly Poison","floor":27,"key":"SMITH"},{"data":"PiercingWail","floor":29,"key":"SMITH"},{"floor":32,"key":"REST"},{"data":"Backflip","floor":40,"key":"SMITH"},{"floor":42,"key":"REST"},{"floor":49,"key":"REST"}],"neow_cost":"NONE","seed_source_timestamp":243646549123714,"circlet_count":0,"master_deck":["Defend_G","Defend_G","Defend_G","Defend_G","Defend_G","Strike_G","Strike_G","Survivor","Neutralize+1","Escape Plan","Noxious Fumes+1","PiercingWail+1","Deadly Poison+1","Backflip+1","Flying Knee","PiercingWail","Tools of the Trade+1","Leg Sweep+1","Quick Slash+1","Outmaneuver+1","Prepared","Tactician","Acrobatics+1","Bouncing Flask+1","Prepared","Backflip+1","Doppelganger","Deflect+1","Good Instincts","Deadly Poison+1","Endless Agony+1","Enlightenment","Bouncing Flask+1","Catalyst+1"],"relics":["Ring of the Serpent","Omamori","Meat on the Bone","Ornamental Fan","Paper Crane","Astrolabe","Girya","Anchor","Molten Egg 2","MutagenicStrength","Potion Belt","Ninja Scroll","Red Mask"],"potions_floor_usage":[10,14,16,24,30,33,33,50,50,50,50,50,50,50,50],"damage_taken":[{"damage":2,"enemies":"2 Louse","floor":1,"turns":4},{"damage":0,"enemies":"Small Slimes","floor":2,"turns":4},{"damage":4,"enemies":"Jaw Worm","floor":5,"turns":5},{"damage":7,"enemies":"Large Slime","floor":7,"turns":7},{"damage":0,"enemies":"2 Fungi Beasts","floor":8,"turns":4},{"damage":5,"enemies":"Lagavulin","floor":10,"turns":6},{"damage":0,"enemies":"Exordium Wildlife","floor":12,"turns":4},{"damage":2,"enemies":"Exordium Thugs","floor":14,"turns":5},{"damage":34,"enemies":"Slime Boss","floor":16,"turns":10},{"damage":4,"enemies":"Shell Parasite","floor":18,"turns":6},{"damage":6,"enemies":"3 Byrds","floor":19,"turns":6},{"damage":4,"enemies":"Snake Plant","floor":21,"turns":6},{"damage":24,"enemies":"Book of Stabbing","floor":24,"turns":9},{"damage":9,"enemies":"Shelled Parasite and Fungi","floor":30,"turns":6},{"damage":20,"enemies":"Collector","floor":33,"turns":10},{"damage":17,"enemies":"3 Darklings","floor":35,"turns":11},{"damage":2,"enemies":"Orb Walker","floor":37,"turns":5},{"damage":12,"enemies":"3 Darklings","floor":41,"turns":8},{"damage":0,"enemies":"Maw","floor":46,"turns":7},{"damage":0,"enemies":"Sphere and 2 Shapes","floor":48,"turns":4},{"damage":52,"enemies":"Time Eater","floor":50,"turns":12}],"seed_played":"2236080943939321366","potions_obtained":[{"floor":1,"key":"Fire Potion"},{"floor":8,"key":"Block Potion"},{"floor":10,"key":"Weak Potion"},{"floor":14,"key":"LiquidBronze"},{"floor":18,"key":"Dexterity Potion"},{"floor":24,"key":"Explosive Potion"},{"floor":30,"key":"LiquidBronze"},{"floor":33,"key":"EntropicBrew"},{"floor":41,"key":"EntropicBrew"},{"floor":48,"key":"Fire Potion"}],"is_trial":false,"path_per_floor":["M","M","?","?","M","R","M","M","T","E","R","M","R","M","R","B",null,"M","M","?","M","$","R","E","R","T","R","?","R","M","?","R","B",null,"M","?","M","T","$","R","M","R","T","$","?","M","?","M","R","B",null],"character_chosen":"THE_SILENT","items_purchased":["Bouncing Flask","Girya","Endless Agony+1","LiquidBronze","LiquidBronze","Poison Potion","Enlightenment"],"campfire_rested":4,"item_purchase_floors":[22,22,39,39,39,39,39],"current_hp_per_floor":[68,68,68,50,46,46,39,39,39,46,46,46,46,44,65,43,70,66,60,60,56,56,56,44,44,44,44,44,44,47,47,68,48,70,53,53,51,51,51,51,39,60,60,60,60,60,60,60,70,30],"gold":26,"neow_bonus":"RANDOM_COMMON_RELIC","is_prod":false,"is_daily":false,"chose_seed":false,"campfire_upgraded":8,"win_rate":0.0,"timestamp":1545601044,"path_taken":["M","M","?","?","M","R","M","M","T","E","R","M","R","M","R","BOSS","M","M","?","M","$","R","E","R","T","R","?","R","M","?","R","BOSS","M","?","M","?","$","R","M","R","T","$","?","M","?","M","R","BOSS"],"build_version":"2018-12-20","purchased_purges":0,"victory":true,"max_hp_per_floor":[70,70,70,70,70,70,70,70,70,70,70,70,70,70,70,70,70,70,70,70,70,70,70,70,70,70,70,70,70,70,70,70,70,70,70,70,70,70,70,70,70,70,70,70,70,70,70,70,70,70],"card_choices":[{"not_picked":["Heel Hook","Backflip"],"picked":"Escape Plan","floor":1},{"not_picked":["Slice","Dodge and Roll"],"picked":"Noxious Fumes","floor":2},{"not_picked":["Outmaneuver","Slice"],"picked":"PiercingWail","floor":5},{"not_picked":["Dagger Spray","Skewer"],"picked":"Deadly Poison","floor":7},{"not_picked":["Heel Hook","Dagger Throw"],"picked":"Backflip","floor":8},{"not_picked":["Phantasmal Killer","Bane"],"picked":"Underhanded Strike","floor":10},{"not_picked":["Blade Dance","Caltrops"],"picked":"Flying Knee","floor":12},{"not_picked":["Predator","Dodge and Roll"],"picked":"PiercingWail","floor":14},{"not_picked":["Bullet Time","Malaise"],"picked":"Tools of the Trade","floor":16},{"not_picked":["Well Laid Plans","Deadly Poison"],"picked":"Prepared","floor":18},{"not_picked":["Dagger Throw","Calculated Gamble"],"picked":"Tactician","floor":19},{"not_picked":["Quick Slash","Heel Hook"],"picked":"Acrobatics+1","floor":21},{"not_picked":["Crippling Poison","PiercingWail"],"picked":"Prepared","floor":24},{"not_picked":["Deadly Poison","Blade Dance"],"picked":"Backflip","floor":30},{"not_picked":["Malaise","Night Terror"],"picked":"Doppelganger","floor":33},{"not_picked":["Dagger Throw+1","Underhanded Strike+1"],"picked":"Deflect+1","floor":35},{"not_picked":["Mayhem","Magnetism"],"picked":"Good Instincts","floor":36},{"not_picked":["Slice+1","Sucker Punch+1"],"picked":"Deadly Poison+1","floor":37},{"not_picked":["Blade Dance","Flechettes+1","Quick Slash+1"],"picked":"SKIP","floor":41},{"not_picked":["Leg Sweep+1","Blade Dance"],"picked":"Bouncing Flask+1","floor":46},{"not_picked":["Quick Slash+1","Dagger Throw+1"],"picked":"Catalyst+1","floor":48}],"player_experience":24071,"relics_obtained":[{"floor":9,"key":"Ornamental Fan"},{"floor":10,"key":"Paper Crane"},{"floor":24,"key":"Anchor"},{"floor":26,"key":"Molten Egg 2"},{"floor":38,"key":"Potion Belt"},{"floor":43,"key":"Ninja Scroll"}],"event_choices":[{"damage_healed":0,"gold_gain":0,"player_choice":"Ignored","damage_taken":0,"max_hp_gain":0,"max_hp_loss":0,"event_name":"Liars Game","floor":3,"gold_loss":0},{"damage_healed":0,"gold_gain":0,"player_choice":"Success","damage_taken":18,"relics_obtained":["Meat on the Bone"],"max_hp_gain":0,"max_hp_loss":0,"event_name":"Scrap Ooze","floor":4,"gold_loss":0},{"damage_healed":0,"gold_gain":99,"player_choice":"Stole From Cult","damage_taken":0,"max_hp_gain":0,"max_hp_loss":0,"event_name":"Nest","floor":20,"gold_loss":0},{"damage_healed":0,"gold_gain":0,"player_choice":"Inject Mutagens","damage_taken":0,"relics_obtained":["MutagenicStrength"],"max_hp_gain":0,"max_hp_loss":0,"event_name":"Drug Dealer","floor":28,"gold_loss":0},{"cards_removed":["Strike_G"],"damage_healed":0,"gold_gain":0,"player_choice":"Gave Gold","damage_taken":0,"max_hp_gain":0,"max_hp_loss":0,"event_name":"Beggar","floor":31,"gold_loss":75},{"damage_healed":0,"gold_gain":0,"player_choice":"Memory 1","damage_taken":0,"max_hp_gain":0,"max_hp_loss":0,"event_name":"SensoryStone","floor":36,"gold_loss":0},{"damage_healed":0,"gold_gain":0,"player_choice":"Paid","damage_taken":0,"relics_obtained":["Red Mask"],"max_hp_gain":0,"max_hp_loss":0,"event_name":"Tomb of Lord Red Mask","floor":45,"gold_loss":32},{"damage_healed":0,"gold_gain":0,"player_choice":"Ignored","damage_taken":0,"max_hp_gain":0,"max_hp_loss":0,"event_name":"Mysterious Sphere","floor":47,"gold_loss":0}],"is_beta":false,"boss_relics":[{"not_picked":["Cursed Key","Black Star"],"picked":"Astrolabe"},{"not_picked":["Runic Dome","Velvet Choker"],"picked":"Ring of the Serpent"}],"items_purged_floors":[],"is_endless":false,"potions_floor_spawned":[1,8,10,14,18,24,30,33,41,48],"ascension_level":0}