{"gold_per_floor":[115,134,134,154,104,131,131,131,131,148,158,158,188,208,208,309,309,325,325,325,344,354,354,354,383,410,74,74,90,102,102,102,206,206,219,17,42,42,62,62,72,72,121,133,148,165,165,165,165,165],"floor_reached":51,"playtime":6901,"items_purged":[],"score":660,"play_id":"38abd014-d021-4354-b2bb-b6cf0ed64745","local_time":"20190120193242","is_ascension_mode":true,"campfire_choices":[{"data":"Reaper","floor":7,"key":"SMITH"},{"data":"Pommel Strike","floor":12,"key":"SMITH"},{"data":"Flex","floor":15,"key":"SMITH"},{"data":"Fire Breathing","floor":23,"key":"SMITH"},{"data":"Apotheosis","floor":28,"key":"SMITH"},{"data":"Demon Form","floor":32,"key":"SMITH"},{"data":"Blood for Blood","floor":40,"key":"SMITH"},{"data":"Limit Break","floor":42,"key":"SMITH"},{"data":"Impervious","floor":47,"key":"SMITH"},{"data":"Offering","floor":49,"key":"SMITH"}],"neow_cost":"NONE","seed_source_timestamp":4677633814751,"circlet_count":0,"master_deck":["Strike_R+1","Strike_R+1","Strike_R+1","Defend_R+1","Defend_R+1","Defend_R+1","Defend_R+1","Cleave","Flex+1","Anger","Reaper+1","Pommel Strike+1","Shrug It Off+1","Shrug It Off+1","Demon Form+1","Fire Breathing+1","Metallicize+1","Apotheosis+1","Iron Wave+1","Offering+1","Blood for Blood+1","Inflame+1","Limit Break+1","Impervious+1"],"relics":["Burning Blood","Boot","Self Forming Clay","Matryoshka","Potion Belt","Eternal Feather","Orichalcum","War Paint","Happy Flower","Centennial Puzzle","Orrery","Membership Card","Blood Vial","Juzu Bracelet","Regal Pillow"],"potions_floor_usage":[6,13,25,25,25,29,41,50,50],"damage_taken":[{"damage":6,"enemies":"Jaw Worm","floor":1,"turns":4},{"damage":2,"enemies":"Small Slimes","floor":2,"turns":3},{"damage":1,"enemies":"Cultist","floor":4,"turns":3},{"damage":27,"enemies":"Gremlin Nob","floor":6,"turns":5},{"damage":7,"enemies":"Looter","floor":10,"turns":4},{"damage":12,"enemies":"Exordium Wildlife","floor":11,"turns":4},{"damage":12,"enemies":"3 Sentries","floor":13,"turns":6},{"damage":7,"enemies":"Blue Slaver","floor":14,"turns":3},{"damage":67,"enemies":"Slime Boss","floor":16,"turns":12},{"damage":18,"enemies":"3 Byrds","floor":18,"turns":5},{"damage":10,"enemies":"Chosen","floor":21,"turns":4},{"damage":15,"enemies":"Snecko","floor":22,"turns":6},{"damage":27,"enemies":"Slavers","floor":25,"turns":4},{"damage":5,"enemies":"Centurion and Healer","floor":29,"turns":6},{"damage":1,"enemies":"Sentry and Sphere","floor":30,"turns":7},{"damage":26,"enemies":"Champ","floor":33,"turns":9},{"damage":20,"enemies":"3 Shapes","floor":35,"turns":3},{"damage":6,"enemies":"Orb Walker","floor":39,"turns":3},{"damage":26,"enemies":"Jaw Worm Horde","floor":41,"turns":4},{"damage":36,"enemies":"Maw","floor":44,"turns":6},{"damage":13,"enemies":"Sphere and 2 Shapes","floor":45,"turns":5},{"damage":13,"enemies":"Spire Growth","floor":46,"turns":5},{"damage":63,"enemies":"Time Eater","floor":50,"turns":10}],"seed_played":"8170531805036261520","potions_obtained":[{"floor":2,"key":"EssenceOfSteel"},{"floor":10,"key":"Poison Potion"},{"floor":14,"key":"SteroidPotion"},{"floor":16,"key":"Fire Potion"},{"floor":21,"key":"SteroidPotion"},{"floor":25,"key":"Energy Potion"},{"floor":30,"key":"Weak Potion"},{"floor":41,"key":"Regen Potion"},{"floor":44,"key":"Weak Potion"}],"is_trial":false,"path_per_floor":["M","M","?","M","?","E","R","?","T","M","M","R","E","M","R","B",null,"M","?","?","M","M","R","?","E","T","$","R","M","M","?","R","B",null,"M","$","T","$","M","R","M","R","T","M","M","M","R","?","R","B",null],"character_chosen":"IRONCLAD","items_purchased":["Apotheosis","Centennial Puzzle","Membership Card"],"campfire_rested":0,"item_purchase_floors":[27,27,36],"current_hp_per_floor":[80,80,85,85,85,64,64,64,64,70,69,69,83,84,84,33,85,84,68,68,73,69,78,78,75,75,75,84,85,90,90,90,82,90,82,82,82,82,85,90,90,90,90,84,89,83,90,90,90,48],"gold":165,"neow_bonus":"RANDOM_COMMON_RELIC","is_prod":false,"is_daily":false,"chose_seed":false,"campfire_upgraded":10,"win_rate":0,"timestamp":1547980362,"path_taken":["M","M","?","M","?","E","R","?","T","M","M","R","E","M","R","BOSS","M","?","?","?","M","R","?","E","T","$","R","M","M","?","R","BOSS","M","$","?","$","M","R","M","R","T","M","M","M","R","?","R","BOSS"],"build_version":"2019-01-17v2","purchased_purges":0,"victory":true,"max_hp_per_floor":[80,80,85,85,85,85,85,85,85,85,85,85,85,85,85,85,85,85,90,90,90,90,90,90,90,90,90,90,90,90,90,90,90,90,90,90,90,90,90,90,90,90,90,90,90,90,90,90,90,90],"card_choices":[{"not_picked":["Clothesline","Havoc"],"picked":"Cleave","floor":1},{"not_picked":["Headbutt","Clash"],"picked":"Flex","floor":2},{"not_picked":["Twin Strike","Carnage"],"picked":"Anger","floor":4},{"not_picked":["Searing Blow","Sword Boomerang"],"picked":"Reaper","floor":6},{"not_picked":["Thunderclap","Headbutt","Havoc"],"picked":"SKIP","floor":10},{"not_picked":["Seeing Red","Twin Strike"],"picked":"Pommel Strike","floor":11},{"not_picked":["Clash","Pummel"],"picked":"Shrug It Off","floor":13},{"not_picked":["Clothesline","Havoc"],"picked":"Shrug It Off","floor":14},{"not_picked":["Bludgeon","Fiend Fire"],"picked":"Demon Form","floor":16},{"not_picked":["Havoc","True Grit","Rampage"],"picked":"SKIP","floor":18},{"not_picked":["True Grit","Corruption"],"picked":"Fire Breathing","floor":21},{"not_picked":["Heavy Blade","Pommel Strike","Shockwave"],"picked":"SKIP","floor":22},{"not_picked":["Cleave+1","Rampage+1"],"picked":"Metallicize+1","floor":25},{"not_picked":["Anger+1","True Grit"],"picked":"Iron Wave+1","floor":29},{"not_picked":["Wild Strike","Havoc","Carnage"],"picked":"SKIP","floor":30},{"not_picked":["Immolate","Exhume"],"picked":"Offering","floor":33},{"not_picked":["Anger","Thunderclap"],"picked":"Blood for Blood","floor":34},{"not_picked":["Dropkick+1","Clothesline+1"],"picked":"Inflame+1","floor":35},{"not_picked":["Burning Pact","Wild Strike+1"],"picked":"Limit Break","floor":39},{"not_picked":["Wild Strike+1","Clothesline","Seeing Red"],"picked":"SKIP","floor":41},{"not_picked":["Shrug It Off","True Grit+1","Warcry"],"picked":"SKIP","floor":44},{"not_picked":["Wild Strike+1","Headbutt","Hemokinesis"],"picked":"SKIP","floor":45},{"not_picked":["Cleave","Havoc"],"picked":"Impervious","floor":46}],"player_experience":149560,"relics_obtained":[{"floor":6,"key":"Self Forming Clay"},{"floor":9,"key":"Matryoshka"},{"floor":13,"key":"Potion Belt"},{"floor":25,"key":"Orichalcum"},{"floor":26,"key":"War Paint"},{"floor":26,"key":"Happy Flower"},{"floor":37,"key":"Blood Vial"},{"floor":37,"key":"Juzu Bracelet"},{"floor":43,"key":"Regal Pillow"}],"event_choices":[{"damage_healed":0,"gold_gain":0,"player_choice":"Donut","damage_taken":0,"max_hp_gain":5,"max_hp_loss":0,"event_name":"Big Fish","floor":3,"gold_loss":0},{"cards_removed":["Strike_R"],"damage_healed":0,"gold_gain":0,"player_choice":"Card Removal","damage_taken":0,"max_hp_gain":0,"max_hp_loss":0,"event_name":"The Cleric","floor":5,"gold_loss":50},{"cards_removed":["Strike_R"],"damage_healed":0,"gold_gain":0,"player_choice":"Card Removal","damage_taken":0,"max_hp_gain":0,"max_hp_loss":0,"event_name":"Wheel of Change","floor":8,"gold_loss":0},{"damage_healed":0,"gold_gain":0,"player_choice":"Shed Blood","damage_taken":21,"max_hp_gain":5,"max_hp_loss":0,"event_name":"Forgotten Altar","floor":19,"gold_loss":0},{"damage_healed":0,"gold_gain":0,"player_choice":"Simplicity","damage_taken":0,"max_hp_gain":0,"max_hp_loss":0,"event_name":"Back to Basics","floor":20,"gold_loss":0,"cards_upgraded":["Strike_R","Strike_R","Strike_R","Defend_R","Defend_R","Defend_R","Defend_R"]},{"damage_healed":0,"gold_gain":0,"player_choice":"Ignored","damage_taken":0,"max_hp_gain":0,"max_hp_loss":0,"event_name":"Ghosts","floor":24,"gold_loss":0},{"cards_removed":["Bash"],"damage_healed":0,"gold_gain":0,"player_choice":"Purged","damage_taken":0,"max_hp_gain":0,"max_hp_loss":0,"event_name":"Purifier","floor":31,"gold_loss":0},{"damage_healed":0,"gold_gain":0,"player_choice":"Ignored","damage_taken":0,"max_hp_gain":0,"max_hp_loss":0,"event_name":"Mysterious Sphere","floor":48,"gold_loss":0}],"is_beta":false,"boss_relics":[{"not_picked":["Busted Crown","Fusion Hammer"],"picked":"Eternal Feather"},{"not_picked":["Empty Cage","Calling Bell"],"picked":"Orrery"}],"items_purged_floors":[],"is_endless":false,"potions_floor_spawned":[2,10,14,16,21,25,30,41,44],"ascension_level":1}