{"gold_per_floor":[218,230,246,246,123,123,139,139,187,187,201,201,231,258,258,354,354,365,365,213,230,247,278,278,307,361,411,36,53,65,79,79,182,182,198,75,75,75,90,90,125,125,152,9,9,9,25,25,25,25],"floor_reached":51,"playtime":3106,"items_purged":["Strike_G","Defend_G","Strike_G"],"score":711,"play_id":"4a28beae-2a18-4514-a5aa-1a394b2ae67c","local_time":"20190114202847","is_ascension_mode":true,"campfire_choices":[{"data":"Sucker Punch","floor":6,"key":"SMITH"},{"data":"Poisoned Stab","floor":8,"key":"SMITH"},{"data":"Deadly Poison","floor":12,"key":"SMITH"},{"data":"Survivor","floor":15,"key":"SMITH"},{"floor":24,"key":"REST"},{"floor":32,"key":"REST"},{"floor":40,"key":"REST"},{"data":"Envenom","floor":45,"key":"SMITH"},{"data":"Leg Sweep","floor":49,"key":"SMITH"}],"neow_cost":"NONE","seed_source_timestamp":236302466062140,"circlet_count":0,"master_deck":["Defend_G+1","Defend_G+1","Defend_G","Defend_G","Strike_G","Strike_G+1","Strike_G","Survivor+1","Neutralize","Deadly Poison+1","Sucker Punch+1","Deadly Poison+1","Poisoned Stab+1","Adrenaline+1","Escape Plan","Adrenaline","Flechettes+1","Backflip","Dagger Spray","PiercingWail","Escape Plan+1","Caltrops","Bane+1","Leg Sweep+1","Envenom+1","Calculated Gamble","Footwork","Flying Knee","Master of Strategy","PiercingWail+1","Escape Plan+1","Backflip"],"relics":["Ring of the Snake","Omamori","Dream Catcher","PreservedInsect","Lizard Tail","Art of War","Anchor","War Paint","Paper Crane","Sozu","Strawberry","Vajra","Snake Skull"],"potions_floor_usage":[16,18,22,23,25,29,31,33],"damage_taken":[{"damage":0,"enemies":"2 Louse","floor":1,"turns":3},{"damage":4,"enemies":"Jaw Worm","floor":2,"turns":4},{"damage":1,"enemies":"Cultist","floor":3,"turns":4},{"damage":0,"enemies":"Exordium Wildlife","floor":7,"turns":3},{"damage":4,"enemies":"Exordium Thugs","floor":11,"turns":3},{"damage":29,"enemies":"Slime Boss","floor":16,"turns":10},{"damage":7,"enemies":"3 Byrds","floor":18,"turns":5},{"damage":0,"enemies":"2 Thieves","floor":21,"turns":4},{"damage":11,"enemies":"Snake Plant","floor":22,"turns":3},{"damage":1,"enemies":"Slavers","floor":23,"turns":3},{"damage":37,"enemies":"Gremlin Leader","floor":25,"turns":6},{"damage":10,"enemies":"Sentry and Sphere","floor":29,"turns":6},{"damage":0,"enemies":"Centurion and Healer","floor":30,"turns":5},{"damage":19,"enemies":"3 Cultists","floor":31,"turns":6},{"damage":61,"enemies":"Champ","floor":33,"turns":14},{"damage":24,"enemies":"3 Darklings","floor":35,"turns":6},{"damage":0,"enemies":"Orb Walker","floor":39,"turns":3},{"damage":20,"enemies":"Giant Head","floor":41,"turns":8},{"damage":0,"enemies":"Writhing Mass","floor":47,"turns":5},{"damage":38,"enemies":"Awakened One","floor":50,"turns":16}],"seed_played":"-1523503898807750840","potions_obtained":[{"floor":1,"key":"Swift Potion"},{"floor":3,"key":"Poison Potion"},{"floor":7,"key":"Explosive Potion"},{"floor":16,"key":"EssenceOfSteel"},{"floor":21,"key":"SkillPotion"},{"floor":22,"key":"SpeedPotion"},{"floor":29,"key":"Dexterity Potion"},{"floor":31,"key":"Energy Potion"}],"is_trial":false,"path_per_floor":["M","M","M","?","$","R","M","R","T","?","M","R","?","T","R","B",null,"M","?","$","M","M","E","R","E","T","?","$","M","M","M","R","B",null,"M","$","?","?","M","R","E","?","T","$","R","?","M","$","R","B",null],"character_chosen":"THE_SILENT","items_purchased":["Poisoned Stab","Backflip","Paper Crane","Footwork","Flying Knee","Snake Skull"],"campfire_rested":3,"item_purchase_floors":[5,20,28,36,36,44],"current_hp_per_floor":[70,66,65,65,65,65,65,65,65,51,47,47,47,47,47,18,70,63,63,63,63,52,51,70,33,33,33,33,23,23,4,25,2,70,46,46,46,46,46,67,54,73,73,73,73,73,73,73,73,35],"gold":25,"neow_bonus":"HUNDRED_GOLD","is_prod":false,"is_daily":false,"chose_seed":false,"campfire_upgraded":6,"win_rate":0,"timestamp":1547465327,"path_taken":["M","M","M","?","$","R","M","R","T","?","M","R","?","?","R","BOSS","M","?","$","?","M","E","R","E","T","?","?","M","M","M","R","BOSS","M","$","?","?","M","R","E","?","T","$","R","?","M","?","R","BOSS"],"build_version":"2019-01-10","purchased_purges":3,"victory":true,"max_hp_per_floor":[70,70,70,70,70,70,70,70,70,70,70,70,70,70,70,70,70,70,70,70,70,70,70,70,70,70,70,70,70,70,70,70,70,70,70,70,70,70,70,70,77,77,77,77,77,77,77,77,77,77],"card_choices":[{"not_picked":["Catalyst","Dagger Throw"],"picked":"Deadly Poison","floor":1},{"not_picked":["Accuracy","Noxious Fumes"],"picked":"Sucker Punch","floor":2},{"not_picked":["Slice","Prepared"],"picked":"Deadly Poison","floor":3},{"not_picked":["Dagger Throw","Calculated Gamble"],"picked":"Adrenaline","floor":7},{"not_picked":["Expertise","Sucker Punch"],"picked":"Escape Plan","floor":11},{"not_picked":["Phantasmal Killer","Night Terror"],"picked":"Adrenaline","floor":16},{"not_picked":["Outmaneuver","Dagger Spray"],"picked":"Flechettes+1","floor":18},{"not_picked":["Cloak And Dagger","Dodge and Roll"],"picked":"Dagger Spray","floor":21},{"not_picked":["Dagger Throw","Cloak And Dagger"],"picked":"PiercingWail","floor":22},{"not_picked":["Slice","Eviscerate"],"picked":"Escape Plan+1","floor":23},{"not_picked":["Outmaneuver","All Out Attack"],"picked":"Caltrops","floor":24},{"not_picked":["Finisher","Tools of the Trade","All Out Attack"],"picked":"SKIP","floor":25},{"not_picked":["Infinite Blades","Predator+1"],"picked":"Bane+1","floor":29},{"not_picked":["Expertise","Cloak And Dagger"],"picked":"Leg Sweep","floor":30},{"not_picked":["Blade Dance","Sucker Punch","Caltrops"],"picked":"SKIP","floor":31},{"not_picked":["After Image","Night Terror"],"picked":"Envenom","floor":33},{"not_picked":["Dagger Spray","Reflex+1"],"picked":"Calculated Gamble","floor":35},{"not_picked":["Forethought","Violence"],"picked":"Master of Strategy","floor":38},{"not_picked":["Flying Knee","Cloak And Dagger+1"],"picked":"PiercingWail+1","floor":39},{"not_picked":["Dodge and Roll+1","Dash+1"],"picked":"Escape Plan+1","floor":41},{"not_picked":["Quick Slash","Choke+1"],"picked":"Backflip","floor":47}],"player_experience":134642,"relics_obtained":[{"floor":9,"key":"Omamori"},{"floor":14,"key":"PreservedInsect"},{"floor":23,"key":"Art of War"},{"floor":25,"key":"Anchor"},{"floor":26,"key":"War Paint"},{"floor":41,"key":"Strawberry"},{"floor":43,"key":"Vajra"}],"event_choices":[{"damage_healed":0,"gold_gain":0,"player_choice":"Ignored","damage_taken":0,"max_hp_gain":0,"max_hp_loss":0,"event_name":"Liars Game","floor":4,"gold_loss":0},{"damage_healed":0,"gold_gain":0,"player_choice":"Entered Light","damage_taken":14,"max_hp_gain":0,"max_hp_loss":0,"event_name":"Shining Light","floor":10,"gold_loss":0,"cards_upgraded":["Strike_G","Deadly Poison"]},{"damage_healed":0,"gold_gain":30,"player_choice":"Searched \u00272\u0027 times","damage_taken":0,"relics_obtained":["Dream Catcher"],"max_hp_gain":0,"max_hp_loss":0,"event_name":"Dead Adventurer","floor":13,"gold_loss":0},{"damage_healed":0,"gold_gain":0,"player_choice":"Upgraded","damage_taken":0,"max_hp_gain":0,"max_hp_loss":0,"event_name":"Upgrade Shrine","floor":19,"gold_loss":0,"cards_upgraded":["Adrenaline"]},{"damage_healed":0,"gold_gain":100,"player_choice":"Bet on Murderer","damage_taken":0,"max_hp_gain":0,"max_hp_loss":0,"event_name":"The Joust","floor":27,"gold_loss":50},{"damage_healed":0,"gold_gain":0,"player_choice":"Ignored","damage_taken":0,"max_hp_gain":0,"max_hp_loss":0,"event_name":"Tomb of Lord Red Mask","floor":37,"gold_loss":0},{"damage_healed":0,"gold_gain":0,"player_choice":"Memory 1","damage_taken":0,"max_hp_gain":0,"max_hp_loss":0,"event_name":"SensoryStone","floor":38,"gold_loss":0},{"damage_healed":19,"gold_gain":0,"player_choice":"Writhe","damage_taken":0,"max_hp_gain":0,"max_hp_loss":0,"event_name":"Winding Halls","floor":42,"gold_loss":0,"cards_obtained":["Writhe"]},{"damage_healed":0,"gold_gain":0,"player_choice":"Ignored","damage_taken":0,"max_hp_gain":0,"max_hp_loss":0,"event_name":"Mysterious Sphere","floor":46,"gold_loss":0}],"is_beta":false,"boss_relics":[{"not_picked":["Coffee Dripper","HoveringKite"],"picked":"Lizard Tail"},{"not_picked":["Fusion Hammer","Velvet Choker"],"picked":"Sozu"}],"items_purged_floors":[5,20,28],"is_endless":false,"potions_floor_spawned":[1,3,7,16,21,22,29,31,39],"ascension_level":1}