{"gold_per_floor":[110,110,110,30,41,41,72,72,72,84,98,110,34,50,50,153,153,163,163,363,381,396,396,396,396,467,478,33,47,58,68,68,166,166,177,277,296,45,45,45,57,57,114,114,114,114,114,214,214,214],"floor_reached":50,"playtime":3287,"items_purged":["Strike_B","Normality"],"score":644,"play_id":"a9c6eb01-cbda-4965-88cb-69693a6a5213","local_time":"20181128004212","is_ascension_mode":true,"campfire_choices":[{"data":"Genetic Algorithm","floor":6,"key":"SMITH"},{"data":"Zap","floor":8,"key":"SMITH"},{"floor":15,"key":"REST"},{"floor":23,"key":"REST"},{"data":"Auto Shields","floor":25,"key":"SMITH"},{"floor":32,"key":"REST"},{"floor":40,"key":"REST"},{"floor":42,"key":"DIG"},{"floor":44,"key":"DIG"},{"floor":47,"key":"DIG"},{"floor":49,"key":"REST"}],"neow_cost":"NONE","seed_source_timestamp":2853595965939055,"circlet_count":0,"master_deck":["Strike_B","Defend_B","Defend_B","Defend_B","Defend_B","Zap+1","Dualcast","Beam Cell","Sunder","Genetic Algorithm+1","Defragment","Defragment","Auto Shields+1","White Noise","Loop","Leap","Machine Learning","Defragment","Ball Lightning","Hello World","Fusion","Machine Learning","Chaos","Cold Snap","Heatsinks","Coolheaded","Go for the Eyes","Coolheaded","Buffer","Static Discharge","Glacier","Normality"],"relics":["FrozenCore","Regal Pillow","Mummified Hand","Cursed Key","Matryoshka","Darkstone Periapt","Shovel","Centennial Puzzle","Art of War","Kunai","Tiny Chest","Ancient Tea Set"],"potions_floor_usage":[29,31,36,37,50,50,50],"damage_taken":[{"damage":9,"enemies":"Small Slimes","floor":1,"turns":3},{"damage":4,"enemies":"Jaw Worm","floor":5,"turns":4},{"damage":24,"enemies":"Lagavulin","floor":7,"turns":5},{"damage":0,"enemies":"Cultist","floor":10,"turns":2},{"damage":9,"enemies":"3 Louse","floor":11,"turns":3},{"damage":0,"enemies":"Exordium Wildlife","floor":12,"turns":2},{"damage":1,"enemies":"2 Fungi Beasts","floor":14,"turns":2},{"damage":49,"enemies":"Hexaghost","floor":16,"turns":10},{"damage":20,"enemies":"2 Thieves","floor":18,"turns":4},{"damage":25,"enemies":"Shell Parasite","floor":21,"turns":5},{"damage":12,"enemies":"Centurion and Healer","floor":22,"turns":6},{"damage":13,"enemies":"3 Cultists","floor":27,"turns":6},{"damage":22,"enemies":"Sentry and Sphere","floor":29,"turns":6},{"damage":1,"enemies":"Centurion and Healer","floor":30,"turns":7},{"damage":21,"enemies":"Shelled Parasite and Fungi","floor":31,"turns":6},{"damage":35,"enemies":"Collector","floor":33,"turns":19},{"damage":13,"enemies":"Orb Walker","floor":35,"turns":6},{"damage":0,"enemies":"Mind Bloom Boss Battle","floor":36,"turns":9},{"damage":35,"enemies":"3 Darklings","floor":37,"turns":8},{"damage":7,"enemies":"Transient","floor":41,"turns":5},{"damage":97,"enemies":"Awakened One","floor":50,"turns":8}],"seed_played":"6194370852827790915","potions_obtained":[{"floor":0,"key":"SneckoOil"},{"floor":0,"key":"SteroidPotion"},{"floor":0,"key":"Explosive Potion"},{"floor":16,"key":"Energy Potion"},{"floor":21,"key":"SteroidPotion"},{"floor":27,"key":"Regen Potion"},{"floor":30,"key":"Swift Potion"},{"floor":31,"key":"Weak Potion"},{"floor":36,"key":"SneckoOil"},{"floor":37,"key":"Poison Potion"},{"floor":41,"key":"Strength Potion"}],"is_trial":false,"path_per_floor":["M","?","?","$","M","R","E","R","T","M","M","M","$","M","R","B",null,"M","?","?","M","M","R","?","R","T","M","$","M","M","M","R","B",null,"M","?","M","$","?","R","M","R","T","R","$","$","R","?","R","B"],"character_chosen":"DEFECT","items_purchased":["Sunder","Loop","Darkstone Periapt","Cold Snap","Heatsinks","Centennial Puzzle"],"campfire_rested":5,"item_purchase_floors":[4,13,28,28,28,38],"current_hp_per_floor":[59,64,64,64,60,60,36,36,36,36,27,27,27,26,65,16,64,44,44,44,19,7,46,46,46,46,33,33,25,24,3,42,7,62,49,49,14,14,14,53,46,46,52,52,52,52,52,52,86,0],"gold":214,"neow_bonus":"THREE_SMALL_POTIONS","is_prod":false,"is_daily":false,"chose_seed":false,"campfire_upgraded":3,"win_rate":0,"timestamp":1543383732,"path_taken":["M","?","?","$","?","R","E","R","T","M","M","M","$","M","R","BOSS","M","?","?","M","?","R","?","R","T","M","$","M","M","M","R","BOSS","M","?","M","$","?","R","M","R","T","R","?","$","R","?","R","BOSS"],"build_version":"2018-11-15","purchased_purges":2,"victory":false,"max_hp_per_floor":[75,80,80,80,80,80,80,80,80,80,80,80,80,80,80,80,80,80,80,80,80,80,80,80,80,80,80,80,80,80,80,80,80,80,80,80,80,80,80,80,80,80,86,86,86,86,86,86,86,86],"card_choices":[{"not_picked":["Hologram","Double Energy"],"picked":"Beam Cell","floor":1},{"not_picked":["Darkness","Compile Driver"],"picked":"Genetic Algorithm","floor":5},{"not_picked":["Barrage","Hologram"],"picked":"Defragment","floor":7},{"not_picked":["Compile Driver","Recycle"],"picked":"Defragment","floor":10},{"not_picked":["Sweeping Beam","Thunder Strike"],"picked":"Auto Shields","floor":11},{"not_picked":["Ball Lightning","Barrage"],"picked":"White Noise","floor":12},{"not_picked":["Stack","Skim"],"picked":"Leap","floor":14},{"not_picked":["Multi-Cast","Thunder Strike"],"picked":"Machine Learning","floor":16},{"not_picked":["Barrage","Hologram"],"picked":"Defragment","floor":18},{"not_picked":["BootSequence","Blizzard"],"picked":"Ball Lightning","floor":21},{"not_picked":["BootSequence+1","Self Repair"],"picked":"Hello World","floor":22},{"not_picked":["Barrage","Steam+1"],"picked":"Chaos","floor":27},{"not_picked":["Tempest","Multi-Cast"],"picked":"Coolheaded","floor":29},{"not_picked":["Heatsinks","Stack+1"],"picked":"Go for the Eyes","floor":30},{"not_picked":["Genetic Algorithm","Barrage"],"picked":"Coolheaded","floor":31},{"not_picked":["Fission","All For One"],"picked":"Buffer","floor":33},{"not_picked":["Go for the Eyes","Rebound","Skim"],"picked":"SKIP","floor":35},{"not_picked":["Skim","Conserve Battery"],"picked":"Static Discharge","floor":36},{"not_picked":["Compile Driver","Conserve Battery+1"],"picked":"Glacier","floor":37},{"not_picked":["Cold Snap","Coolheaded","Turbo+1"],"picked":"SKIP","floor":41}],"player_experience":597538,"relics_obtained":[{"floor":7,"key":"Regal Pillow"},{"floor":9,"key":"Mummified Hand"},{"floor":26,"key":"Matryoshka"},{"floor":36,"key":"Shovel"},{"floor":42,"key":"Art of War"},{"floor":43,"key":"Kunai"},{"floor":43,"key":"Tiny Chest"},{"floor":47,"key":"Ancient Tea Set"}],"event_choices":[{"damage_healed":0,"gold_gain":0,"player_choice":"Donut","damage_taken":0,"max_hp_gain":5,"max_hp_loss":0,"event_name":"Big Fish","floor":2,"gold_loss":0},{"damage_healed":0,"gold_gain":0,"player_choice":"Fled","damage_taken":0,"max_hp_gain":0,"max_hp_loss":0,"event_name":"Scrap Ooze","floor":3,"gold_loss":0},{"damage_healed":0,"gold_gain":0,"player_choice":"Ignored","damage_taken":0,"max_hp_gain":0,"max_hp_loss":0,"event_name":"Vampires","floor":19,"gold_loss":0},{"damage_healed":0,"gold_gain":200,"player_choice":"Gold","damage_taken":0,"max_hp_gain":0,"max_hp_loss":0,"event_name":"Wheel of Change","floor":20,"gold_loss":0},{"damage_healed":0,"gold_gain":0,"cards_transformed":["Strike_B","Strike_B"],"player_choice":"Became Test Subject","damage_taken":0,"max_hp_gain":0,"max_hp_loss":0,"event_name":"Drug Dealer","floor":24,"gold_loss":0,"cards_obtained":["Fusion","Machine Learning"]},{"damage_healed":0,"gold_gain":0,"player_choice":"Fight","damage_taken":0,"max_hp_gain":0,"max_hp_loss":0,"event_name":"MindBloom","floor":36,"gold_loss":0},{"damage_healed":0,"gold_gain":0,"player_choice":"Ignored","damage_taken":0,"max_hp_gain":0,"max_hp_loss":0,"event_name":"The Moai Head","floor":39,"gold_loss":0},{"damage_healed":0,"gold_gain":100,"player_choice":"Pray","damage_taken":0,"max_hp_gain":0,"max_hp_loss":0,"event_name":"Golden Shrine","floor":48,"gold_loss":0}],"is_beta":false,"boss_relics":[{"not_picked":["Runic Pyramid","Runic Dome"],"picked":"Cursed Key"},{"not_picked":["Lizard Tail","Black Star"],"picked":"FrozenCore"}],"items_purged_floors":[28,38],"is_endless":false,"potions_floor_spawned":[10,16,21,27,30,31,35,36,37,41],"killed_by":"Awakened One","ascension_level":8}