{"gold_per_floor":[113,130,130,140,65,65,98,98,98,98,133,133,150,50,50],"floor_reached":15,"playtime":457,"items_purged":["Strike_R","Strike_R"],"score":113,"play_id":"c8749dbc-3a63-4ecc-a2e7-151008312583","local_time":"20190205080521","is_ascension_mode":true,"campfire_choices":[{"data":"Flame Barrier","floor":6,"key":"SMITH"},{"data":"Bash","floor":8,"key":"SMITH"},{"floor":10,"key":"REST"},{"data":"Infernal Blade","floor":12,"key":"SMITH"}],"neow_cost":"NONE","seed_source_timestamp":971341498694454,"circlet_count":0,"master_deck":["Strike_R","Strike_R","Strike_R","Defend_R","Defend_R+1","Defend_R+1","Defend_R","Bash+1","Flame Barrier+1","Infernal Blade+1","Sever Soul"],"relics":["Burning Blood","NeowsBlessing","Bag of Preparation","War Paint","Blue Candle","Paper Frog"],"potions_floor_usage":[7],"damage_taken":[{"damage":0,"enemies":"Cultist","floor":1,"turns":1},{"damage":0,"enemies":"Jaw Worm","floor":2,"turns":1},{"damage":0,"enemies":"2 Louse","floor":4,"turns":1},{"damage":20,"enemies":"3 Sentries","floor":7,"turns":8},{"damage":25,"enemies":"Lagavulin","floor":11,"turns":9},{"damage":18,"enemies":"Large Slime","floor":13,"turns":6}],"seed_played":"-7923602610524210900","potions_obtained":[{"floor":4,"key":"AttackPotion"},{"floor":11,"key":"EssenceOfSteel"},{"floor":13,"key":"FearPotion"}],"is_trial":false,"path_per_floor":["M","M","?","M","$","R","E","R","T","R","E","R","M","$","R"],"character_chosen":"IRONCLAD","items_purchased":[],"campfire_rested":1,"item_purchase_floors":[],"current_hp_per_floor":[80,80,73,79,79,79,65,65,65,80,61,61,49,49,49],"gold":50,"neow_bonus":"THREE_ENEMY_KILL","is_prod":false,"is_daily":false,"chose_seed":false,"campfire_upgraded":3,"win_rate":0,"timestamp":1549321521,"path_taken":["M","?","?","M","$","R","E","R","T","R","E","R","M","$","R"],"build_version":"2019-01-23","purchased_purges":2,"victory":false,"max_hp_per_floor":[80,80,80,80,80,80,80,80,80,80,80,80,80,80,80],"card_choices":[{"not_picked":["Iron Wave","Clothesline","Clash"],"picked":"SKIP","floor":1},{"not_picked":["Body Slam","Bludgeon","Anger"],"picked":"SKIP","floor":2},{"not_picked":["Havoc","Armaments"],"picked":"Flame Barrier","floor":4},{"not_picked":["Perfected Strike","Uppercut","Sentinel"],"picked":"SKIP","floor":7},{"not_picked":["Havoc","Warcry"],"picked":"Infernal Blade","floor":11},{"not_picked":["Iron Wave","Perfected Strike"],"picked":"Sever Soul","floor":13}],"player_experience":184262,"relics_obtained":[{"floor":7,"key":"War Paint"},{"floor":9,"key":"Blue Candle"},{"floor":11,"key":"Paper Frog"}],"event_choices":[{"damage_healed":0,"gold_gain":0,"player_choice":"Success","damage_taken":7,"relics_obtained":["Bag of Preparation"],"max_hp_gain":0,"max_hp_loss":0,"event_name":"Scrap Ooze","floor":3,"gold_loss":0}],"is_beta":false,"boss_relics":[],"items_purged_floors":[5,14],"is_endless":false,"potions_floor_spawned":[4,11,13],"ascension_level":2}