{"gold_per_floor":[114,129,144,0,15,15,15,15,40,55,55,85,100,130,130,230,230,245,245,45,75,29,59,59,74,74,104,16,46,46,61,61,161,161,176,191,16,37,137,137,152,2,2,2,17,47,97,97],"floor_reached":48,"playtime":4278,"items_purged":["Strike_R","Defend_G","Normality","Defend_B"],"score":546,"play_id":"8c1a3455-50cf-41ba-bfd4-a6aa8de4dd69","local_time":"20190111123816","daily_mods":["Chimera","ControlledChaos","DeadlyEvents"],"is_ascension_mode":false,"campfire_choices":[{"data":"Hello World","floor":6,"key":"SMITH"},{"data":"Defragment","floor":8,"key":"SMITH"},{"data":"Static Discharge","floor":15,"key":"SMITH"},{"floor":24,"key":"REST"},{"floor":30,"key":"REST"},{"floor":32,"key":"REST"},{"data":"Zap","floor":40,"key":"SMITH"},{"floor":44,"key":"REST"}],"neow_cost":"","seed_source_timestamp":0,"circlet_count":0,"master_deck":["Bash","Survivor","Zap+1","Defend_R","Defragment+1","Conserve Battery","Hello World+1","Static Discharge+1","Self Repair","Echo Form","Heatsinks+1","Cold Snap","Cold Snap+1","Defragment+1","Capacitor+1","Machine Learning+1","Loop+1","Static Discharge+1"],"special_seed":17907,"relics":["Cracked Core","Frozen Eye","FossilizedHelix","Orichalcum","Gremlin Horn","Omamori","Empty Cage","Ornamental Fan","ClockworkSouvenir","Frozen Egg 2","Anchor","Kunai","MawBank","Bag of Preparation","Calling Bell","Blood Vial","Dodecahedron","Incense Burner","Torii","Ginger","Pantograph","Blue Candle","Pen Nib"],"potions_floor_usage":[12,23,23,25,25,25,29,35,38,39,39],"damage_taken":[{"damage":0,"enemies":"Jaw Worm","floor":1,"turns":3},{"damage":8,"enemies":"Small Slimes","floor":2,"turns":3},{"damage":0,"enemies":"Cultist","floor":3,"turns":4},{"damage":5,"enemies":"Blue Slaver","floor":5,"turns":4},{"damage":0,"enemies":"Red Slaver","floor":10,"turns":3},{"damage":2,"enemies":"Gremlin Nob","floor":12,"turns":4},{"damage":4,"enemies":"Looter","floor":13,"turns":4},{"damage":11,"enemies":"Lagavulin","floor":14,"turns":6},{"damage":16,"enemies":"Hexaghost","floor":16,"turns":9},{"damage":6,"enemies":"Spheric Guardian","floor":18,"turns":3},{"damage":60,"enemies":"Book of Stabbing","floor":21,"turns":8},{"damage":19,"enemies":"Slavers","floor":23,"turns":5},{"damage":6,"enemies":"3 Byrds","floor":25,"turns":2},{"damage":22,"enemies":"Gremlin Leader","floor":27,"turns":6},{"damage":15,"enemies":"Book of Stabbing","floor":29,"turns":7},{"damage":0,"enemies":"Shelled Parasite and Fungi","floor":31,"turns":6},{"damage":32,"enemies":"Collector","floor":33,"turns":7},{"damage":0,"enemies":"3 Darklings","floor":35,"turns":7},{"damage":14,"enemies":"3 Shapes","floor":36,"turns":4},{"damage":29,"enemies":"2 Orb Walkers","floor":38,"turns":6},{"damage":4,"enemies":"Mind Bloom Boss Battle","floor":39,"turns":10},{"damage":10,"enemies":"Sphere and 2 Shapes","floor":41,"turns":5},{"damage":13,"enemies":"Jaw Worm Horde","floor":45,"turns":3},{"damage":21,"enemies":"Nemesis","floor":46,"turns":7},{"damage":74,"enemies":"Reptomancer","floor":48,"turns":2}],"seed_played":"3536575198636057260","potions_obtained":[{"floor":1,"key":"Poison Potion"},{"floor":10,"key":"SpeedPotion"},{"floor":11,"key":"Dexterity Potion"},{"floor":18,"key":"GamblersBrew"},{"floor":23,"key":"EntropicBrew"},{"floor":27,"key":"GamblersBrew"},{"floor":29,"key":"Swift Potion"},{"floor":33,"key":"Block Potion"},{"floor":38,"key":"Swift Potion"}],"is_trial":false,"path_per_floor":["M","M","M","$","M","R","?","R","T","M","?","E","M","E","R","B",null,"M","?","$","E","$","E","R","M","T","E","$","E","R","M","R","B",null,"M","M","$","?","?","R","M","$","T","R","M","E","T","E"],"character_chosen":"DEFECT","items_purchased":["Hello World","ClockworkSouvenir","Cold Snap","PowerPotion"],"campfire_rested":4,"item_purchase_floors":[4,20,22,37],"current_hp_per_floor":[75,67,67,67,62,62,50,50,50,50,50,48,44,40,40,31,75,69,69,69,23,23,4,26,27,27,12,12,14,36,43,65,33,75,75,68,68,48,60,60,59,59,59,75,62,50,50,0],"gold":97,"neow_bonus":"","is_prod":false,"is_daily":true,"chose_seed":false,"campfire_upgraded":4,"win_rate":0,"timestamp":1547181496,"path_taken":["M","M","M","$","M","R","?","R","T","M","?","?","M","E","R","BOSS","M","?","$","?","$","E","R","?","T","E","?","?","R","M","R","BOSS","M","M","$","?","?","R","M","?","T","R","M","?","?","?"],"build_version":"2019-01-10","purchased_purges":4,"victory":false,"max_hp_per_floor":[75,75,75,75,75,75,75,75,75,75,75,75,75,75,75,75,75,75,75,75,75,75,75,75,75,75,75,75,75,75,75,75,75,75,75,75,75,75,75,75,75,75,75,75,75,75,75,75],"card_choices":[{"not_picked":["Reprogram","Leap"],"picked":"Defragment","floor":1},{"not_picked":["Streamline","Aggregate","Gash"],"picked":"SKIP","floor":2},{"not_picked":["Turbo","Leap"],"picked":"Conserve Battery","floor":3},{"not_picked":["Streamline","White Noise"],"picked":"Static Discharge","floor":5},{"not_picked":["Scrape","Rebound","Barrage"],"picked":"SKIP","floor":10},{"not_picked":["BootSequence","Beam Cell","Melter"],"picked":"SKIP","floor":12},{"not_picked":["Beam Cell","Compile Driver"],"picked":"Self Repair","floor":13},{"not_picked":["Sweeping Beam","FTL","Beam Cell"],"picked":"SKIP","floor":14},{"not_picked":["Multi-Cast","Fission"],"picked":"Echo Form","floor":16},{"not_picked":["Melter","Hologram","Ball Lightning+1"],"picked":"SKIP","floor":18},{"not_picked":["Double Energy","Core Surge"],"picked":"Heatsinks","floor":21},{"not_picked":["Glacier","Doom and Gloom"],"picked":"Cold Snap+1","floor":23},{"not_picked":["Rebound","Rip and Tear","Conserve Battery"],"picked":"SKIP","floor":25},{"not_picked":["Rip and Tear+1","FTL+1"],"picked":"Defragment+1","floor":27},{"not_picked":["Amplify","Barrage","Go for the Eyes"],"picked":"SKIP","floor":29},{"not_picked":["Coolheaded","Fusion"],"picked":"Capacitor+1","floor":31},{"not_picked":["Core Surge","Amplify"],"picked":"Machine Learning+1","floor":33},{"not_picked":["Consume","Skim"],"picked":"Loop+1","floor":35},{"not_picked":["Compile Driver","Beam Cell","Reprogram+1"],"picked":"SKIP","floor":36},{"not_picked":["Ball Lightning+1","Recycle+1","Sweeping Beam+1"],"picked":"SKIP","floor":41},{"not_picked":["Coolheaded","Genetic Algorithm"],"picked":"Static Discharge+1","floor":45},{"not_picked":["Sweeping Beam","Meteor Strike","Doom and Gloom+1"],"picked":"SKIP","floor":46}],"player_experience":189189,"relics_obtained":[{"floor":9,"key":"Orichalcum"},{"floor":12,"key":"Gremlin Horn"},{"floor":14,"key":"Omamori"},{"floor":21,"key":"Frozen Egg 2"},{"floor":23,"key":"Anchor"},{"floor":26,"key":"Kunai"},{"floor":27,"key":"MawBank"},{"floor":29,"key":"Bag of Preparation"},{"floor":34,"key":"Blood Vial"},{"floor":34,"key":"Dodecahedron"},{"floor":34,"key":"Incense Burner"},{"floor":38,"key":"Torii"},{"floor":39,"key":"Ginger"},{"floor":43,"key":"Pantograph"},{"floor":46,"key":"Blue Candle"},{"floor":47,"key":"Pen Nib"}],"event_choices":[{"damage_healed":0,"gold_gain":0,"player_choice":"Success","damage_taken":12,"relics_obtained":["FossilizedHelix"],"max_hp_gain":0,"max_hp_loss":0,"event_name":"Scrap Ooze","floor":7,"gold_loss":0},{"damage_healed":0,"gold_gain":0,"player_choice":"Got Potions","damage_taken":0,"max_hp_gain":0,"max_hp_loss":0,"event_name":"Lab","floor":11,"gold_loss":0},{"damage_healed":0,"gold_gain":0,"player_choice":"Gave Potion","damage_taken":0,"relics_obtained":["Ornamental Fan"],"max_hp_gain":0,"max_hp_loss":0,"event_name":"WeMeetAgain","floor":19,"gold_loss":0},{"damage_healed":0,"gold_gain":0,"player_choice":"Fight","damage_taken":0,"max_hp_gain":0,"max_hp_loss":0,"event_name":"Mysterious Sphere","floor":38,"gold_loss":0},{"damage_healed":0,"gold_gain":0,"player_choice":"Fight","damage_taken":0,"max_hp_gain":0,"max_hp_loss":0,"event_name":"MindBloom","floor":39,"gold_loss":0}],"is_beta":false,"boss_relics":[{"not_picked":["Inserter","FrozenCore"],"picked":"Empty Cage"},{"not_picked":["Black Star","Fusion Hammer"],"picked":"Calling Bell"}],"items_purged_floors":[4,28,37,42],"is_endless":false,"potions_floor_spawned":[1,10,18,23,27,29,33,38],"killed_by":"Reptomancer","ascension_level":0}