{"gold_per_floor":[118,184,198,198,198,198,231,231,311,321,220,220,252,315,315,315],"floor_reached":16,"playtime":691,"items_purged":["Anger"],"score":108,"play_id":"1a92633c-8fb2-4013-824a-932273c2755b","local_time":"20180715220137","is_ascension_mode":false,"campfire_choices":[{"data":"Heavy Blade","floor":6,"key":"SMITH"},{"floor":8,"key":"REST"},{"data":"Armaments","floor":15,"key":"SMITH"}],"neow_cost":"","seed_source_timestamp":47548078245785,"circlet_count":0,"master_deck":["Strike_R","Strike_R","Strike_R","Strike_R","Strike_R","Defend_R","Defend_R","Defend_R","Defend_R","Bash","Heavy Blade+1","Headbutt","Pummel","Armaments+1","Battle Trance","Pommel Strike"],"relics":["Burning Blood","Meat on the Bone","Mercury Hourglass","SsserpentHead","Dodecahedron"],"potions_floor_usage":[7,16,16],"damage_taken":[{"damage":7,"enemies":"2 Louse","floor":1,"turns":2},{"damage":8,"enemies":"Small Slimes","floor":3,"turns":4},{"damage":54,"enemies":"Lagavulin","floor":7,"turns":8},{"damage":0,"enemies":"Cultist","floor":10,"turns":2},{"damage":27,"enemies":"Gremlin Nob","floor":13,"turns":4},{"damage":0,"enemies":"3 Louse","floor":14,"turns":3},{"damage":74,"enemies":"Slime Boss","floor":16,"turns":10}],"seed_played":"-1637922664651402048","potions_obtained":[{"floor":1,"key":"SpeedPotion"},{"floor":7,"key":"Regen Potion"},{"floor":10,"key":"Fire Potion"}],"is_trial":false,"path_per_floor":["M","?","M","?","?","R","E","R","T","M","$","?","E","M","R"],"character_chosen":"IRONCLAD","items_purchased":["Armaments"],"campfire_rested":1,"item_purchase_floors":[11],"current_hp_per_floor":[79,79,77,77,77,77,29,53,53,59,59,59,50,56,56,0],"gold":315,"neow_bonus":"","is_prod":false,"is_daily":false,"chose_seed":false,"campfire_upgraded":2,"win_rate":0.0,"timestamp":1531663297,"path_taken":["M","?","?","?","?","R","E","R","T","M","$","?","E","?","R","BOSS"],"build_version":"2018-07-12","purchased_purges":1,"victory":false,"max_hp_per_floor":[80,80,80,80,80,80,80,80,80,80,80,80,80,80,80,80],"card_choices":[{"not_picked":["Bloodletting","Corruption"],"picked":"Heavy Blade","floor":1},{"not_picked":["Ghostly Armor","Iron Wave"],"picked":"Anger","floor":3},{"not_picked":["Sword Boomerang","Cleave"],"picked":"Headbutt","floor":7},{"not_picked":["Second Wind","Flame Barrier"],"picked":"Pummel","floor":10},{"not_picked":["Clash","Fiend Fire"],"picked":"Battle Trance","floor":13},{"not_picked":["Rampage","Ghostly Armor"],"picked":"Pommel Strike","floor":14}],"player_experience":13110,"relics_obtained":[{"floor":7,"key":"Meat on the Bone"},{"floor":9,"key":"Mercury Hourglass"},{"floor":13,"key":"Dodecahedron"}],"event_choices":[{"event_name":"Golden Wing","player_choice":"Gained Gold","floor":2,"damage_taken":0},{"event_name":"Liars Game","player_choice":"disagreed","floor":4,"damage_taken":0},{"event_name":"Scrap Ooze","player_choice":"unsuccessful","floor":5,"damage_taken":0},{"event_name":"FaceTrader","player_choice":"Trade","floor":12,"damage_taken":0}],"boss_relics":[],"items_purged_floors":[11],"is_endless":false,"potions_floor_spawned":[1,7,10],"killed_by":"Slime Boss","ascension_level":0}