{"gold_per_floor":[110,123,1,15,15,15,45,57,81,96,271,287,299,312,312,410,410,429,429,62,82,82,107,107,142,142,142,17,35,66,82,82,177,177,196,208,23,40,40,40,52,52,52,64,0,0,0,35,35,35],"floor_reached":51,"playtime":6576,"items_purged":["Strike_G","Strike_G","Strike_G"],"score":739,"play_id":"129c090a-77be-4733-b681-2811f7579e4a","local_time":"20190108130508","is_ascension_mode":false,"campfire_choices":[{"data":"Neutralize","floor":6,"key":"SMITH"},{"data":"Forethought","floor":15,"key":"SMITH"},{"data":"Sucker Punch","floor":24,"key":"SMITH"},{"floor":27,"key":"REST"},{"data":"Footwork","floor":32,"key":"SMITH"},{"floor":40,"key":"REST"},{"floor":49,"key":"REST"}],"neow_cost":"NONE","seed_source_timestamp":1092092968100,"circlet_count":0,"master_deck":["Defend_G","Defend_G","Defend_G+1","Defend_G+1","Defend_G","Strike_G","Survivor","Neutralize+1","Forethought+1","Sucker Punch+1","Blade Dance","Well Laid Plans","Leg Sweep","Dagger Throw","Flying Knee","Cloak And Dagger","Flying Knee","Deadly Poison","After Image","Heel Hook+1","Blur","Infinite Blades+1","Expertise","Footwork+1","Envenom","Master of Strategy+1","Impatience+1","Madness+1","Madness+1"],"relics":["Ring of the Serpent","War Paint","Potion Belt","Happy Flower","White Beast Statue","HandDrill","Strawberry","Mummified Hand","Toxic Egg 2","Ancient Tea Set","Darkstone Periapt","Red Mask","Pen Nib"],"potions_floor_usage":[7,7,16,21,23,23,25,30,31,31,35,38,38,41,48,48],"damage_taken":[{"damage":0,"enemies":"Cultist","floor":1,"turns":4},{"damage":2,"enemies":"Small Slimes","floor":2,"turns":5},{"damage":0,"enemies":"2 Louse","floor":4,"turns":3},{"damage":19,"enemies":"3 Sentries","floor":7,"turns":12},{"damage":4,"enemies":"Exordium Wildlife","floor":8,"turns":12},{"damage":10,"enemies":"3 Louse","floor":10,"turns":4},{"damage":11,"enemies":"Lots of Slimes","floor":12,"turns":5},{"damage":1,"enemies":"Large Slime","floor":13,"turns":6},{"damage":2,"enemies":"Exordium Wildlife","floor":14,"turns":4},{"damage":31,"enemies":"The Guardian","floor":16,"turns":12},{"damage":5,"enemies":"Shell Parasite","floor":18,"turns":11},{"damage":0,"enemies":"Chosen","floor":21,"turns":8},{"damage":9,"enemies":"Book of Stabbing","floor":23,"turns":7},{"damage":53,"enemies":"Slavers","floor":25,"turns":9},{"damage":0,"enemies":"Centurion and Healer","floor":29,"turns":6},{"damage":3,"enemies":"Book of Stabbing","floor":30,"turns":6},{"damage":2,"enemies":"Sentry and Sphere","floor":31,"turns":6},{"damage":24,"enemies":"Champ","floor":33,"turns":15},{"damage":49,"enemies":"3 Darklings","floor":35,"turns":7},{"damage":25,"enemies":"3 Shapes","floor":36,"turns":7},{"damage":13,"enemies":"Spire Growth","floor":38,"turns":6},{"damage":0,"enemies":"Jaw Worm Horde","floor":41,"turns":5},{"damage":2,"enemies":"Writhing Mass","floor":44,"turns":7},{"damage":4,"enemies":"Reptomancer","floor":48,"turns":5},{"damage":0,"enemies":"Donu and Deca","floor":50,"turns":13}],"seed_played":"-5891853229519816141","potions_obtained":[{"floor":2,"key":"Regen Potion"},{"floor":4,"key":"PowerPotion"},{"floor":10,"key":"SteroidPotion"},{"floor":12,"key":"Poison Potion"},{"floor":18,"key":"EssenceOfSteel"},{"floor":21,"key":"Block Potion"},{"floor":23,"key":"Regen Potion"},{"floor":25,"key":"Explosive Potion"},{"floor":29,"key":"Fire Potion"},{"floor":30,"key":"AttackPotion"},{"floor":31,"key":"FairyPotion"},{"floor":33,"key":"Block Potion"},{"floor":35,"key":"SteroidPotion"},{"floor":36,"key":"Explosive Potion"},{"floor":38,"key":"Swift Potion"},{"floor":41,"key":"GhostInAJar"},{"floor":44,"key":"Strength Potion"},{"floor":48,"key":"Weak Potion"}],"is_trial":false,"path_per_floor":["M","M","$","M","?","R","E","M","T","M","?","M","M","M","R","B",null,"M","?","$","M","?","E","R","E","T","R","$","M","E","M","R","B",null,"M","M","$","M","?","R","M","?","T","M","?","$","?","E","R","B",null],"character_chosen":"THE_SILENT","items_purchased":["Blade Dance","HandDrill","Blur","Master of Strategy+1"],"campfire_rested":3,"item_purchase_floors":[3,20,20,37],"current_hp_per_floor":[70,68,68,68,65,65,61,57,57,47,47,36,35,33,33,2,70,65,65,65,65,65,63,63,25,25,48,48,48,45,43,43,19,77,28,3,3,7,7,30,30,20,20,18,18,18,18,14,37,37],"gold":35,"neow_bonus":"RANDOM_COLORLESS","is_prod":false,"is_daily":false,"chose_seed":false,"campfire_upgraded":4,"win_rate":0,"timestamp":1546923908,"path_taken":["M","?","$","M","?","R","E","M","T","M","?","M","?","M","R","BOSS","M","?","$","?","?","E","R","E","T","R","$","M","E","M","R","BOSS","M","M","$","M","?","R","M","?","T","M","?","?","?","E","R","BOSS"],"build_version":"2019-01-03v4","purchased_purges":3,"victory":true,"max_hp_per_floor":[70,70,70,70,70,70,70,70,70,70,70,70,70,70,70,70,70,70,70,70,70,70,77,77,77,77,77,77,77,77,77,77,77,77,77,77,77,77,77,77,77,77,77,77,77,77,77,77,77,77],"card_choices":[{"not_picked":["Eviscerate","Flechettes","Bane"],"picked":"SKIP","floor":1},{"not_picked":["Masterful Stab","Skewer"],"picked":"Sucker Punch","floor":2},{"not_picked":["Bouncing Flask","Backflip"],"picked":"Well Laid Plans","floor":4},{"not_picked":["Reflex","Expertise"],"picked":"Leg Sweep","floor":7},{"not_picked":["Skewer","Bane"],"picked":"Dagger Throw","floor":8},{"not_picked":["Quick Slash","Accuracy"],"picked":"Flying Knee","floor":10},{"not_picked":["Catalyst","Deadly Poison"],"picked":"Cloak And Dagger","floor":12},{"not_picked":["Sucker Punch","Heel Hook"],"picked":"Flying Knee","floor":13},{"not_picked":["Quick Slash","Poisoned Stab"],"picked":"Deadly Poison","floor":14},{"not_picked":["Phantasmal Killer","Glass Knife"],"picked":"After Image","floor":16},{"not_picked":["Flying Knee","Slice"],"picked":"Heel Hook+1","floor":18},{"not_picked":["Backflip+1","Outmaneuver"],"picked":"Infinite Blades+1","floor":21},{"not_picked":["Sucker Punch","Poisoned Stab","Heel Hook+1"],"picked":"SKIP","floor":23},{"not_picked":["Well Laid Plans","PiercingWail"],"picked":"Expertise","floor":25},{"not_picked":["Poisoned Stab+1","Blade Dance+1"],"picked":"Footwork","floor":29},{"not_picked":["Bullet Time+1","Dodge and Roll+1","All Out Attack+1"],"picked":"SKIP","floor":30},{"not_picked":["Predator","Finisher+1","Dagger Throw+1"],"picked":"SKIP","floor":31},{"not_picked":["Phantasmal Killer+1","Burst+1"],"picked":"Envenom","floor":33},{"not_picked":["Masterful Stab+1","Terror+1","Bane"],"picked":"SKIP","floor":35},{"not_picked":["Blur+1","Finisher+1","Cloak And Dagger+1"],"picked":"SKIP","floor":36},{"not_picked":["Caltrops+1","Flechettes"],"picked":"Escape Plan+1","floor":38},{"not_picked":["Enlightenment+1","PanicButton+1"],"picked":"Impatience+1","floor":39},{"not_picked":["Dodge and Roll+1","Sucker Punch+1","Reflex+1"],"picked":"SKIP","floor":41},{"not_picked":["Blade Dance+1","Cloak And Dagger+1","Eviscerate+1"],"picked":"SKIP","floor":44},{"not_picked":["Catalyst+1","Flechettes+1","Blade Dance+1"],"picked":"SKIP","floor":48}],"player_experience":119895,"relics_obtained":[{"floor":7,"key":"Potion Belt"},{"floor":9,"key":"Happy Flower"},{"floor":23,"key":"Strawberry"},{"floor":25,"key":"Mummified Hand"},{"floor":26,"key":"Toxic Egg 2"},{"floor":30,"key":"Ancient Tea Set"},{"floor":43,"key":"Darkstone Periapt"},{"floor":48,"key":"Pen Nib"}],"event_choices":[{"damage_healed":0,"gold_gain":0,"player_choice":"Success","damage_taken":3,"relics_obtained":["War Paint"],"max_hp_gain":0,"max_hp_loss":0,"event_name":"Scrap Ooze","floor":5,"gold_loss":0},{"damage_healed":0,"gold_gain":175,"player_choice":"AGREE","damage_taken":0,"max_hp_gain":0,"max_hp_loss":0,"event_name":"Liars Game","floor":11,"gold_loss":0,"cards_obtained":["Doubt"]},{"cards_removed":["Doubt"],"damage_healed":0,"gold_gain":0,"player_choice":"Purged","damage_taken":0,"max_hp_gain":0,"max_hp_loss":0,"event_name":"Purifier","floor":19,"gold_loss":0},{"cards_removed":["Strike_G"],"damage_healed":0,"gold_gain":0,"player_choice":"Elegance","damage_taken":0,"max_hp_gain":0,"max_hp_loss":0,"event_name":"Back to Basics","floor":22,"gold_loss":0},{"damage_healed":0,"gold_gain":0,"player_choice":"Memory 1","damage_taken":0,"max_hp_gain":0,"max_hp_loss":0,"event_name":"SensoryStone","floor":39,"gold_loss":0},{"damage_healed":0,"gold_gain":0,"player_choice":"Embrace Madness","damage_taken":10,"max_hp_gain":0,"max_hp_loss":0,"event_name":"Winding Halls","floor":42,"gold_loss":0,"cards_obtained":["Madness","Madness"]},{"damage_healed":0,"gold_gain":0,"player_choice":"Paid","damage_taken":0,"relics_obtained":["Red Mask"],"max_hp_gain":0,"max_hp_loss":0,"event_name":"Tomb of Lord Red Mask","floor":45,"gold_loss":64},{"cards_removed":["Escape Plan"],"damage_healed":0,"gold_gain":0,"player_choice":"Removed Skill","damage_taken":0,"max_hp_gain":0,"max_hp_loss":0,"event_name":"Falling","floor":47,"gold_loss":0}],"is_beta":false,"boss_relics":[{"not_picked":["Empty Cage","Runic Pyramid"],"picked":"White Beast Statue"},{"not_picked":["Sozu","Snecko Eye"],"picked":"Ring of the Serpent"}],"items_purged_floors":[3,20,28],"is_endless":false,"potions_floor_spawned":[2,4,10,12,18,21,23,25,29,30,31,33,35,36,38,41,44,48],"ascension_level":0}