{"gold_per_floor":[115,133,133,133,55,55,91,165,220,220,245,266,266,289,289,409,409,422,79,99,99,123,123,156,156,156,156,179,194,194,109,109,237,237,253,273,273,273,293,293,329,329,383,407,407,27,27,152,152,152],"floor_reached":51,"playtime":3056,"items_purged":["Strike_B"],"score":1060,"play_id":"7b1a1f02-ed29-4fae-9e99-4863f29f08cf","local_time":"20181207022457","is_ascension_mode":true,"campfire_choices":[{"data":"Defragment","floor":6.0,"key":"SMITH"},{"floor":10.0,"key":"REST"},{"data":"Rainbow","floor":15.0,"key":"SMITH"},{"data":"Fusion","floor":23.0,"key":"SMITH"},{"data":"Zap","floor":25.0,"key":"SMITH"},{"data":"Dualcast","floor":27.0,"key":"SMITH"},{"floor":32.0,"key":"REST"},{"data":"Coolheaded","floor":40.0,"key":"SMITH"},{"floor":42.0,"key":"REST"},{"data":"Capacitor","floor":45.0,"key":"SMITH"},{"data":"Barrage","floor":49.0,"key":"SMITH"}],"neow_cost":"NONE","seed_source_timestamp":0,"circlet_count":0,"master_deck":["AscendersBane","Strike_B+1","Defend_B","Defend_B","Defend_B","Defend_B","Zap+1","Dualcast+1","Go for the Eyes","Coolheaded+1","Defragment+1","Auto Shields","Rainbow+1","Compile Driver","Ball Lightning","Core Surge+1","Redo+1","Fusion+1","Conserve Battery","Hologram","Capacitor+1","Defragment+1","Multi-Cast","FTL","Good Instincts","Biased Cognition","Go for the Eyes","Self Repair+1","Redo+1","Storm","Barrage+1"],"special_seed":0,"relics":["Cracked Core","NeowsBlessing","Vajra","Golden Idol","Torii","Regal Pillow","Tiny Chest","DataDisk","Runic Pyramid","Blood Vial","Bag of Preparation","Smiling Mask","Sundial","Nuclear Battery","Kunai","Whetstone","Lee\u0027s Waffle","FossilizedHelix"],"potions_floor_usage":[50,50],"damage_taken":[{"damage":0.0,"enemies":"Small Slimes","floor":1.0,"turns":1.0},{"damage":0.0,"enemies":"2 Louse","floor":2.0,"turns":1.0},{"damage":0.0,"enemies":"Gremlin Nob","floor":7.0,"turns":1.0},{"damage":19.0,"enemies":"Gremlin Nob","floor":8.0,"turns":4.0},{"damage":2.0,"enemies":"Jaw Worm","floor":11.0,"turns":3.0},{"damage":1.0,"enemies":"3 Louse","floor":12.0,"turns":4.0},{"damage":1.0,"enemies":"Looter","floor":14.0,"turns":3.0},{"damage":18.0,"enemies":"Slime Boss","floor":16.0,"turns":10.0},{"damage":9.0,"enemies":"Spheric Guardian","floor":18.0,"turns":4.0},{"damage":7.0,"enemies":"3 Byrds","floor":20.0,"turns":4.0},{"damage":8.0,"enemies":"Centurion and Healer","floor":22.0,"turns":9.0},{"damage":21.0,"enemies":"Gremlin Leader","floor":24.0,"turns":9.0},{"damage":6.0,"enemies":"Snecko","floor":28.0,"turns":4.0},{"damage":2.0,"enemies":"Sentry and Sphere","floor":29.0,"turns":5.0},{"damage":35.0,"enemies":"Automaton","floor":33.0,"turns":13.0},{"damage":56.0,"enemies":"3 Darklings","floor":35.0,"turns":6.0},{"damage":19.0,"enemies":"3 Shapes","floor":36.0,"turns":3.0},{"damage":16.0,"enemies":"Maw","floor":39.0,"turns":8.0},{"damage":30.0,"enemies":"Reptomancer","floor":41.0,"turns":8.0},{"damage":0.0,"enemies":"Writhing Mass","floor":44.0,"turns":6.0},{"damage":0.0,"enemies":"Mind Bloom Boss Battle","floor":48.0,"turns":6.0},{"damage":12,"enemies":"Awakened One","floor":50,"turns":10}],"seed_played":"-2262455790271206839","potions_obtained":[{"floor":12.0,"key":"FairyPotion"},{"floor":14.0,"key":"Regen Potion"},{"floor":24.0,"key":"Ancient Potion"}],"is_trial":false,"path_per_floor":["M","M","?","?","$","R","E","?","T","R","M","M","T","M","R","B",null,"M","$","M","?","M","R","E","R","T","R","M","M","?","$","R","B",null,"M","M","?","?","M","R","E","R","T","M","R","$","?","?","R","B",null],"character_chosen":"DEFECT","items_purchased":["Defragment","Blood Vial","Fusion","Bag of Preparation","Good Instincts","Lee\u0027s Waffle","Storm","SkillPotion"],"campfire_rested":3,"item_purchase_floors":[5,19,19,19,31,46,46,46],"current_hp_per_floor":[68,68,56,38,38,38,38,19,19,56,54,53,53,52,52,34,65,56,56,51,51,45,45,41,41,41,41,37,37,37,37,74,40,66,12,6,6,66,50,50,22,56,56,66,66,73,69,69,69,67],"gold":152,"neow_bonus":"THREE_ENEMY_KILL","is_prod":false,"is_daily":false,"chose_seed":false,"campfire_upgraded":8,"win_rate":0,"timestamp":1544167497,"path_taken":["M","M","?","?","$","R","E","?","T","R","M","M","?","M","R","BOSS","M","$","M","?","M","R","E","R","T","R","M","M","?","$","R","BOSS","M","M","?","?","M","R","E","R","T","M","R","$","?","?","R","BOSS"],"build_version":"2018-12-06","purchased_purges":1,"victory":true,"max_hp_per_floor":[75,75,75,75,75,75,75,75,75,75,75,75,75,75,75,75,75,75,75,75,75,75,75,75,75,75,75,75,75,75,75,75,75,75,75,75,75,66,66,66,66,66,66,66,66,73,69,69,69,69],"card_choices":[{"not_picked":["Beam Cell","Compile Driver"],"picked":"Go for the Eyes","floor":1.0},{"not_picked":["Compile Driver","Steam"],"picked":"Coolheaded","floor":2.0},{"not_picked":["Cold Snap","Machine Learning","Consume"],"picked":"SKIP","floor":7.0},{"not_picked":["Redo","Cold Snap"],"picked":"Auto Shields","floor":8.0},{"not_picked":["Beam Cell","Reprogram"],"picked":"Rainbow","floor":11.0},{"not_picked":["FTL","Sweeping Beam"],"picked":"Compile Driver","floor":12.0},{"not_picked":["Sweeping Beam","Turbo"],"picked":"Ball Lightning","floor":14.0},{"not_picked":["Hyperbeam","All For One"],"picked":"Core Surge","floor":16.0},{"not_picked":["Steam+1","Compile Driver"],"picked":"Redo+1","floor":18.0},{"not_picked":["Coolheaded","Heatsinks"],"picked":"Hologram","floor":22.0},{"not_picked":["Heatsinks","Hello World+1","Reinforced Body"],"picked":"SKIP","floor":24.0},{"not_picked":["Amplify","Beam Cell"],"picked":"Capacitor","floor":28.0},{"not_picked":["Coolheaded+1","Compile Driver"],"picked":"Defragment+1","floor":29.0},{"not_picked":["Multi-Cast","Amplify"],"picked":"Biased Cognition","floor":33.0},{"not_picked":["Steam+1","Cold Snap","Streamline"],"picked":"SKIP","floor":35.0},{"not_picked":["Melter","Aggregate"],"picked":"Go for the Eyes","floor":36.0},{"not_picked":["Steam","Cold Snap+1","Ball Lightning+1"],"picked":"SKIP","floor":39.0},{"not_picked":["Hologram","Redo"],"picked":"Self Repair+1","floor":41.0},{"not_picked":["Cold Snap","Creative AI"],"picked":"Redo+1","floor":44.0},{"not_picked":["FTL","Defragment+1"],"picked":"Barrage","floor":48.0}],"player_experience":686605,"relics_obtained":[{"floor":7.0,"key":"Torii"},{"floor":8.0,"key":"Regal Pillow"},{"floor":9.0,"key":"Tiny Chest"},{"floor":13.0,"key":"DataDisk"},{"floor":24.0,"key":"Smiling Mask"},{"floor":26.0,"key":"Sundial"},{"floor":41.0,"key":"Kunai"},{"floor":43.0,"key":"Whetstone"},{"floor":48.0,"key":"FossilizedHelix"}],"event_choices":[{"damage_healed":0.0,"max_hp_gain":0.0,"max_hp_loss":0.0,"gold_gain":0.0,"event_name":"Scrap Ooze","player_choice":"Success","floor":3.0,"gold_loss":0.0,"damage_taken":12.0,"relics_obtained":["Vajra"]},{"damage_healed":0.0,"max_hp_gain":0.0,"max_hp_loss":0.0,"gold_gain":0.0,"event_name":"Golden Idol","player_choice":"Take Damage","floor":4.0,"gold_loss":0.0,"damage_taken":18.0,"relics_obtained":["Golden Idol"]},{"damage_healed":0.0,"max_hp_gain":0.0,"max_hp_loss":0.0,"gold_gain":0.0,"event_name":"Dead Adventurer","player_choice":"Searched \u00271\u0027 times","floor":8.0,"gold_loss":0.0,"damage_taken":0.0},{"damage_healed":0.0,"max_hp_gain":0.0,"max_hp_loss":0.0,"gold_gain":0.0,"event_name":"The Library","player_choice":"Read","floor":21.0,"gold_loss":0.0,"damage_taken":0.0,"cards_obtained":["Conserve Battery"]},{"damage_healed":0.0,"max_hp_gain":0.0,"max_hp_loss":0.0,"gold_gain":0.0,"cards_transformed":["Strike_B","Strike_B"],"event_name":"Drug Dealer","player_choice":"Became Test Subject","floor":30.0,"gold_loss":0.0,"damage_taken":0.0,"cards_obtained":["Multi-Cast","FTL"]},{"damage_healed":0.0,"max_hp_gain":0.0,"max_hp_loss":0.0,"gold_gain":0.0,"event_name":"Tomb of Lord Red Mask","player_choice":"Ignored","floor":37.0,"gold_loss":0.0,"damage_taken":0.0},{"damage_healed":66.0,"max_hp_gain":0.0,"max_hp_loss":9.0,"gold_gain":0.0,"event_name":"The Moai Head","player_choice":"Heal","floor":38.0,"gold_loss":0.0,"damage_taken":0.0},{"damage_healed":0.0,"max_hp_gain":0.0,"max_hp_loss":4.0,"gold_gain":0.0,"event_name":"Winding Halls","player_choice":"Max HP","floor":47.0,"gold_loss":0.0,"damage_taken":0.0},{"damage_healed":0.0,"max_hp_gain":0.0,"max_hp_loss":0.0,"gold_gain":0.0,"event_name":"MindBloom","player_choice":"Fight","floor":48.0,"gold_loss":0.0,"damage_taken":0.0}],"is_beta":false,"boss_relics":[{"not_picked":["Eternal Feather","Lizard Tail"],"picked":"Runic Pyramid"},{"not_picked":["Calling Bell","Black Star"],"picked":"Nuclear Battery"}],"items_purged_floors":[46],"is_endless":false,"potions_floor_spawned":[12,14,16,18,22,24,28,48],"ascension_level":11}