{"gold_per_floor":[119,131,131,206,176,176,194,82,82,109,126,144,162,195,195,195],"floor_reached":16,"playtime":1594,"items_purged":["Strike_G"],"score":112,"play_id":"a4fe2a3d-f433-47b3-9e8a-8dd111e16697","local_time":"20190204061351","is_ascension_mode":false,"campfire_choices":[{"floor":6,"key":"REST"},{"floor":15,"key":"REST"}],"neow_cost":"NONE","seed_source_timestamp":1158884556987228,"circlet_count":0,"master_deck":["Defend_G","Defend_G","Defend_G","Defend_G","Strike_G","Strike_G","Strike_G","Strike_G","Survivor","Neutralize","Crippling Poison","Infinite Blades","Outmaneuver","Caltrops","Bane","Escape Plan","Bane","Crippling Poison"],"relics":["Ring of the Snake","Ancient Tea Set","Mummified Hand","Sundial","Pen Nib"],"potions_floor_usage":[7,14,16],"damage_taken":[{"damage":0,"enemies":"Small Slimes","floor":1,"turns":4},{"damage":0,"enemies":"2 Louse","floor":2,"turns":3},{"damage":0,"enemies":"Cultist","floor":7,"turns":2},{"damage":22,"enemies":"3 Sentries","floor":10,"turns":10},{"damage":7,"enemies":"Looter","floor":11,"turns":3},{"damage":2,"enemies":"2 Fungi Beasts","floor":12,"turns":4},{"damage":9,"enemies":"Red Slaver","floor":13,"turns":3},{"damage":9,"enemies":"Gremlin Nob","floor":14,"turns":4},{"damage":44,"enemies":"The Guardian","floor":16,"turns":10}],"seed_played":"8542784979238541947","potions_obtained":[{"floor":1,"key":"SteroidPotion"},{"floor":5,"key":"SpeedPotion"},{"floor":5,"key":"Weak Potion"},{"floor":10,"key":"Fire Potion"},{"floor":12,"key":"Fire Potion"}],"is_trial":false,"path_per_floor":["?","?","?","M"],"character_chosen":"THE_SILENT","items_purchased":["Caltrops"],"campfire_rested":2,"item_purchase_floors":[8],"current_hp_per_floor":[70,70,63,52,52,70,70,70,70,48,41,39,30,21,42,0],"gold":195,"neow_bonus":"REMOVE_CARD","is_prod":false,"is_daily":false,"chose_seed":false,"campfire_upgraded":0,"win_rate":0.0,"timestamp":1549257231,"path_taken":["M","M","?","?","?","R","M","$","T","E","M","?","M","E","R","BOSS"],"build_version":"2019-01-23","purchased_purges":1,"victory":false,"max_hp_per_floor":[70,70,70,70,70,70,70,70,70,70,70,70,70,70,70,70],"card_choices":[{"not_picked":["Deflect","Quick Slash"],"picked":"Crippling Poison","floor":1},{"not_picked":["Backflip","Slice"],"picked":"Infinite Blades","floor":2},{"not_picked":["All Out Attack","Prepared"],"picked":"Outmaneuver","floor":7},{"not_picked":["Sucker Punch","Deflect"],"picked":"Bane","floor":10},{"not_picked":["Blade Dance","Prepared"],"picked":"Escape Plan","floor":11},{"not_picked":["Blade Dance","Dash","Backflip"],"picked":"SKIP","floor":12},{"not_picked":["Blur","Reflex"],"picked":"Bane","floor":13},{"not_picked":["Slice","Terror"],"picked":"Crippling Poison","floor":14}],"player_experience":25050,"relics_obtained":[{"floor":9,"key":"Mummified Hand"},{"floor":10,"key":"Sundial"},{"floor":14,"key":"Pen Nib"}],"event_choices":[{"damage_healed":0,"gold_gain":0,"player_choice":"Success","damage_taken":7,"relics_obtained":["Ancient Tea Set"],"max_hp_gain":0,"max_hp_loss":0,"event_name":"Scrap Ooze","floor":3,"gold_loss":0},{"damage_healed":0,"gold_gain":75,"player_choice":"Gather Gold","damage_taken":11,"max_hp_gain":0,"max_hp_loss":0,"event_name":"World of Goop","floor":4,"gold_loss":0},{"damage_healed":0,"gold_gain":0,"player_choice":"Bought 2 Potions","damage_taken":0,"max_hp_gain":0,"max_hp_loss":0,"event_name":"The Woman in Blue","floor":5,"gold_loss":0}],"is_beta":false,"boss_relics":[],"items_purged_floors":[8],"is_endless":false,"potions_floor_spawned":[1,10,12],"killed_by":"The Guardian","ascension_level":0}