{"gold_per_floor":[109,129,2,2,13,44,9,25,50,70,88,107,107,121,121,224,224,149,149],"floor_reached":19,"playtime":1351,"items_purged":["Strike_G"],"score":171,"play_id":"09301d0d-ebef-4de0-aded-9f5523981f79","local_time":"20181225185402","is_ascension_mode":false,"campfire_choices":[{"data":"Poisoned Stab","floor":13,"key":"SMITH"},{"floor":15,"key":"REST"}],"neow_cost":"NONE","seed_source_timestamp":66670004015042,"circlet_count":0,"master_deck":["Defend_G","Defend_G+1","Defend_G+1","Defend_G","Defend_G","Strike_G","Survivor","Neutralize","Flying Knee","Dagger Spray","Caltrops","Escape Plan","Poisoned Stab+1","Prepared","Backflip","Blur","Burst","Slice+1","Footwork+1","Night Terror+1","Deadly Poison+1"],"relics":["Ring of the Snake","Snake Skull","War Paint","Astrolabe"],"potions_floor_usage":[16,16,18],"damage_taken":[{"damage":0,"enemies":"2 Louse","floor":1,"turns":3},{"damage":0,"enemies":"Small Slimes","floor":2,"turns":3},{"damage":0,"enemies":"Jaw Worm","floor":5,"turns":4},{"damage":40,"enemies":"3 Sentries","floor":6,"turns":9},{"damage":3,"enemies":"3 Louse","floor":8,"turns":2},{"damage":1,"enemies":"Blue Slaver","floor":10,"turns":3},{"damage":0,"enemies":"Large Slime","floor":11,"turns":5},{"damage":3,"enemies":"3 Louse","floor":12,"turns":2},{"damage":7,"enemies":"Exordium Thugs","floor":14,"turns":5},{"damage":39,"enemies":"The Guardian","floor":16,"turns":10},{"damage":5,"enemies":"2 Thieves","floor":18,"turns":5}],"seed_played":"6888513975497915032","potions_obtained":[{"floor":6,"key":"Strength Potion"},{"floor":10,"key":"Dexterity Potion"},{"floor":11,"key":"Dexterity Potion"},{"floor":14,"key":"Block Potion"},{"floor":16,"key":"GamblersBrew"}],"is_trial":false,"path_per_floor":["M","M","$","?","M","E","?","M","T","M","M","M","R","M","R","B",null,"M","?"],"character_chosen":"THE_SILENT","items_purchased":["Blade Dance"],"campfire_rested":1,"item_purchase_floors":[3],"current_hp_per_floor":[77,77,77,77,77,37,56,53,53,52,52,49,49,42,65,26,77,72,72],"gold":149,"neow_bonus":"TEN_PERCENT_HP_BONUS","is_prod":false,"is_daily":false,"chose_seed":false,"campfire_upgraded":1,"win_rate":0,"timestamp":1545731642,"path_taken":["M","M","$","?","M","E","?","M","T","M","M","M","R","M","R","BOSS","M","?"],"build_version":"2018-12-20","purchased_purges":1,"victory":false,"max_hp_per_floor":[77,77,77,77,77,77,77,77,77,77,77,77,77,77,77,77,77,77,77],"card_choices":[{"not_picked":["Cloak And Dagger","Deadly Poison"],"picked":"Flying Knee","floor":1},{"not_picked":["Catalyst","Underhanded Strike"],"picked":"Dagger Spray","floor":2},{"not_picked":["Acrobatics","Sucker Punch"],"picked":"Caltrops","floor":5},{"not_picked":["Outmaneuver","Wraith Form v2"],"picked":"Escape Plan","floor":6},{"not_picked":["Dagger Spray","PiercingWail"],"picked":"Poisoned Stab","floor":8},{"not_picked":["Slice","PiercingWail"],"picked":"Prepared","floor":10},{"not_picked":["All Out Attack","Quick Slash"],"picked":"Backflip","floor":11},{"not_picked":["Acrobatics","PiercingWail"],"picked":"Blur","floor":12},{"not_picked":["Predator","Deadly Poison"],"picked":"Burst","floor":14},{"not_picked":["Burst","Night Terror"],"picked":"Envenom","floor":16},{"not_picked":["Flying Knee","Deflect"],"picked":"Deadly Poison+1","floor":18}],"player_experience":56097,"relics_obtained":[{"floor":6,"key":"Snake Skull"},{"floor":9,"key":"War Paint"}],"event_choices":[{"cards_removed":["Strike_G"],"damage_healed":0,"gold_gain":0,"player_choice":"Forget","damage_taken":0,"max_hp_gain":0,"max_hp_loss":0,"event_name":"Living Wall","floor":4,"gold_loss":0},{"damage_healed":19,"gold_gain":0,"player_choice":"Healed","damage_taken":0,"max_hp_gain":0,"max_hp_loss":0,"event_name":"The Cleric","floor":7,"gold_loss":35},{"cards_removed":["Envenom"],"damage_healed":0,"gold_gain":0,"player_choice":"Elegance","damage_taken":0,"max_hp_gain":0,"max_hp_loss":0,"event_name":"Back to Basics","floor":19,"gold_loss":0}],"is_beta":false,"boss_relics":[{"not_picked":["Philosopher\u0027s Stone","White Beast Statue"],"picked":"Astrolabe"}],"items_purged_floors":[3],"is_endless":false,"potions_floor_spawned":[6,10,11,14,16],"ascension_level":0}