{"gold_per_floor":[111,111,126,140,150,184,196,227,239,251,279,61,61,72,72,171,171,191,191,202,202,218,218,232,232,232,249,263,263,263,280,280,280],"floor_reached":33,"playtime":2864,"items_purged":["Strike_G"],"score":253,"play_id":"321486fc-ba10-4019-b833-5ac382980dc5","local_time":"20181226075558","is_ascension_mode":false,"campfire_choices":[{"data":"Blade Dance","floor":7,"key":"SMITH"},{"data":"Cloak And Dagger","floor":10,"key":"SMITH"},{"data":"Die Die Die","floor":13,"key":"SMITH"},{"data":"Blade Dance","floor":15,"key":"SMITH"},{"data":"Leg Sweep","floor":23,"key":"SMITH"},{"data":"Cloak And Dagger","floor":25,"key":"SMITH"},{"floor":29,"key":"REST"},{"floor":32,"key":"REST"}],"neow_cost":"NONE","seed_source_timestamp":26596341983454,"circlet_count":0,"master_deck":["Defend_G","Defend_G+1","Defend_G","Defend_G","Strike_G","Survivor","Neutralize","Venomology+1","Cloak And Dagger+1","PiercingWail","Blade Dance+1","Flying Knee","Cloak And Dagger+1","Leg Sweep+1","Die Die Die+1","Blade Dance+1","Burst","Poisoned Stab+1","Venomology+1","Expertise+1","Flying Knee","Prepared","Dagger Throw","Backflip+1","Backflip+1","Backflip","Decay","PiercingWail"],"relics":["Ring of the Snake","MawBank","WingedGreaves","Astrolabe","NlothsMask"],"potions_floor_usage":[3,4,5,6,6,8,11,14,16,16,16,20,20,20,20,22,22,22,24,24,27,27,27,28,28,28,31,31,33,33,33,33],"damage_taken":[{"damage":0,"enemies":"Small Slimes","floor":1,"turns":5},{"damage":12,"enemies":"2 Louse","floor":3,"turns":5},{"damage":2,"enemies":"Jaw Worm","floor":4,"turns":5},{"damage":0,"enemies":"Red Slaver","floor":5,"turns":5},{"damage":11,"enemies":"3 Sentries","floor":6,"turns":8},{"damage":0,"enemies":"3 Louse","floor":8,"turns":3},{"damage":0,"enemies":"2 Fungi Beasts","floor":11,"turns":3},{"damage":0,"enemies":"Looter","floor":14,"turns":2},{"damage":40,"enemies":"The Guardian","floor":16,"turns":20},{"damage":3,"enemies":"3 Byrds","floor":18,"turns":5},{"damage":23,"enemies":"2 Thieves","floor":20,"turns":4},{"damage":4,"enemies":"Snake Plant","floor":22,"turns":6},{"damage":5,"enemies":"3 Cultists","floor":24,"turns":7},{"damage":28,"enemies":"Sentry and Sphere","floor":27,"turns":8},{"damage":11,"enemies":"Shelled Parasite and Fungi","floor":28,"turns":8},{"damage":14,"enemies":"Snake Plant","floor":31,"turns":8},{"damage":58,"enemies":"Collector","floor":33,"turns":14}],"seed_played":"-7692844589828295954","potions_obtained":[{"floor":1,"key":"PowerPotion"},{"floor":6,"key":"PowerPotion"},{"floor":8,"key":"GhostInAJar"},{"floor":11,"key":"SteroidPotion"},{"floor":18,"key":"GhostInAJar"},{"floor":20,"key":"Regen Potion"},{"floor":24,"key":"SkillPotion"},{"floor":31,"key":"GamblersBrew"}],"is_trial":false,"path_per_floor":["M","?","M","M","M","E","R","M","T","R","M","$","R","M","R","B",null,"M","?","M","?","M","R","M","R","T","M","M","R","?","M","R","B"],"character_chosen":"THE_SILENT","items_purchased":["Die Die Die"],"campfire_rested":2,"item_purchase_floors":[12],"current_hp_per_floor":[70,56,58,56,56,45,45,45,45,45,45,45,45,45,45,5,70,67,67,44,44,55,55,50,50,50,22,11,32,32,18,39,0],"gold":280,"neow_bonus":"ONE_RANDOM_RARE_CARD","is_prod":false,"is_daily":false,"chose_seed":false,"campfire_upgraded":6,"win_rate":0,"timestamp":1545778558,"path_taken":["M","?","M","M","M","E","R","M","T","R","M","$","R","M","R","BOSS","M","?","M","?","M","R","M","R","T","?","M","R","?","M","R","BOSS"],"build_version":"2018-12-20","purchased_purges":1,"victory":false,"max_hp_per_floor":[70,70,70,70,70,70,70,70,70,70,70,70,70,70,70,70,70,70,70,70,70,70,70,70,70,70,70,70,70,70,70,70,70],"card_choices":[{"not_picked":["Slice","Dodge and Roll","Masterful Stab"],"picked":"SKIP","floor":1},{"not_picked":["Slice","Dodge and Roll"],"picked":"Cloak And Dagger","floor":3},{"not_picked":["Dodge and Roll","Tactician"],"picked":"PiercingWail","floor":4},{"not_picked":["Glass Knife","Slice"],"picked":"Blade Dance","floor":5},{"not_picked":["PiercingWail","Footwork"],"picked":"Flying Knee","floor":6},{"not_picked":["Noxious Fumes","Sucker Punch"],"picked":"Cloak And Dagger","floor":8},{"not_picked":["Envenom","Poisoned Stab"],"picked":"Leg Sweep","floor":11},{"not_picked":["Poisoned Stab","Quick Slash"],"picked":"Blade Dance","floor":14},{"not_picked":["Unload","Wraith Form v2"],"picked":"Burst","floor":16},{"not_picked":["Bouncing Flask+1","Backstab"],"picked":"Flying Knee","floor":18},{"not_picked":["Poisoned Stab","Well Laid Plans+1"],"picked":"Prepared","floor":20},{"not_picked":["Heel Hook","Deadly Poison"],"picked":"Dagger Throw","floor":22},{"not_picked":["Blur","Calculated Gamble+1"],"picked":"Backflip+1","floor":24},{"not_picked":["Accuracy","Bane"],"picked":"Backflip+1","floor":27},{"not_picked":["Slice","Tactician+1"],"picked":"Backflip","floor":28},{"not_picked":["Corpse Explosion","Bane"],"picked":"PiercingWail","floor":31}],"player_experience":71194,"relics_obtained":[{"floor":6,"key":"MawBank"},{"floor":9,"key":"WingedGreaves"}],"event_choices":[{"damage_healed":0,"gold_gain":0,"player_choice":"Entered Light","damage_taken":14,"max_hp_gain":0,"max_hp_loss":0,"event_name":"Shining Light","floor":2,"gold_loss":0,"cards_upgraded":["Venomology","Defend_G"]},{"cards_removed":["Defend_G"],"damage_healed":0,"gold_gain":0,"player_choice":"Elegance","damage_taken":0,"max_hp_gain":0,"max_hp_loss":0,"event_name":"Back to Basics","floor":19,"gold_loss":0},{"damage_healed":0,"gold_gain":0,"player_choice":"Trade","damage_taken":0,"relics_obtained":["NlothsMask"],"max_hp_gain":0,"max_hp_loss":0,"event_name":"FaceTrader","floor":21,"gold_loss":0},{"damage_healed":0,"gold_gain":0,"player_choice":"Smashed Altar","damage_taken":0,"max_hp_gain":0,"max_hp_loss":0,"event_name":"Forgotten Altar","floor":30,"gold_loss":0,"cards_obtained":["Decay"]}],"is_beta":false,"boss_relics":[{"not_picked":["Velvet Choker","Sozu"],"picked":"Astrolabe"}],"items_purged_floors":[12],"is_endless":false,"potions_floor_spawned":[1,6,8,11,18,20,24,31],"killed_by":"Collector","ascension_level":0}