{"gold_per_floor":[109,128,128,143,157,157,183,183,183,217,237,81,95,127,127,231,231,241,254,254,254,264,264,264,296,321,321,23,50,61,73,73,169,169,184,195,195,49,62,117,117,128,128,161,161,186,197,232,232,232,232,232,30,64,64],"floor_reached":55,"playtime":3555,"items_purged":["Strike_R","Defend_R"],"score":842,"play_id":"b1e63865-4731-463e-b5c1-cefd9fca70fe","local_time":"20190131180312","is_ascension_mode":false,"campfire_choices":[{"data":"True Grit","floor":6,"key":"SMITH"},{"data":"Spot Weakness","floor":8,"key":"SMITH"},{"data":"Strike_R","floor":15,"key":"PURGE"},{"data":"Strike_R","floor":24,"key":"PURGE"},{"floor":27,"key":"REST"},{"data":"Defend_R","floor":32,"key":"PURGE"},{"floor":41,"key":"REST"},{"floor":49,"key":"RECALL"},{"data":"Madness","floor":52,"key":"SMITH"}],"neow_cost":"NONE","seed_source_timestamp":246603950557501,"circlet_count":0,"master_deck":["Defend_R","Defend_R","Bash","True Grit+1","Spot Weakness+1","Metallicize","Cleave","Carnage+1","Clothesline+1","Rampage+1","Feed+1","Offering","Iron Wave+1","Flex","Dual Wield+1","Madness+1","Madness","Shrug It Off","Headbutt+1","True Grit+1","Demon Form"],"relics":["Burning Blood","Happy Flower","Singing Bowl","Molten Egg 2","Peace Pipe","Girya","Runic Pyramid","Art of War","Oddly Smooth Stone","Torii","Bottled Flame","Orrery","Unceasing Top","Du-Vu Doll","Dream Catcher","Omamori","Medical Kit","Pen Nib"],"potions_floor_usage":[7,10,16,18,25,29,29,36,39,40,46,46,46],"damage_taken":[{"damage":15,"enemies":"Jaw Worm","floor":1,"turns":5},{"damage":0,"enemies":"Small Slimes","floor":2,"turns":3},{"damage":1,"enemies":"2 Louse","floor":4,"turns":4},{"damage":1,"enemies":"Exordium Wildlife","floor":5,"turns":5},{"damage":10,"enemies":"3 Sentries","floor":7,"turns":6},{"damage":13,"enemies":"Gremlin Nob","floor":10,"turns":5},{"damage":3,"enemies":"2 Fungi Beasts","floor":11,"turns":3},{"damage":0,"enemies":"Blue Slaver","floor":13,"turns":2},{"damage":7,"enemies":"Lagavulin","floor":14,"turns":6},{"damage":8,"enemies":"Slime Boss","floor":16,"turns":6},{"damage":4,"enemies":"3 Byrds","floor":18,"turns":3},{"damage":5,"enemies":"Spheric Guardian","floor":19,"turns":3},{"damage":6,"enemies":"Chosen and Byrds","floor":22,"turns":6},{"damage":71,"enemies":"Slavers","floor":25,"turns":5},{"damage":13,"enemies":"Book of Stabbing","floor":29,"turns":5},{"damage":7,"enemies":"3 Cultists","floor":30,"turns":4},{"damage":3,"enemies":"Snake Plant","floor":31,"turns":3},{"damage":51,"enemies":"Collector","floor":33,"turns":9},{"damage":15,"enemies":"3 Darklings","floor":35,"turns":6},{"damage":6,"enemies":"3 Shapes","floor":36,"turns":5},{"damage":23,"enemies":"3 Darklings","floor":39,"turns":6},{"damage":38,"enemies":"2 Orb Walkers","floor":40,"turns":6},{"damage":6,"enemies":"Maw","floor":42,"turns":6},{"damage":16,"enemies":"Nemesis","floor":44,"turns":5},{"damage":19,"enemies":"Reptomancer","floor":46,"turns":4},{"damage":28,"enemies":"Jaw Worm Horde","floor":47,"turns":4},{"damage":6,"enemies":"Giant Head","floor":48,"turns":8},{"damage":38,"enemies":"Time Eater","floor":50,"turns":12},{"damage":148,"enemies":"Shield and Spear","floor":54,"turns":9},{"damage":71,"enemies":"The Heart","floor":55,"turns":5}],"seed_played":"-6751592469375254651","potions_obtained":[{"floor":1,"key":"SkillPotion"},{"floor":2,"key":"LiquidBronze"},{"floor":4,"key":"Weak Potion"},{"floor":10,"key":"GamblersBrew"},{"floor":11,"key":"LiquidBronze"},{"floor":22,"key":"Dexterity Potion"},{"floor":25,"key":"AttackPotion"},{"floor":30,"key":"GamblersBrew"},{"floor":31,"key":"Strength Potion"},{"floor":35,"key":"Dexterity Potion"},{"floor":36,"key":"Block Potion"},{"floor":42,"key":"Energy Potion"},{"floor":44,"key":"EssenceOfSteel"}],"is_trial":false,"path_per_floor":["M","M","?","M","M","R","E","R","T","E","M","$","M","E","R","B",null,"M","M","?","?","M","?","R","E","T","R","$","E","M","M","R","B",null,"M","M","?","$","M","?","R","M","T","E","?","E","M","E","R","B",null,"R","$","E","B"],"character_chosen":"IRONCLAD","items_purchased":["Rampage+1","Torii","Shrug It Off","Medical Kit"],"campfire_rested":2,"item_purchase_floors":[12,28,38,53],"current_hp_per_floor":[71,77,65,70,75,75,73,73,73,66,69,69,75,76,76,74,84,90,96,77,77,83,83,83,24,24,57,57,56,61,70,70,29,141,138,142,123,123,112,90,140,146,146,140,140,131,123,129,129,101,205,205,205,71,0],"gold":64,"neow_bonus":"REMOVE_CARD","is_prod":false,"is_daily":false,"chose_seed":false,"campfire_upgraded":3,"win_rate":0,"timestamp":1548957792,"path_taken":["M","M","?","M","M","R","E","R","T","E","M","$","M","E","R","BOSS","M","M","?","?","M","?","R","E","T","R","$","E","M","M","R","BOSS","M","M","?","$","M","?","R","M","T","E","?","E","M","E","R","BOSS","R","$","E","BOSS"],"build_version":"2019-01-23","purchased_purges":2,"victory":false,"max_hp_per_floor":[80,80,80,80,80,80,82,82,82,82,82,82,82,84,84,84,84,90,96,101,101,107,107,107,113,113,113,113,119,125,131,131,135,141,147,151,151,151,157,167,167,173,173,177,177,181,195,201,201,205,205,205,205,213,213],"card_choices":[{"not_picked":["Infernal Blade","Searing Blow"],"picked":"True Grit","floor":1},{"not_picked":["Clash","Bloodletting"],"picked":"Spot Weakness","floor":2},{"not_picked":["Havoc","Disarm"],"picked":"Metallicize","floor":4},{"not_picked":["Clothesline","Entrench"],"picked":"Cleave","floor":5},{"not_picked":["Second Wind","Ghostly Armor","Rage"],"picked":"Singing Bowl","floor":7},{"not_picked":["Second Wind","Feel No Pain"],"picked":"Carnage+1","floor":10},{"not_picked":["Warcry","Power Through"],"picked":"Clothesline+1","floor":11},{"not_picked":["Warcry","Rage"],"picked":"Pommel Strike+1","floor":13},{"not_picked":["Demon Form","Bloodletting","Clash+1"],"picked":"Singing Bowl","floor":14},{"not_picked":["Immolate+1","Impervious"],"picked":"Feed+1","floor":16},{"not_picked":["Burning Pact+1","Clothesline+1","Body Slam+1"],"picked":"Singing Bowl","floor":18},{"not_picked":["Clothesline+1","Sword Boomerang+1","Thunderclap+1"],"picked":"Singing Bowl","floor":19},{"not_picked":["Body Slam+1","Inflame","Headbutt+1"],"picked":"Singing Bowl","floor":22},{"not_picked":["Anger+1","Offering","Perfected Strike+1"],"picked":"Singing Bowl","floor":25},{"not_picked":["Clothesline+1","Exhume","Wild Strike+1"],"picked":"Singing Bowl","floor":29},{"not_picked":["Dropkick+1","Clash+1","Headbutt+1"],"picked":"Singing Bowl","floor":30},{"not_picked":["Cleave+1","Inflame","Wild Strike+1"],"picked":"Singing Bowl","floor":31},{"not_picked":["Bludgeon+1","Double Tap"],"picked":"Offering","floor":33},{"not_picked":["Twin Strike+1","Fiend Fire+1"],"picked":"Iron Wave+1","floor":34},{"not_picked":["Wild Strike+1","Clash+1"],"picked":"Flex","floor":34},{"not_picked":["Armaments","Sword Boomerang+1","Power Through"],"picked":"Singing Bowl","floor":34},{"not_picked":["Clash+1","Whirlwind+1","Sword Boomerang+1"],"picked":"Singing Bowl","floor":34},{"not_picked":["Hemokinesis+1","Thunderclap+1","Cleave+1"],"picked":"Singing Bowl","floor":34},{"not_picked":["Hemokinesis+1","Pommel Strike+1","True Grit"],"picked":"Singing Bowl","floor":35},{"not_picked":["Sentinel+1","Rage+1"],"picked":"Dual Wield+1","floor":36},{"not_picked":["Pommel Strike+1","Clothesline+1","Headbutt+1"],"picked":"Singing Bowl","floor":39},{"not_picked":["Body Slam+1","Hemokinesis+1","Fiend Fire+1"],"picked":"Singing Bowl","floor":40},{"not_picked":["Battle Trance","Reckless Charge+1","Twin Strike+1"],"picked":"Singing Bowl","floor":42},{"not_picked":["Spot Weakness+1","Evolve"],"picked":"Headbutt+1","floor":44},{"not_picked":["Whirlwind+1","Pommel Strike+1"],"picked":"True Grit+1","floor":46},{"not_picked":["Uppercut+1","Shrug It Off+1","Entrench+1"],"picked":"Singing Bowl","floor":47},{"not_picked":["Carnage+1","Clash+1","Heavy Blade+1"],"picked":"Singing Bowl","floor":48},{"not_picked":["Body Slam+1","Uppercut+1"],"picked":"Demon Form","floor":54}],"player_experience":793127,"relics_obtained":[{"floor":7,"key":"Singing Bowl"},{"floor":9,"key":"Molten Egg 2"},{"floor":10,"key":"Peace Pipe"},{"floor":14,"key":"Girya"},{"floor":25,"key":"Art of War"},{"floor":26,"key":"Oddly Smooth Stone"},{"floor":29,"key":"Bottled Flame"},{"floor":40,"key":"Unceasing Top"},{"floor":44,"key":"Du-Vu Doll"},{"floor":46,"key":"Dream Catcher"},{"floor":48,"key":"Omamori"},{"floor":54,"key":"Pen Nib"}],"event_choices":[{"damage_healed":0,"gold_gain":0,"player_choice":"Success","damage_taken":12,"relics_obtained":["Happy Flower"],"max_hp_gain":0,"max_hp_loss":0,"event_name":"Scrap Ooze","floor":3,"gold_loss":0},{"damage_healed":0,"gold_gain":0,"player_choice":"Shed Blood","damage_taken":24,"max_hp_gain":5,"max_hp_loss":0,"event_name":"Forgotten Altar","floor":20,"gold_loss":0},{"damage_healed":0,"gold_gain":0,"player_choice":"Ignored","damage_taken":0,"max_hp_gain":0,"max_hp_loss":0,"event_name":"Vampires","floor":21,"gold_loss":0},{"cards_removed":["Strike_R"],"damage_healed":0,"gold_gain":0,"player_choice":"Elegance","damage_taken":0,"max_hp_gain":0,"max_hp_loss":0,"event_name":"Back to Basics","floor":23,"gold_loss":0},{"damage_healed":0,"gold_gain":0,"player_choice":"Embrace Madness","damage_taken":19,"max_hp_gain":0,"max_hp_loss":0,"event_name":"Winding Halls","floor":37,"gold_loss":0,"cards_obtained":["Madness","Madness"]},{"damage_healed":0,"gold_gain":0,"player_choice":"Fight","damage_taken":0,"max_hp_gain":0,"max_hp_loss":0,"event_name":"Mysterious Sphere","floor":40,"gold_loss":0},{"cards_removed":["Pommel Strike"],"damage_healed":0,"gold_gain":0,"player_choice":"Removed Attack","damage_taken":0,"max_hp_gain":0,"max_hp_loss":0,"event_name":"Falling","floor":45,"gold_loss":0}],"is_beta":true,"boss_relics":[{"not_picked":["Mark of Pain","Runic Dome"],"picked":"Runic Pyramid"},{"not_picked":["Runic Cube","Pandora\u0027s Box"],"picked":"Orrery"}],"items_purged_floors":[12,38],"is_endless":false,"potions_floor_spawned":[1,2,4,10,11,14,22,25,30,31,35,36,42,44],"killed_by":"The Heart","ascension_level":0}