{"gold_per_floor":[114,114,114,114,114,114,146,146,170,170,190,14,31,87,87,87],"floor_reached":16,"playtime":1264,"items_purged":["Strike_R"],"score":96,"play_id":"f0542931-54c3-42e3-b231-be13efbd81dc","local_time":"20181225012340","is_ascension_mode":false,"campfire_choices":[{"data":"Dramatic Entrance","floor":6,"key":"SMITH"},{"floor":10,"key":"REST"},{"floor":15,"key":"REST"}],"neow_cost":"NONE","seed_source_timestamp":11226957894100,"circlet_count":0,"master_deck":["Strike_R","Defend_R","Defend_R","Defend_R+1","Defend_R+1","Bash","Dramatic Entrance+1","Iron Wave","Iron Wave","Pommel Strike","Body Slam","Uppercut","Whirlwind","Whirlwind"],"relics":["Burning Blood","Juzu Bracelet","Bronze Scales","War Paint","Darkstone Periapt"],"potions_floor_usage":[14,16],"damage_taken":[{"damage":7,"enemies":"2 Louse","floor":1,"turns":2},{"damage":45,"enemies":"Gremlin Nob","floor":7,"turns":5},{"damage":7,"enemies":"Small Slimes","floor":11,"turns":4},{"damage":0,"enemies":"Jaw Worm","floor":13,"turns":3},{"damage":19,"enemies":"3 Sentries","floor":14,"turns":4},{"damage":50,"enemies":"Hexaghost","floor":16,"turns":9}],"seed_played":"-705231749732714742","potions_obtained":[{"floor":1,"key":"SkillPotion"},{"floor":11,"key":"Poison Potion"}],"is_trial":false,"path_per_floor":["M","?","?","?","?","R","E","?","T","R","M","$","M","?","R","B"],"character_chosen":"IRONCLAD","items_purchased":["Body Slam","Uppercut"],"campfire_rested":2,"item_purchase_floors":[12,12],"current_hp_per_floor":[79,79,54,47,47,47,8,8,8,32,31,31,37,24,48,0],"gold":87,"neow_bonus":"RANDOM_COLORLESS","is_prod":false,"is_daily":false,"chose_seed":false,"campfire_upgraded":1,"win_rate":0,"timestamp":1545672220,"path_taken":["M","?","?","?","?","R","E","?","T","R","M","?","M","?","R","BOSS"],"build_version":"2018-12-20","purchased_purges":1,"victory":false,"max_hp_per_floor":[80,80,80,80,80,80,80,80,80,80,80,80,80,80,80,80],"card_choices":[{"not_picked":["Havoc","Rupture"],"picked":"Iron Wave","floor":1},{"not_picked":["Disarm","Warcry"],"picked":"Iron Wave","floor":7},{"not_picked":["Metallicize","Iron Wave"],"picked":"Pommel Strike","floor":11},{"not_picked":["Blood for Blood","Cleave"],"picked":"Whirlwind","floor":13},{"not_picked":["Spot Weakness","Headbutt"],"picked":"Whirlwind","floor":14}],"player_experience":65850,"relics_obtained":[{"floor":7,"key":"Bronze Scales"},{"floor":9,"key":"War Paint"},{"floor":14,"key":"Darkstone Periapt"}],"event_choices":[{"cards_removed":["Strike_R"],"damage_healed":0,"gold_gain":0,"player_choice":"Forget","damage_taken":0,"max_hp_gain":0,"max_hp_loss":0,"event_name":"Living Wall","floor":2,"gold_loss":0},{"damage_healed":0,"gold_gain":0,"player_choice":"Success","damage_taken":25,"relics_obtained":["Juzu Bracelet"],"max_hp_gain":0,"max_hp_loss":0,"event_name":"Scrap Ooze","floor":3,"gold_loss":0},{"cards_removed":["Strike_R"],"damage_healed":0,"gold_gain":0,"player_choice":"Card Removal","damage_taken":7,"max_hp_gain":0,"max_hp_loss":0,"event_name":"Golden Wing","floor":4,"gold_loss":0},{"damage_healed":0,"gold_gain":0,"player_choice":"Ignored","damage_taken":0,"max_hp_gain":0,"max_hp_loss":0,"event_name":"Liars Game","floor":5,"gold_loss":0},{"cards_removed":["Strike_R"],"damage_healed":0,"gold_gain":0,"player_choice":"Offered Basic","damage_taken":0,"max_hp_gain":0,"max_hp_loss":0,"event_name":"Bonfire Elementals","floor":8,"gold_loss":0},{"damage_healed":0,"gold_gain":0,"player_choice":"Searched \u00271\u0027 times","damage_taken":0,"max_hp_gain":0,"max_hp_loss":0,"event_name":"Dead Adventurer","floor":14,"gold_loss":0}],"is_beta":false,"boss_relics":[],"items_purged_floors":[12],"is_endless":false,"potions_floor_spawned":[1,11],"killed_by":"Hexaghost","ascension_level":0}