{"gold_per_floor":[109,124,141,141,152,152,181,209,209,271,271,288,223,243,243,243],"floor_reached":16,"playtime":861,"items_purged":[],"score":163,"play_id":"cb6afd33-d338-4d16-821f-f7d2b8abcd8c","local_time":"20181123164212","is_ascension_mode":true,"campfire_choices":[{"floor":6.0,"key":"REST"},{"data":"White Noise","floor":11,"key":"SMITH"},{"floor":15,"key":"REST"}],"neow_cost":"NONE","seed_source_timestamp":0,"circlet_count":0,"master_deck":["Strike_B","Strike_B","Strike_B","Strike_B","Defend_B","Defend_B","Defend_B","Defend_B","Zap","Dualcast","Compile Driver","Static Discharge","Leap","Ball Lightning","White Noise+1","Coolheaded","Coolheaded","Glacier"],"special_seed":0,"relics":["Cracked Core","Letter Opener","Odd Mushroom","Pear","Bottled Tornado","Anchor"],"potions_floor_usage":[10,10,16],"damage_taken":[{"damage":1.0,"enemies":"Cultist","floor":1.0,"turns":3.0},{"damage":7.0,"enemies":"Jaw Worm","floor":2.0,"turns":3.0},{"damage":20.0,"enemies":"Small Slimes","floor":3.0,"turns":4.0},{"damage":8.0,"enemies":"3 Louse","floor":5.0,"turns":3.0},{"damage":24.0,"enemies":"The Mushroom Lair","floor":7.0,"turns":4.0},{"damage":16.0,"enemies":"Lagavulin","floor":8.0,"turns":6.0},{"damage":10,"enemies":"Gremlin Nob","floor":10,"turns":3},{"damage":22,"enemies":"Large Slime","floor":12,"turns":5},{"damage":0,"enemies":"Exordium Thugs","floor":14,"turns":6},{"damage":33,"enemies":"Slime Boss","floor":16,"turns":8}],"seed_played":"6838034821664799588","potions_obtained":[{"floor":3.0,"key":"FocusPotion"},{"floor":5.0,"key":"Dexterity Potion"},{"floor":7.0,"key":"EssenceOfSteel"}],"is_trial":false,"path_per_floor":["M","M","M","?","M","R","?","E","T","?","R","M","?","M","R","B"],"character_chosen":"DEFECT","items_purchased":[],"campfire_rested":2,"item_purchase_floors":[],"current_hp_per_floor":[74,67,47,47,39,63,39,23,33,23,23,1,1,1,28,0],"gold":243,"neow_bonus":"TEN_PERCENT_HP_BONUS","is_prod":false,"is_daily":false,"chose_seed":false,"campfire_upgraded":1,"win_rate":0,"timestamp":1543009332,"path_taken":["M","M","?","?","?","R","?","E","T","?","R","M","?","M","R","BOSS"],"build_version":"2018-11-15","purchased_purges":0,"victory":false,"max_hp_per_floor":[82,82,82,82,82,82,82,82,92,92,92,92,92,92,92,92],"card_choices":[{"not_picked":["Barrage","Rebound"],"picked":"Compile Driver","floor":1.0},{"not_picked":["Turbo","Melter"],"picked":"Static Discharge","floor":2.0},{"not_picked":["Compile Driver","Barrage"],"picked":"Leap","floor":3.0},{"not_picked":["Redo","Beam Cell"],"picked":"Ball Lightning","floor":5.0},{"not_picked":["Leap","Hello World"],"picked":"White Noise","floor":7.0},{"not_picked":["Undo","Consume"],"picked":"Coolheaded","floor":8.0},{"not_picked":["Rebound","Steam"],"picked":"Coolheaded","floor":10},{"not_picked":["Multi-Cast","Stack"],"picked":"Glacier","floor":12},{"not_picked":["Steam","Turbo","Heatsinks"],"picked":"SKIP","floor":14}],"player_experience":475509,"relics_obtained":[{"floor":4.0,"key":"Letter Opener"},{"floor":7.0,"key":"Odd Mushroom"},{"floor":9.0,"key":"Pear"},{"floor":10,"key":"Bottled Tornado"}],"event_choices":[{"damage_healed":0.0,"max_hp_gain":0.0,"max_hp_loss":0.0,"gold_gain":0.0,"event_name":"Wheel of Change","player_choice":"Relic","floor":4.0,"gold_loss":0.0,"damage_taken":0.0},{"damage_healed":0.0,"max_hp_gain":0.0,"max_hp_loss":0.0,"gold_gain":0.0,"event_name":"Mushrooms","player_choice":"Fought Mushrooms","floor":7.0,"gold_loss":0.0,"damage_taken":0.0},{"damage_healed":0,"gold_gain":0,"player_choice":"Searched \u00272\u0027 times","damage_taken":0,"max_hp_gain":0,"max_hp_loss":0,"event_name":"Dead Adventurer","floor":10,"gold_loss":0},{"damage_healed":0,"gold_gain":0,"player_choice":"Paid Gold","damage_taken":0,"relics_obtained":["Anchor"],"max_hp_gain":0,"max_hp_loss":0,"event_name":"WeMeetAgain","floor":13,"gold_loss":65}],"is_beta":false,"boss_relics":[],"items_purged_floors":[],"is_endless":false,"potions_floor_spawned":[3,5,7,8],"killed_by":"Slime Boss","ascension_level":7}