{"gold_per_floor":[114,15,90,90,107,132,132,32,32,58,90,120,7,22,22,22],"floor_reached":16,"playtime":690,"items_purged":["Strike_R","Strike_R","Strike_R"],"score":116,"play_id":"d5424c01-6659-4e37-b856-302e9b3e1db9","local_time":"20181019145059","is_ascension_mode":true,"campfire_choices":[{"floor":7,"key":"REST"},{"floor":15,"key":"REST"}],"neow_cost":"NONE","seed_source_timestamp":16933228462000,"circlet_count":0,"master_deck":["Strike_R","Strike_R+1","Defend_R","Defend_R+1","Defend_R","Defend_R","Bash","Thunderclap","Heavy Blade","Body Slam","Pommel Strike","Heavy Blade","Hemokinesis","Flex+1","Hemokinesis","Evolve"],"relics":["Burning Blood","Happy Flower","Toxic Egg 2","MawBank"],"potions_floor_usage":[14,16],"damage_taken":[{"damage":6,"enemies":"Jaw Worm","floor":1,"turns":3},{"damage":0,"enemies":"Small Slimes","floor":5,"turns":3},{"damage":30,"enemies":"Gremlin Nob","floor":6,"turns":5},{"damage":33,"enemies":"3 Sentries","floor":10,"turns":8},{"damage":3,"enemies":"Cultist","floor":11,"turns":2},{"damage":15,"enemies":"Gremlin Gang","floor":12,"turns":3},{"damage":3,"enemies":"Blue Slaver","floor":14,"turns":2},{"damage":53,"enemies":"The Guardian","floor":16,"turns":5}],"seed_played":"9105391834375616059","potions_obtained":[{"floor":1,"key":"Ancient Potion"},{"floor":10,"key":"Fire Potion"},{"floor":12,"key":"PowerPotion"}],"is_trial":false,"path_per_floor":["M","$","?","?","M","E","R","$","T","E","M","M","$","M","R"],"character_chosen":"IRONCLAD","items_purchased":["Body Slam"],"campfire_rested":2,"item_purchase_floors":[2],"current_hp_per_floor":[80,80,69,53,59,35,59,59,59,32,35,26,26,29,53,0],"gold":22,"neow_bonus":"THREE_CARDS","is_prod":false,"is_daily":false,"chose_seed":false,"campfire_upgraded":0,"win_rate":0,"timestamp":1539931859,"path_taken":["M","$","?","?","?","E","R","$","T","E","M","M","$","M","R","BOSS"],"build_version":"2018-10-18","purchased_purges":3,"victory":false,"max_hp_per_floor":[80,80,80,80,80,80,80,80,80,80,80,80,80,80,80,80],"card_choices":[{"not_picked":["Dropkick","Combust"],"picked":"Thunderclap","floor":0},{"not_picked":["Carnage","Sword Boomerang"],"picked":"Heavy Blade","floor":1},{"not_picked":["Havoc","Sword Boomerang"],"picked":"Pommel Strike","floor":5},{"not_picked":["Flex","Clash"],"picked":"Heavy Blade","floor":6},{"not_picked":["Headbutt","Shockwave+1"],"picked":"Hemokinesis","floor":10},{"not_picked":["Clash","Anger"],"picked":"Flex+1","floor":11},{"not_picked":["Headbutt","Fiend Fire"],"picked":"Hemokinesis","floor":12},{"not_picked":["Warcry+1","Flex+1"],"picked":"Evolve","floor":14}],"player_experience":38773,"relics_obtained":[{"floor":6,"key":"Happy Flower"},{"floor":9,"key":"Toxic Egg 2"},{"floor":10,"key":"MawBank"}],"event_choices":[{"damage_healed":0,"gold_gain":75,"player_choice":"Gather Gold","damage_taken":11,"max_hp_gain":0,"max_hp_loss":0,"event_name":"World of Goop","floor":3,"gold_loss":0},{"damage_healed":0,"gold_gain":0,"player_choice":"Entered Light","damage_taken":16,"max_hp_gain":0,"max_hp_loss":0,"event_name":"Shining Light","floor":4,"gold_loss":0,"cards_upgraded":["Defend_R","Strike_R"]}],"is_beta":false,"boss_relics":[],"items_purged_floors":[2,8,13],"is_endless":false,"potions_floor_spawned":[1,10,12],"killed_by":"The Guardian","ascension_level":1}