{"gold_per_floor":[112,112,112,122,135,135,161,191,273,302,302,302,319,319,319,442,442,465,501,501,501,491,519,539,36,87,16,16,44,44,44,44,145,145,163,163,175,175,275,275,275,301,301,312,312,312,17,37,37,37],"floor_reached":51,"playtime":5383,"items_purged":["Strike_G","Defend_G"],"score":717,"play_id":"08d692fa-c3b8-4603-91dd-68a67c1a5933","local_time":"20190110140806","is_ascension_mode":false,"campfire_choices":[{"data":"Neutralize","floor":6,"key":"SMITH"},{"floor":11,"key":"REST"},{"floor":15,"key":"REST"},{"data":"Bullet Time","floor":28,"key":"SMITH"},{"floor":30,"key":"REST"},{"data":"Footwork","floor":32,"key":"SMITH"},{"data":"A Thousand Cuts","floor":40,"key":"SMITH"},{"data":"Footwork","floor":45,"key":"SMITH"},{"floor":49,"key":"REST"}],"neow_cost":"NONE","seed_source_timestamp":17481297242500,"circlet_count":0,"master_deck":["Defend_G+1","Defend_G+1","Defend_G","Defend_G","Survivor","Neutralize+1","Backflip","Backflip","Deadly Poison","Acrobatics","Footwork+1","Cloak And Dagger","Blur","Bullet Time+1","Deadly Poison","Deadly Poison","Footwork+1","Predator+1","Burst","Sadistic Nature","Noxious Fumes","Footwork","A Thousand Cuts+1","Slice+1","Madness","Deflect+1","Finesse","Deflect+1"],"relics":["Ring of the Snake","Odd Mushroom","Vajra","Molten Egg 2","Bag of Preparation","Bloody Idol","Philosopher\u0027s Stone","Red Mask","Blood Vial","Regal Pillow","Oddly Smooth Stone","Anchor","Enchiridion","Empty Cage","WingedGreaves","Prayer Wheel","Blue Candle","Pantograph","Toy Ornithopter"],"potions_floor_usage":[8,10,10,22,44,50,50],"damage_taken":[{"damage":0,"enemies":"2 Louse","floor":1,"turns":4},{"damage":3,"enemies":"Small Slimes","floor":4,"turns":4},{"damage":3,"enemies":"Jaw Worm","floor":5,"turns":4},{"damage":17,"enemies":"The Mushroom Lair","floor":7,"turns":7},{"damage":22,"enemies":"3 Sentries","floor":8,"turns":12},{"damage":13,"enemies":"Lagavulin","floor":10,"turns":7},{"damage":0,"enemies":"2 Fungi Beasts","floor":13,"turns":4},{"damage":20,"enemies":"The Guardian","floor":16,"turns":17},{"damage":1,"enemies":"Chosen","floor":18,"turns":6},{"damage":11,"enemies":"Masked Bandits","floor":19,"turns":6},{"damage":11,"enemies":"2 Thieves","floor":22,"turns":4},{"damage":25,"enemies":"Slavers","floor":23,"turns":8},{"damage":1,"enemies":"Centurion and Healer","floor":24,"turns":6},{"damage":21,"enemies":"Book of Stabbing","floor":29,"turns":5},{"damage":1,"enemies":"Automaton","floor":33,"turns":9},{"damage":16,"enemies":"3 Shapes","floor":35,"turns":5},{"damage":0,"enemies":"Orb Walker","floor":37,"turns":4},{"damage":0,"enemies":"Mind Bloom Boss Battle","floor":39,"turns":5},{"damage":0,"enemies":"Giant Head","floor":42,"turns":9},{"damage":24,"enemies":"3 Darklings","floor":44,"turns":4},{"damage":37,"enemies":"Sphere and 2 Shapes","floor":48,"turns":6},{"damage":13,"enemies":"Time Eater","floor":50,"turns":13}],"seed_played":"1658611892315809773","potions_obtained":[{"floor":1,"key":"Ancient Potion"},{"floor":7,"key":"SteroidPotion"},{"floor":8,"key":"Poison Potion"},{"floor":19,"key":"LiquidBronze"},{"floor":23,"key":"FairyPotion"},{"floor":35,"key":"Weak Potion"},{"floor":42,"key":"LiquidBronze"},{"floor":44,"key":"Weak Potion"}],"is_trial":false,"path_per_floor":["M","?","?","M","M","R","?","E","T","E","R","?","M","?","R","B",null,"M","?","?","?","M","E","M","$","T","$","R","E","R","?","R","B",null,"M","?","M","?","?","R","?","E","T","M","R","T","$","M","R","B",null],"character_chosen":"THE_SILENT","items_purchased":["Sadistic Nature","Noxious Fumes","Regal Pillow","Footwork","Toy Ornithopter"],"campfire_rested":4,"item_purchase_floors":[25,25,25,27,47],"current_hp_per_floor":[77,70,70,67,64,64,47,25,25,12,35,20,20,20,41,21,71,70,59,59,59,58,38,44,44,49,49,49,35,71,55,55,61,71,60,51,58,58,65,65,65,71,71,52,52,52,52,22,58,58],"gold":37,"neow_bonus":"TEN_PERCENT_HP_BONUS","is_prod":false,"is_daily":false,"chose_seed":false,"campfire_upgraded":5,"win_rate":0,"timestamp":1547100486,"path_taken":["M","?","?","M","M","R","?","E","T","E","R","?","M","?","R","BOSS","M","?","?","?","?","E","M","$","T","$","R","E","R","?","R","BOSS","M","?","M","?","?","R","?","E","T","M","R","?","$","M","R","BOSS"],"build_version":"2019-01-03v4","purchased_purges":2,"victory":true,"max_hp_per_floor":[77,77,77,77,77,77,77,77,77,77,77,77,77,71,71,71,71,71,71,71,71,71,71,71,71,71,71,71,71,71,71,71,71,71,71,71,71,71,71,71,71,71,71,71,71,71,71,71,71,71],"card_choices":[{"not_picked":["Eviscerate","Acrobatics"],"picked":"Backflip","floor":1},{"not_picked":["Prepared","Tactician"],"picked":"Backflip","floor":4},{"not_picked":["Poisoned Stab","Deflect"],"picked":"Deadly Poison","floor":5},{"not_picked":["Dagger Throw","Outmaneuver"],"picked":"Acrobatics","floor":7},{"not_picked":["Deadly Poison","Quick Slash"],"picked":"Footwork","floor":8},{"not_picked":["Quick Slash+1","Venomology"],"picked":"Cloak And Dagger","floor":10},{"not_picked":["Underhanded Strike+1","Cloak And Dagger"],"picked":"Blur","floor":13},{"not_picked":["Wraith Form v2","Unload+1"],"picked":"Bullet Time","floor":16},{"not_picked":["Finisher+1","Acrobatics"],"picked":"Deadly Poison","floor":18},{"not_picked":["Choke+1","Sucker Punch+1"],"picked":"Deadly Poison","floor":19},{"not_picked":["Blade Dance","Poisoned Stab+1"],"picked":"Predator+1","floor":22},{"not_picked":["Infinite Blades","Accuracy"],"picked":"Burst","floor":23},{"not_picked":["Accuracy","Bouncing Flask","Blade Dance"],"picked":"SKIP","floor":24},{"not_picked":["Crippling Poison+1","Eviscerate+1","Dodge and Roll"],"picked":"SKIP","floor":29},{"not_picked":["Unload+1","Venomology"],"picked":"A Thousand Cuts","floor":33},{"not_picked":["PiercingWail+1","Poisoned Stab+1"],"picked":"Slice+1","floor":35},{"not_picked":["PiercingWail","Leg Sweep","Bane+1"],"picked":"SKIP","floor":37},{"not_picked":["PiercingWail+1","Deadly Poison"],"picked":"Deflect+1","floor":39},{"not_picked":["Blind","Deep Breath"],"picked":"Finesse","floor":41},{"not_picked":["PiercingWail+1","Noxious Fumes+1"],"picked":"Deflect+1","floor":42},{"not_picked":["Heel Hook+1","Outmaneuver+1","Finisher+1"],"picked":"SKIP","floor":44},{"not_picked":["Skewer+1","Caltrops+1","Dagger Spray+1"],"picked":"SKIP","floor":44},{"not_picked":["Crippling Poison+1","Riddle With Holes+1","Footwork+1"],"picked":"SKIP","floor":48},{"not_picked":["Quick Slash+1","Outmaneuver","Wraith Form v2"],"picked":"SKIP","floor":48}],"player_experience":141720,"relics_obtained":[{"floor":7,"key":"Odd Mushroom"},{"floor":8,"key":"Vajra"},{"floor":9,"key":"Molten Egg 2"},{"floor":10,"key":"Bag of Preparation"},{"floor":19,"key":"Red Mask"},{"floor":23,"key":"Blood Vial"},{"floor":26,"key":"Oddly Smooth Stone"},{"floor":29,"key":"Anchor"},{"floor":31,"key":"Enchiridion"},{"floor":39,"key":"WingedGreaves"},{"floor":42,"key":"Prayer Wheel"},{"floor":43,"key":"Blue Candle"},{"floor":46,"key":"Pantograph"}],"event_choices":[{"cards_removed":["Strike_G"],"damage_healed":0,"gold_gain":0,"player_choice":"Card Removal","damage_taken":7,"max_hp_gain":0,"max_hp_loss":0,"event_name":"Golden Wing","floor":2,"gold_loss":0},{"cards_removed":["Strike_G"],"damage_healed":0,"gold_gain":0,"player_choice":"Forget","damage_taken":0,"max_hp_gain":0,"max_hp_loss":0,"event_name":"Living Wall","floor":3,"gold_loss":0},{"damage_healed":0,"gold_gain":0,"player_choice":"Fought Mushrooms","damage_taken":0,"max_hp_gain":0,"max_hp_loss":0,"event_name":"Mushrooms","floor":7,"gold_loss":0},{"damage_healed":0,"gold_gain":0,"player_choice":"Entered Light","damage_taken":15,"max_hp_gain":0,"max_hp_loss":0,"event_name":"Shining Light","floor":12,"gold_loss":0,"cards_upgraded":["Defend_G","Defend_G"]},{"damage_healed":0,"gold_gain":0,"player_choice":"Lose Max HP","damage_taken":0,"relics_obtained":["Golden Idol"],"max_hp_gain":0,"max_hp_loss":6,"event_name":"Golden Idol","floor":14,"gold_loss":0},{"damage_healed":0,"gold_gain":0,"player_choice":"Fought Bandits","damage_taken":0,"max_hp_gain":0,"max_hp_loss":0,"event_name":"Masked Bandits","floor":19,"gold_loss":0},{"damage_healed":0,"gold_gain":0,"player_choice":"Gave Idol","damage_taken":0,"relics_obtained":["Bloody Idol"],"max_hp_gain":0,"max_hp_loss":0,"event_name":"Forgotten Altar","floor":20,"relics_lost":["Golden Idol"],"gold_loss":0},{"damage_healed":0,"gold_gain":0,"player_choice":"Read","damage_taken":0,"max_hp_gain":0,"max_hp_loss":0,"event_name":"The Library","floor":21,"gold_loss":0,"cards_obtained":["Footwork"]},{"damage_healed":0,"gold_gain":0,"player_choice":"Obtained Book","damage_taken":16,"max_hp_gain":0,"max_hp_loss":0,"event_name":"Cursed Tome","floor":31,"gold_loss":0},{"damage_healed":0,"gold_gain":0,"player_choice":"Embrace Madness","damage_taken":9,"max_hp_gain":0,"max_hp_loss":0,"event_name":"Winding Halls","floor":36,"gold_loss":0,"cards_obtained":["Madness","Madness"]},{"cards_removed":["Madness"],"damage_healed":0,"gold_gain":0,"player_choice":"Removed Skill","damage_taken":0,"max_hp_gain":0,"max_hp_loss":0,"event_name":"Falling","floor":38,"gold_loss":0},{"damage_healed":0,"gold_gain":0,"player_choice":"Fight","damage_taken":0,"max_hp_gain":0,"max_hp_loss":0,"event_name":"MindBloom","floor":39,"gold_loss":0},{"damage_healed":0,"gold_gain":0,"player_choice":"Memory 1","damage_taken":0,"max_hp_gain":0,"max_hp_loss":0,"event_name":"SensoryStone","floor":41,"gold_loss":0}],"is_beta":false,"boss_relics":[{"not_picked":["Snecko Eye","Lizard Tail"],"picked":"Philosopher\u0027s Stone"},{"not_picked":["Orrery","Fusion Hammer"],"picked":"Empty Cage"}],"items_purged_floors":[25,47],"is_endless":false,"potions_floor_spawned":[1,7,8,19,23,35,42,44],"ascension_level":0}