{"gold_per_floor":[114,129,129,144,51,51,81,81,81,96,171,9,9,24,24,124,124,139,139,154,169,169,169,169,169,219,234,264,289,1,1,1,101,101,116,116,216,231,0,0,30,30,55,70,70,70,100,115,115,115],"floor_reached":50,"playtime":3987,"items_purged":[],"score":691,"play_id":"428fa2ed-fc12-41f2-8770-a1f5682f5ba6","local_time":"20190131160348","daily_mods":["Draft","Diverse","Terminal"],"is_ascension_mode":false,"campfire_choices":[{"data":"Armaments","floor":6,"key":"SMITH"},{"data":"Havoc","floor":8,"key":"SMITH"},{"data":"Cloak And Dagger","floor":15,"key":"SMITH"},{"data":"Envenom","floor":23,"key":"SMITH"},{"data":"Cloak And Dagger","floor":25,"key":"SMITH"},{"data":"Wraith Form v2","floor":32,"key":"SMITH"},{"data":"Madness","floor":40,"key":"SMITH"},{"floor":42,"key":"REST"},{"data":"Madness","floor":45,"key":"SMITH"},{"data":"Double Energy","floor":49,"key":"SMITH"}],"neow_cost":"","seed_source_timestamp":0,"circlet_count":0,"master_deck":["Disarm","Infinite Blades+1","Noxious Fumes","PiercingWail","Cloak And Dagger+1","Cold Snap","Deadly Poison","Armaments+1","Havoc+1","Spot Weakness","Accuracy","Cloak And Dagger+1","Spot Weakness","Backflip","Acrobatics","Dodge and Roll","Blur+1","Infinite Blades","Dagger Spray+1","Envenom+1","Shrug It Off","Accuracy","Carnage+1","Wraith Form v2+1","FTL+1","Seek","Bloodletting+1","Acrobatics+1","Carnage+1","Flex+1","Madness+1","Madness+1","Double Energy+1","After Image","Fire Breathing+1","Backflip+1","Burst","Prepared+1"],"special_seed":17927,"relics":["Cracked Core","Dream Catcher","Meat on the Bone","Molten Egg 2","Nuclear Battery","Nloth\u0027s Gift","Centennial Puzzle","Pen Nib","DataDisk","Bottled Lightning","Astrolabe","Mango","Red Mask","Smiling Mask","Bag of Preparation","Bird Faced Urn","Juzu Bracelet"],"potions_floor_usage":[7,7,16,21,28,35,41,46,50,50],"damage_taken":[{"damage":0,"enemies":"Jaw Worm","floor":1,"turns":3},{"damage":0,"enemies":"Cultist","floor":2,"turns":4},{"damage":0,"enemies":"Small Slimes","floor":4,"turns":3},{"damage":0,"enemies":"3 Sentries","floor":7,"turns":5},{"damage":0,"enemies":"Looter","floor":10,"turns":3},{"damage":9,"enemies":"Gremlin Gang","floor":14,"turns":4},{"damage":0,"enemies":"Slime Boss","floor":16,"turns":6},{"damage":3,"enemies":"2 Thieves","floor":18,"turns":4},{"damage":0,"enemies":"Shell Parasite","floor":20,"turns":4},{"damage":0,"enemies":"Centurion and Healer","floor":21,"turns":5},{"damage":10,"enemies":"Sentry and Sphere","floor":27,"turns":4},{"damage":14,"enemies":"Book of Stabbing","floor":28,"turns":4},{"damage":3,"enemies":"Automaton","floor":33,"turns":6},{"damage":5,"enemies":"Orb Walker","floor":35,"turns":3},{"damage":0,"enemies":"Mind Bloom Boss Battle","floor":37,"turns":6},{"damage":5,"enemies":"3 Darklings","floor":38,"turns":5},{"damage":12,"enemies":"Giant Head","floor":41,"turns":8},{"damage":3,"enemies":"Sphere and 2 Shapes","floor":44,"turns":4},{"damage":9,"enemies":"2 Orb Walkers","floor":46,"turns":4},{"damage":0,"enemies":"Reptomancer","floor":47,"turns":5},{"damage":3,"enemies":"Maw","floor":48,"turns":6},{"damage":52,"enemies":"Awakened One","floor":50,"turns":8}],"seed_played":"1719304631374948551","potions_obtained":[{"floor":1,"key":"EssenceOfSteel"},{"floor":2,"key":"SkillPotion"},{"floor":4,"key":"SmokeBomb"},{"floor":14,"key":"Explosive Potion"},{"floor":18,"key":"SkillPotion"},{"floor":21,"key":"AttackPotion"},{"floor":33,"key":"SteroidPotion"},{"floor":35,"key":"Swift Potion"},{"floor":44,"key":"Fire Potion"},{"floor":47,"key":"Ancient Potion"},{"floor":48,"key":"FearPotion"}],"is_trial":false,"path_per_floor":["M","M","?","M","$","R","E","R","T","M","T","$","?","M","R","B",null,"M","?","M","M","?","R","?","R","T","M","E","T","$","$","R","B",null,"M","?","?","M","?","R","E","R","T","M","R","?","E","M","R","B"],"character_chosen":"DEFECT","items_purchased":["Backflip","Acrobatics","Blur","Infinite Blades","Bottled Lightning","FTL+1"],"campfire_rested":1,"item_purchase_floors":[5,5,12,12,30,30],"current_hp_per_floor":[73,72,71,70,69,68,67,66,65,64,63,62,50,41,41,41,57,54,54,54,53,52,51,50,49,48,38,24,24,24,24,24,33,40,35,30,44,39,39,39,27,41,41,38,38,29,41,40,39,0],"gold":115,"neow_bonus":"","is_prod":false,"is_daily":true,"chose_seed":false,"campfire_upgraded":9,"win_rate":0,"timestamp":1548921828,"path_taken":["M","M","?","M","?","R","E","R","T","?","?","?","?","M","R","BOSS","M","?","M","?","?","R","?","R","T","?","E","?","?","$","R","BOSS","M","?","?","M","?","R","E","R","T","M","R","?","E","M","R","BOSS"],"build_version":"2019-01-23","purchased_purges":0,"victory":false,"max_hp_per_floor":[73,72,71,70,69,68,67,66,65,64,63,62,61,60,59,58,57,56,55,54,53,52,51,50,49,48,47,46,45,44,43,42,41,40,39,38,51,50,49,48,47,46,45,44,43,42,41,40,39,39],"card_choices":[{"not_picked":["Flying Knee","Acrobatics"],"picked":"Disarm","floor":0},{"not_picked":["Sucker Punch","Predator"],"picked":"Infinite Blades","floor":0},{"not_picked":["Headbutt","Endless Agony"],"picked":"Noxious Fumes","floor":0},{"not_picked":["Corruption","Flex"],"picked":"PiercingWail","floor":0},{"not_picked":["Blade Dance","Intimidate"],"picked":"Clothesline","floor":0},{"not_picked":["Go for the Eyes","Stack"],"picked":"Cloak And Dagger","floor":0},{"not_picked":["Heavy Blade","Darkness"],"picked":"Cold Snap","floor":0},{"not_picked":["Sweeping Beam","Clothesline"],"picked":"Deadly Poison","floor":0},{"not_picked":["Scrape","Reflex"],"picked":"Headbutt","floor":0},{"not_picked":["Flex","Dagger Spray"],"picked":"Armaments","floor":0},{"not_picked":["Steam Power","Sucker Punch"],"picked":"Havoc","floor":0},{"not_picked":["Bane","Burning Pact"],"picked":"Steam","floor":0},{"not_picked":["Rupture","Cloak And Dagger"],"picked":"Spot Weakness","floor":0},{"not_picked":["Dodge and Roll","Power Through"],"picked":"Accuracy","floor":0},{"not_picked":["Sucker Punch","Clash"],"picked":"Cloak And Dagger","floor":0},{"not_picked":["Terror","Prepared"],"picked":"Blade Dance","floor":1},{"not_picked":["Cloak And Dagger","Reckless Charge"],"picked":"Spot Weakness","floor":2},{"not_picked":["Fusion","Hello World"],"picked":"Iron Wave","floor":4},{"not_picked":["Clash","Bane","Deflect"],"picked":"SKIP","floor":7},{"not_picked":["Steam","Wild Strike"],"picked":"Dodge and Roll","floor":10},{"not_picked":["Clash+1","Streamline+1"],"picked":"Dagger Spray+1","floor":14},{"not_picked":["Double Tap","Glass Knife+1"],"picked":"Envenom","floor":16},{"not_picked":["Entrench","Armaments"],"picked":"Shrug It Off","floor":18},{"not_picked":["Stack","Iron Wave+1"],"picked":"Accuracy","floor":20},{"not_picked":["Pommel Strike+1","Turbo"],"picked":"Carnage+1","floor":21},{"not_picked":["Sweeping Beam+1","Steam","Heel Hook+1"],"picked":"SKIP","floor":27},{"not_picked":["Steam Power+1","Heatsinks+1"],"picked":"Wraith Form v2","floor":28},{"not_picked":["Unload+1","Creative AI"],"picked":"Seek","floor":33},{"not_picked":["Thunder Strike+1","Gash+1"],"picked":"Flex+1","floor":35},{"not_picked":["True Grit","Evolve+1"],"picked":"Double Energy","floor":37},{"not_picked":["Sweeping Beam+1","Infinite Blades+1","Skim"],"picked":"SKIP","floor":38},{"not_picked":["Battle Trance","Iron Wave+1"],"picked":"After Image","floor":41},{"not_picked":["Spot Weakness+1","Force Field+1"],"picked":"Fire Breathing+1","floor":42},{"not_picked":["Static Discharge+1","Darkness"],"picked":"Backflip+1","floor":44},{"not_picked":["Bouncing Flask","Pommel Strike+1"],"picked":"Burst","floor":46},{"not_picked":["Rampage+1","Reinforced Body+1"],"picked":"Prepared+1","floor":47},{"not_picked":["Masterful Stab+1","Feel No Pain+1","Reinforced Body+1"],"picked":"SKIP","floor":48}],"player_experience":301431,"relics_obtained":[{"floor":7,"key":"Dream Catcher"},{"floor":9,"key":"Meat on the Bone"},{"floor":11,"key":"Molten Egg 2"},{"floor":26,"key":"Centennial Puzzle"},{"floor":28,"key":"Pen Nib"},{"floor":29,"key":"DataDisk"},{"floor":37,"key":"Mango"},{"floor":41,"key":"Smiling Mask"},{"floor":43,"key":"Bag of Preparation"},{"floor":46,"key":"Bird Faced Urn"},{"floor":47,"key":"Juzu Bracelet"}],"event_choices":[{"cards_removed":["Headbutt"],"damage_healed":0,"gold_gain":0,"player_choice":"Purged","damage_taken":0,"max_hp_gain":0,"max_hp_loss":0,"event_name":"Purifier","floor":3,"gold_loss":0},{"damage_healed":0,"gold_gain":0,"player_choice":"Entered Light","damage_taken":12,"max_hp_gain":0,"max_hp_loss":0,"event_name":"Shining Light","floor":13,"gold_loss":0,"cards_upgraded":["Infinite Blades","Blur"]},{"damage_healed":0,"gold_gain":0,"player_choice":"Trade","damage_taken":0,"relics_obtained":["NlothsMask"],"max_hp_gain":0,"max_hp_loss":0,"event_name":"FaceTrader","floor":19,"gold_loss":0},{"cards_removed":["Steam"],"damage_healed":0,"gold_gain":0,"player_choice":"Elegance","damage_taken":0,"max_hp_gain":0,"max_hp_loss":0,"event_name":"Back to Basics","floor":22,"gold_loss":0},{"damage_healed":0,"gold_gain":0,"player_choice":"Traded Relic","damage_taken":0,"relics_obtained":["Nloth\u0027s Gift"],"max_hp_gain":0,"max_hp_loss":0,"event_name":"N\u0027loth","floor":24,"relics_lost":["NlothsMask"],"gold_loss":0},{"damage_healed":0,"gold_gain":0,"player_choice":"Embrace Madness","damage_taken":5,"max_hp_gain":0,"max_hp_loss":0,"event_name":"Winding Halls","floor":36,"gold_loss":0,"cards_obtained":["Madness","Madness"]},{"damage_healed":0,"gold_gain":0,"player_choice":"Fight","damage_taken":0,"max_hp_gain":0,"max_hp_loss":0,"event_name":"MindBloom","floor":37,"gold_loss":0},{"damage_healed":0,"gold_gain":0,"player_choice":"Paid","damage_taken":0,"relics_obtained":["Red Mask"],"max_hp_gain":0,"max_hp_loss":0,"event_name":"Tomb of Lord Red Mask","floor":39,"gold_loss":231},{"damage_healed":0,"gold_gain":0,"player_choice":"Fight","damage_taken":0,"max_hp_gain":0,"max_hp_loss":0,"event_name":"Mysterious Sphere","floor":46,"gold_loss":0}],"is_beta":false,"boss_relics":[{"not_picked":["Snecko Eye","Eternal Feather"],"picked":"Nuclear Battery"},{"not_picked":["Tiny House","Fusion Hammer"],"picked":"Astrolabe"}],"items_purged_floors":[],"is_endless":false,"potions_floor_spawned":[1,2,4,14,18,21,33,35,44,47,48],"killed_by":"Awakened One","ascension_level":0}