{"gold_per_floor":[213,138,156,170,187,187,198,198,245,263,277,277,277,287,287,389,389,406,406,419,435,454,454,471,371,421,433,445,471,495,507,519,531],"floor_reached":33,"playtime":5789,"items_purged":["Strike_B","Defend_B"],"score":245,"play_id":"99005ce9-48e4-4c0f-a520-49504ed2cf51","local_time":"20190105224913","is_ascension_mode":false,"campfire_choices":[{"data":"Zap","floor":6,"key":"SMITH"},{"data":"Dualcast","floor":8,"key":"SMITH"},{"data":"Defragment","floor":15,"key":"SMITH"},{"data":"Zap","floor":23,"key":"SMITH"},{"floor":27,"key":"REST"},{"floor":32,"key":"REST"}],"neow_cost":"NONE","seed_source_timestamp":941231817247476,"circlet_count":0,"master_deck":["Strike_B","Defend_B","Zap+1","Dualcast+1","Go for the Eyes","Leap","Defragment+1","Sweeping Beam","Steam","Ball Lightning","Biased Cognition+1","Steam+1","Undo+1","Zap+1","Leap","Streamline+1"],"relics":["Cracked Core","Vajra","Astrolabe","MawBank"],"potions_floor_usage":[14,16,20,22,24,33],"damage_taken":[{"damage":4,"enemies":"Cultist","floor":1,"turns":4},{"damage":6,"enemies":"Jaw Worm","floor":3,"turns":3},{"damage":0,"enemies":"2 Louse","floor":4,"turns":2},{"damage":8,"enemies":"2 Fungi Beasts","floor":5,"turns":4},{"damage":0,"enemies":"Exordium Thugs","floor":7,"turns":4},{"damage":6,"enemies":"Exordium Wildlife","floor":10,"turns":4},{"damage":2,"enemies":"Blue Slaver","floor":11,"turns":3},{"damage":0,"enemies":"Exordium Thugs","floor":14,"turns":4},{"damage":22,"enemies":"The Guardian","floor":16,"turns":8},{"damage":0,"enemies":"Shell Parasite","floor":18,"turns":5},{"damage":12,"enemies":"2 Thieves","floor":20,"turns":3},{"damage":27,"enemies":"Snake Plant","floor":21,"turns":4},{"damage":7,"enemies":"Centurion and Healer","floor":22,"turns":5},{"damage":6,"enemies":"3 Cultists","floor":24,"turns":4},{"damage":15,"enemies":"Shelled Parasite and Fungi","floor":29,"turns":4},{"damage":12,"enemies":"Snake Plant","floor":30,"turns":4},{"damage":56,"enemies":"Champ","floor":33,"turns":8}],"seed_played":"-7836230938030011392","potions_obtained":[{"floor":1,"key":"AttackPotion"},{"floor":3,"key":"Dexterity Potion"},{"floor":7,"key":"SkillPotion"},{"floor":20,"key":"Strength Potion"},{"floor":21,"key":"AttackPotion"},{"floor":29,"key":"Swift Potion"}],"is_trial":false,"path_per_floor":["M","$","M","M","M","R","M","R","T","M","M","?","?","M","R","B",null,"M","?","M","M","M","R","M","$","T","R","$","M","M","?","R","B"],"character_chosen":"DEFECT","items_purchased":[],"campfire_rested":2,"item_purchase_floors":[],"current_hp_per_floor":[71,71,65,65,57,57,57,57,57,51,49,49,49,49,49,27,75,75,75,63,36,29,29,23,23,23,45,45,30,18,18,40,0],"gold":531,"neow_bonus":"HUNDRED_GOLD","is_prod":false,"is_daily":false,"chose_seed":false,"campfire_upgraded":4,"win_rate":0,"timestamp":1546696153,"path_taken":["M","$","?","M","M","R","M","R","T","M","M","?","?","M","R","BOSS","M","?","?","M","M","R","M","$","T","R","$","M","M","?","R","BOSS"],"build_version":"2019-01-03v4","purchased_purges":2,"victory":false,"max_hp_per_floor":[75,75,75,75,75,75,75,75,75,75,75,75,75,75,75,75,75,75,75,75,75,75,75,75,75,75,75,75,75,75,75,75,75],"card_choices":[{"not_picked":["FTL","Tempest"],"picked":"Go for the Eyes","floor":1},{"not_picked":["Redo","Gash"],"picked":"Leap","floor":3},{"not_picked":["Recycle","Scrape","Go for the Eyes"],"picked":"SKIP","floor":4},{"not_picked":["Doom and Gloom","Streamline","Compile Driver"],"picked":"SKIP","floor":5},{"not_picked":["Streamline","Stack"],"picked":"Defragment","floor":7},{"not_picked":["Scrape","Compile Driver"],"picked":"Sweeping Beam","floor":10},{"not_picked":["Compile Driver","Chaos"],"picked":"Steam","floor":11},{"not_picked":["Loop","Defragment"],"picked":"Ball Lightning","floor":14},{"not_picked":["Hologram","Tempest","Double Energy"],"picked":"SKIP","floor":18},{"not_picked":["Turbo","Sweeping Beam+1","Loop"],"picked":"SKIP","floor":20},{"not_picked":["Hello World","Capacitor","Blizzard+1"],"picked":"SKIP","floor":21},{"not_picked":["Lockon","Consume","Defragment"],"picked":"SKIP","floor":22},{"not_picked":["Go for the Eyes","Beam Cell"],"picked":"Leap","floor":24},{"not_picked":["Tempest","Skim","Compile Driver+1"],"picked":"SKIP","floor":29},{"not_picked":["Melter","White Noise"],"picked":"Streamline+1","floor":30}],"player_experience":90709,"relics_obtained":[{"floor":9,"key":"Vajra"},{"floor":26,"key":"MawBank"}],"event_choices":[{"cards_removed":["Defend_B"],"damage_healed":0,"gold_gain":0,"player_choice":"Forget","damage_taken":0,"max_hp_gain":0,"max_hp_loss":0,"event_name":"Living Wall","floor":12,"gold_loss":0},{"damage_healed":0,"gold_gain":0,"player_choice":"Searched \u00270\u0027 times","damage_taken":0,"max_hp_gain":0,"max_hp_loss":0,"event_name":"Dead Adventurer","floor":13,"gold_loss":0},{"damage_healed":0,"gold_gain":0,"player_choice":"1 cards matched","damage_taken":0,"max_hp_gain":0,"max_hp_loss":0,"event_name":"Match and Keep!","floor":19,"gold_loss":0,"cards_obtained":["Zap"]},{"damage_healed":0,"gold_gain":0,"player_choice":"Ignored","damage_taken":0,"max_hp_gain":0,"max_hp_loss":0,"event_name":"Vampires","floor":31,"gold_loss":0}],"is_beta":false,"boss_relics":[{"not_picked":["Runic Pyramid","Empty Cage"],"picked":"Astrolabe"}],"items_purged_floors":[2,25],"is_endless":false,"potions_floor_spawned":[1,3,7,20,21,29],"killed_by":"Champ","ascension_level":0}