{"gold_per_floor":[117,117,134,164,176,208,218,238,288,320,279,1,34,45,45,149,149,161,181,181,194,211,211,226,226,305,305],"floor_reached":27,"playtime":1450,"items_purged":["Strike_B"],"score":296,"play_id":"ea8b2da0-df0e-40e9-90ab-f5e4766840b9","local_time":"20181121121152","is_ascension_mode":true,"campfire_choices":[{"floor":15,"key":"REST"},{"floor":23,"key":"REST"},{"floor":25,"key":"REST"}],"neow_cost":"NONE","seed_source_timestamp":2544195364445810,"circlet_count":0,"master_deck":["Strike_B","Strike_B","Defend_B","Defend_B","Defend_B","Defend_B","Zap","Dualcast","Streamline","Chaos","Sweeping Beam","Melter","Gash","Cold Snap","Auto Shields","Conserve Battery","Rainbow+1","Cold Snap+1","Beam Cell+1","Sunder","Regret"],"relics":["Cracked Core","NeowsBlessing","Tiny Chest","Sundial","Potion Belt","Art of War","Happy Flower","Strawberry","Cursed Key","Toxic Egg 2"],"potions_floor_usage":[8,10,13,16,22,22],"damage_taken":[{"damage":0,"enemies":"2 Louse","floor":1,"turns":1},{"damage":0,"enemies":"Cultist","floor":3,"turns":1},{"damage":0,"enemies":"Small Slimes","floor":5,"turns":1},{"damage":30,"enemies":"3 Sentries","floor":6,"turns":6},{"damage":9,"enemies":"Exordium Wildlife","floor":7,"turns":3},{"damage":5,"enemies":"Gremlin Gang","floor":8,"turns":3},{"damage":14,"enemies":"Gremlin Nob","floor":10,"turns":4},{"damage":3,"enemies":"3 Sentries","floor":13,"turns":7},{"damage":10,"enemies":"2 Fungi Beasts","floor":14,"turns":3},{"damage":13,"enemies":"The Guardian","floor":16,"turns":12},{"damage":22,"enemies":"2 Thieves","floor":18,"turns":4},{"damage":23,"enemies":"Shell Parasite","floor":19,"turns":6},{"damage":10,"enemies":"Chosen and Byrds","floor":21,"turns":6},{"damage":17,"enemies":"Centurion and Healer","floor":22,"turns":5},{"damage":30,"enemies":"Shelled Parasite and Fungi","floor":24,"turns":5},{"damage":31,"enemies":"Snake Plant","floor":27,"turns":3}],"seed_played":"-9027713613450260567","potions_obtained":[{"floor":3,"key":"FocusPotion"},{"floor":5,"key":"Strength Potion"},{"floor":13,"key":"Fire Potion"},{"floor":14,"key":"Ancient Potion"},{"floor":19,"key":"Regen Potion"},{"floor":21,"key":"Weak Potion"},{"floor":24,"key":"FearPotion"}],"is_trial":false,"path_per_floor":["M","?","M","?","M","E","M","M","T","E","?","$","E","M","R","B",null,"M","M","?","M","M","R","M","R","T","M"],"character_chosen":"DEFECT","items_purchased":["Happy Flower","Dexterity Potion"],"campfire_rested":3,"item_purchase_floors":[12,12],"current_hp_per_floor":[75,75,75,68,68,38,29,24,24,10,10,10,14,4,28,15,65,43,20,20,10,7,31,1,25,25,0],"gold":305,"neow_bonus":"THREE_ENEMY_KILL","is_prod":false,"is_daily":false,"chose_seed":false,"campfire_upgraded":0,"win_rate":0,"timestamp":1542820312,"path_taken":["M","?","?","?","M","E","M","M","T","E","?","?","E","M","R","BOSS","M","?","?","M","M","R","?","R","T","M"],"build_version":"2018-11-15","purchased_purges":1,"victory":false,"max_hp_per_floor":[75,75,75,75,75,75,75,75,75,75,75,75,82,82,82,82,82,82,82,82,82,82,82,82,82,82,82],"card_choices":[{"not_picked":["Hologram","Steam"],"picked":"Streamline","floor":1},{"not_picked":["Streamline","Conserve Battery"],"picked":"Chaos","floor":3},{"not_picked":["Storm","Skim"],"picked":"Sweeping Beam","floor":5},{"not_picked":["Hello World","Recycle"],"picked":"Melter","floor":6},{"not_picked":["Skim","Steam Power"],"picked":"Gash","floor":7},{"not_picked":["Leap","Skim"],"picked":"Cold Snap","floor":8},{"not_picked":["Rebound","FTL"],"picked":"Auto Shields","floor":10},{"not_picked":["Static Discharge","Recycle"],"picked":"Conserve Battery","floor":13},{"not_picked":["Recycle","Hologram","Sweeping Beam"],"picked":"SKIP","floor":14},{"not_picked":["Reboot","Multi-Cast"],"picked":"Rainbow","floor":16},{"not_picked":["Tempest","Chaos"],"picked":"Cold Snap+1","floor":18},{"not_picked":["Scrape","Double Energy"],"picked":"Beam Cell+1","floor":19},{"not_picked":["Double Energy+1","Fusion"],"picked":"Sunder","floor":21},{"not_picked":["Sweeping Beam","Ball Lightning","Steam"],"picked":"SKIP","floor":22},{"not_picked":["Conserve Battery","Static Discharge","Barrage"],"picked":"SKIP","floor":24}],"player_experience":400764,"relics_obtained":[{"floor":6,"key":"Sundial"},{"floor":9,"key":"Potion Belt"},{"floor":10,"key":"Art of War"},{"floor":13,"key":"Strawberry"},{"floor":26,"key":"Toxic Egg 2"}],"event_choices":[{"cards_removed":["Strike_B"],"damage_healed":0,"gold_gain":0,"player_choice":"Purged","damage_taken":0,"max_hp_gain":0,"max_hp_loss":0,"event_name":"Purifier","floor":2,"gold_loss":0},{"damage_healed":0,"gold_gain":0,"player_choice":"Success","damage_taken":7,"relics_obtained":["Tiny Chest"],"max_hp_gain":0,"max_hp_loss":0,"event_name":"Scrap Ooze","floor":4,"gold_loss":0},{"damage_healed":0,"gold_gain":0,"player_choice":"Left Gold","damage_taken":0,"max_hp_gain":0,"max_hp_loss":0,"event_name":"World of Goop","floor":11,"gold_loss":41},{"damage_healed":0,"gold_gain":0,"player_choice":"Upgraded","damage_taken":0,"max_hp_gain":0,"max_hp_loss":0,"event_name":"Upgrade Shrine","floor":20,"gold_loss":0,"cards_upgraded":["Rainbow"]}],"is_beta":false,"boss_relics":[{"not_picked":["Tiny House","Astrolabe"],"picked":"Cursed Key"}],"items_purged_floors":[12],"is_endless":false,"potions_floor_spawned":[3,5,13,14,19,21,24],"killed_by":"Snake Plant","ascension_level":5}