{"gold_per_floor":[116,133,150,150,160,160,171,171,196,196,223,96,96,129,129,229,229,243,243,33,48,48,48,64,81,81,96,96,96,96,110,110,205,205,223,223,22,22,22,22,40,40],"floor_reached":42,"playtime":2916,"items_purged":["Strike_B"],"score":406,"play_id":"7c85b508-21cb-4c9b-90e4-ab829f518162","local_time":"20181225005035","is_ascension_mode":false,"campfire_choices":[{"data":"Fusion","floor":6,"key":"SMITH"},{"data":"Zap","floor":8,"key":"SMITH"},{"floor":13,"key":"REST"},{"data":"Sunder","floor":15,"key":"SMITH"},{"floor":23,"key":"REST"},{"data":"Streamline","floor":28,"key":"SMITH"},{"data":"Conserve Battery","floor":30,"key":"SMITH"},{"floor":32,"key":"REST"},{"floor":40,"key":"REST"}],"neow_cost":"NONE","seed_source_timestamp":94238338235,"circlet_count":0,"master_deck":["Strike_B","Defend_B","Defend_B","Defend_B","Defend_B","Zap+1","Dualcast","Beam Cell","Fusion+1","BootSequence","Go for the Eyes","Leap","Reinforced Body","Sunder+1","Streamline+1","Sweeping Beam","Buffer","Turbo+1","Turbo+1","Conserve Battery+1","Dramatic Entrance","Compile Driver","Capacitor","Self Repair+1","Ball Lightning","Meteor Strike","Steam Power+1","Thinking Ahead","Fusion+1","Double Energy"],"relics":["Cracked Core","Happy Flower","Regal Pillow","Vajra","Matryoshka","White Beast Statue","Oddly Smooth Stone","Nunchaku","Inserter","DollysMirror"],"potions_floor_usage":[5,11,14,18,21,21,25,25,27,31,33,33,35,42],"damage_taken":[{"damage":3,"enemies":"Jaw Worm","floor":1,"turns":4},{"damage":0,"enemies":"Small Slimes","floor":2,"turns":2},{"damage":0,"enemies":"Cultist","floor":3,"turns":3},{"damage":4,"enemies":"2 Fungi Beasts","floor":5,"turns":3},{"damage":2,"enemies":"Exordium Thugs","floor":7,"turns":4},{"damage":9,"enemies":"Lagavulin","floor":11,"turns":7},{"damage":4,"enemies":"Gremlin Nob","floor":14,"turns":4},{"damage":7,"enemies":"Slime Boss","floor":16,"turns":10},{"damage":14,"enemies":"3 Byrds","floor":18,"turns":4},{"damage":24,"enemies":"Shell Parasite","floor":21,"turns":6},{"damage":18,"enemies":"Snake Plant","floor":24,"turns":4},{"damage":2,"enemies":"Snecko","floor":25,"turns":6},{"damage":13,"enemies":"Shelled Parasite and Fungi","floor":27,"turns":5},{"damage":19,"enemies":"Snake Plant","floor":31,"turns":4},{"damage":48,"enemies":"Automaton","floor":33,"turns":13},{"damage":38,"enemies":"3 Darklings","floor":35,"turns":8},{"damage":0,"enemies":"Orb Walker","floor":41,"turns":3},{"damage":82,"enemies":"Maw","floor":42,"turns":9}],"seed_played":"3670423987974750518","potions_obtained":[{"floor":3,"key":"EntropicBrew"},{"floor":11,"key":"Block Potion"},{"floor":16,"key":"SteroidPotion"},{"floor":18,"key":"SkillPotion"},{"floor":21,"key":"EssenceOfSteel"},{"floor":24,"key":"Block Potion"},{"floor":25,"key":"SneckoOil"},{"floor":27,"key":"SkillPotion"},{"floor":31,"key":"SkillPotion"},{"floor":33,"key":"Dexterity Potion"},{"floor":35,"key":"SpeedPotion"},{"floor":41,"key":"Ancient Potion"}],"is_trial":false,"path_per_floor":["M","M","M","?","M","R","M","R","T","?","E","$","R","E","R","B",null,"M","?","$","M","?","R","M","M","T","M","R","?","R","M","R","B",null,"M","?","$","?","?","R","M","M"],"character_chosen":"DEFECT","items_purchased":["Sunder","Streamline","Conserve Battery","Dramatic Entrance","DollysMirror"],"campfire_rested":4,"item_purchase_floors":[12,12,20,20,37],"current_hp_per_floor":[72,72,72,60,56,56,54,54,54,54,45,45,75,71,71,64,75,61,61,61,37,37,74,56,54,54,41,41,41,41,32,69,31,75,47,47,47,47,47,75,75,0],"gold":40,"neow_bonus":"REMOVE_CARD","is_prod":false,"is_daily":false,"chose_seed":false,"campfire_upgraded":5,"win_rate":0.0,"timestamp":1545666635,"path_taken":["M","M","M","?","M","R","M","R","T","?","E","$","R","E","R","BOSS","M","?","?","M","?","R","M","M","T","?","R","?","R","M","R","BOSS","M","?","$","?","?","R","M","?"],"build_version":"2018-12-20","purchased_purges":1,"victory":false,"max_hp_per_floor":[75,75,75,75,75,75,75,75,75,75,75,75,75,75,75,75,75,75,75,75,75,75,75,75,75,75,75,75,75,75,75,75,75,75,75,75,75,75,75,75,75,75],"card_choices":[{"not_picked":["Consume","Barrage"],"picked":"Beam Cell","floor":1},{"not_picked":["Redo","Reinforced Body"],"picked":"Fusion","floor":2},{"not_picked":["Barrage","Force Field"],"picked":"BootSequence","floor":3},{"not_picked":["Hologram","Gash"],"picked":"Go for the Eyes","floor":5},{"not_picked":["Rip and Tear","Seek"],"picked":"Leap","floor":7},{"not_picked":["Reprogram","Chill"],"picked":"Reinforced Body","floor":11},{"not_picked":["Ball Lightning","Coolheaded"],"picked":"Sweeping Beam","floor":14},{"not_picked":["Biased Cognition","Thunder Strike"],"picked":"Buffer","floor":16},{"not_picked":["Steam","Self Repair"],"picked":"Turbo+1","floor":18},{"not_picked":["Steam+1","Steam Power"],"picked":"Compile Driver","floor":21},{"not_picked":["Coolheaded","Ball Lightning"],"picked":"Capacitor","floor":24},{"not_picked":["Hello World","Capacitor+1","Darkness"],"picked":"SKIP","floor":25},{"not_picked":["Hello World","Reprogram"],"picked":"Self Repair+1","floor":27},{"not_picked":["Go for the Eyes","Coolheaded"],"picked":"Ball Lightning","floor":31},{"not_picked":["Amplify","Reboot"],"picked":"Meteor Strike","floor":33},{"not_picked":["Stack+1","Scrape+1"],"picked":"Steam Power+1","floor":35},{"not_picked":["PanicButton","Magnetism"],"picked":"Thinking Ahead","floor":36},{"not_picked":["Streamline","Force Field"],"picked":"Double Energy","floor":41}],"player_experience":42287,"relics_obtained":[{"floor":9,"key":"Regal Pillow"},{"floor":11,"key":"Vajra"},{"floor":14,"key":"Matryoshka"},{"floor":26,"key":"Oddly Smooth Stone"},{"floor":26,"key":"Nunchaku"}],"event_choices":[{"damage_healed":0,"gold_gain":0,"player_choice":"Success","damage_taken":12,"relics_obtained":["Happy Flower"],"max_hp_gain":0,"max_hp_loss":0,"event_name":"Scrap Ooze","floor":4,"gold_loss":0},{"damage_healed":0,"gold_gain":0,"player_choice":"Ignored","damage_taken":0,"max_hp_gain":0,"max_hp_loss":0,"event_name":"Liars Game","floor":10,"gold_loss":0},{"damage_healed":0,"gold_gain":0,"player_choice":"Copied","damage_taken":0,"max_hp_gain":0,"max_hp_loss":0,"event_name":"Duplicator","floor":19,"gold_loss":0,"cards_obtained":["Turbo"]},{"cards_removed":["Strike_B"],"damage_healed":0,"gold_gain":0,"player_choice":"Purged","damage_taken":0,"max_hp_gain":0,"max_hp_loss":0,"event_name":"Purifier","floor":22,"gold_loss":0},{"damage_healed":0,"gold_gain":0,"player_choice":"Ignored","damage_taken":0,"max_hp_gain":0,"max_hp_loss":0,"event_name":"Ghosts","floor":29,"gold_loss":0},{"damage_healed":0,"gold_gain":0,"player_choice":"Memory 1","damage_taken":0,"max_hp_gain":0,"max_hp_loss":0,"event_name":"SensoryStone","floor":36,"gold_loss":0},{"damage_healed":0,"gold_gain":0,"player_choice":"Ignored","damage_taken":0,"max_hp_gain":0,"max_hp_loss":0,"event_name":"Mysterious Sphere","floor":38,"gold_loss":0},{"damage_healed":0,"gold_gain":0,"player_choice":"Ignored","damage_taken":0,"max_hp_gain":0,"max_hp_loss":0,"event_name":"NoteForYourself","floor":39,"gold_loss":0}],"is_beta":false,"boss_relics":[{"not_picked":["Velvet Choker","Cursed Key"],"picked":"White Beast Statue"},{"not_picked":["Astrolabe","Sozu"],"picked":"Inserter"}],"items_purged_floors":[20],"is_endless":false,"potions_floor_spawned":[3,11,16,18,21,24,25,27,31,33,35,41],"killed_by":"Maw","ascension_level":0}