{"gold_per_floor":[114,39,114,14,14,44,44,59,59,59,59,89,89,104,104,204,204,219,19,19,19,49,49,79,79,79,79,79,79,94,124,124,224,224,239,3,3,33,63,75,87,114,151,193,235,41,41,91,91,91],"floor_reached":51,"playtime":2991,"items_purged":["Strike_R","Strike_G","Armaments+1"],"score":869,"play_id":"d91ee8ea-ec57-4dc9-a352-e0d90ead4e2b","local_time":"20190128092459","daily_mods":["Chimera","Flight","DeadlyEvents"],"is_ascension_mode":false,"campfire_choices":[{"data":"Armaments","floor":7,"key":"SMITH"},{"data":"Zap","floor":10,"key":"SMITH"},{"data":"Bash","floor":11,"key":"SMITH"},{"data":"Survivor","floor":13,"key":"SMITH"},{"floor":15,"key":"REST"},{"data":"Heavy Blade","floor":23,"key":"SMITH"},{"data":"Barricade","floor":25,"key":"SMITH"},{"data":"Pommel Strike","floor":27,"key":"SMITH"},{"floor":29,"key":"REST"},{"data":"True Grit","floor":32,"key":"SMITH"},{"floor":40,"key":"REST"},{"data":"Corruption","floor":41,"key":"SMITH"},{"data":"Seeing Red","floor":47,"key":"SMITH"},{"data":"Shrug It Off","floor":49,"key":"SMITH"}],"neow_cost":"","seed_source_timestamp":0,"circlet_count":0,"master_deck":["Bash+1","Survivor+1","Zap+1","Pommel Strike+1","Sword Boomerang","Headbutt","Heavy Blade+1","Intimidate+1","Feel No Pain+1","Inflame+1","Shrug It Off+1","Inflame+1","Barricade+1","Pommel Strike+1","True Grit+1","Reaper","Body Slam+1","Corruption+1","Infernal Blade+1","Shrug It Off+1","Seeing Red+1"],"special_seed":17924,"relics":["Burning Blood","Self Forming Clay","Question Card","Paper Frog","Art of War","Astrolabe","HandDrill","Oddly Smooth Stone","Kunai","Regal Pillow","Bottled Lightning","Nilry\u0027s Codex","PreservedInsect","Mark of Pain","Brimstone","Lantern","MawBank","Orichalcum","Happy Flower","Potion Belt","Blood Vial"],"potions_floor_usage":[12,16,24,44,50],"damage_taken":[{"damage":0,"enemies":"Cultist","floor":1,"turns":3},{"damage":48,"enemies":"3 Sentries","floor":6,"turns":13},{"damage":0,"enemies":"2 Louse","floor":8,"turns":3},{"damage":14,"enemies":"Lagavulin","floor":12,"turns":4},{"damage":10,"enemies":"Small Slimes","floor":14,"turns":3},{"damage":22,"enemies":"The Guardian","floor":16,"turns":9},{"damage":0,"enemies":"3 Byrds","floor":18,"turns":5},{"damage":13,"enemies":"Book of Stabbing","floor":22,"turns":5},{"damage":23,"enemies":"Slavers","floor":24,"turns":5},{"damage":4,"enemies":"Shell Parasite","floor":30,"turns":7},{"damage":12,"enemies":"Book of Stabbing","floor":31,"turns":5},{"damage":41,"enemies":"Collector","floor":33,"turns":8},{"damage":33,"enemies":"3 Shapes","floor":35,"turns":5},{"damage":20,"enemies":"Giant Head","floor":38,"turns":5},{"damage":29,"enemies":"Nemesis","floor":39,"turns":5},{"damage":8,"enemies":"Orb Walker","floor":42,"turns":3},{"damage":21,"enemies":"Reptomancer","floor":44,"turns":4},{"damage":0,"enemies":"Giant Head","floor":45,"turns":5},{"damage":80,"enemies":"Awakened One","floor":50,"turns":8}],"seed_played":"4127696918694319240","potions_obtained":[{"floor":6,"key":"AttackPotion"},{"floor":12,"key":"Poison Potion"},{"floor":22,"key":"PowerPotion"},{"floor":30,"key":"FairyPotion"},{"floor":35,"key":"Poison Potion"},{"floor":37,"key":"Energy Potion"},{"floor":37,"key":"Dexterity Potion"},{"floor":42,"key":"LiquidBronze"}],"is_trial":false,"path_per_floor":["M","$","T","$","?","E","R","M","T","R","R","E","R","M","R","B",null,"M","$","?","?","E","R","E","R","T","R","?","R","M","E","R","B",null,"M","$","?","E","E","R","R","M","T","E","E","$","R","T","R","B",null],"character_chosen":"IRONCLAD","items_purchased":["HandDrill","Brimstone","Corruption","Seeing Red"],"campfire_rested":3,"item_purchase_floors":[19,36,36,46],"current_hp_per_floor":[80,80,80,80,80,38,38,44,44,44,44,36,36,32,56,40,80,80,80,80,80,73,73,56,56,56,56,40,79,80,74,74,39,80,53,53,53,50,40,79,79,80,80,65,80,80,80,80,80,28],"gold":91,"neow_bonus":"","is_prod":false,"is_daily":true,"chose_seed":false,"campfire_upgraded":11,"win_rate":0,"timestamp":1548638699,"path_taken":["M","$","?","?","?","E","R","M","T","R","R","?","R","M","R","BOSS","M","$","?","?","?","R","E","R","T","R","?","R","?","?","R","BOSS","M","$","?","?","?","R","R","?","T","E","?","$","R","?","R","BOSS"],"build_version":"2019-01-23","purchased_purges":3,"victory":true,"max_hp_per_floor":[80,80,80,80,80,80,80,80,80,80,80,80,80,80,80,80,80,80,80,80,80,80,80,80,80,80,80,80,80,80,80,80,80,80,80,80,80,80,80,80,80,80,80,80,80,80,80,80,80,80],"card_choices":[{"not_picked":["Iron Wave","Flex"],"picked":"Pommel Strike","floor":1},{"not_picked":["Anger","Perfected Strike"],"picked":"Armaments","floor":6},{"not_picked":["Reckless Charge","Perfected Strike","Searing Blow"],"picked":"Sword Boomerang","floor":8},{"not_picked":["Dropkick","Sever Soul","Second Wind"],"picked":"Headbutt","floor":12},{"not_picked":["Seeing Red","Sword Boomerang","Fire Breathing"],"picked":"Heavy Blade","floor":14},{"not_picked":["Havoc","Twin Strike","Flex"],"picked":"Shrug It Off","floor":18},{"not_picked":["Combust","Dark Embrace","Hemokinesis"],"picked":"Inflame+1","floor":22},{"not_picked":["Perfected Strike","Ghostly Armor","Bloodletting"],"picked":"Barricade","floor":24},{"not_picked":["Hemokinesis","Flex","Reckless Charge+1"],"picked":"Pommel Strike+1","floor":30},{"not_picked":["Dropkick","Metallicize","Cleave+1"],"picked":"True Grit","floor":31},{"not_picked":["Bludgeon","Demon Form","Immolate"],"picked":"Reaper","floor":33},{"not_picked":["Pommel Strike+1","Havoc","Bloodletting+1"],"picked":"Body Slam+1","floor":35},{"not_picked":["Flame Barrier","Second Wind+1","True Grit","Clash"],"picked":"SKIP","floor":38},{"not_picked":["Pommel Strike","Sword Boomerang+1","Dropkick+1","True Grit"],"picked":"SKIP","floor":39},{"not_picked":["Hemokinesis+1","Inflame","Fiend Fire"],"picked":"Infernal Blade+1","floor":42},{"not_picked":["Havoc","Immolate","Pummel+1"],"picked":"Shrug It Off+1","floor":44},{"not_picked":["Searing Blow","Twin Strike","Sword Boomerang","Clash+1"],"picked":"SKIP","floor":45},{"not_picked":["Searing Blow","Twin Strike","Sword Boomerang","Clash+1"],"picked":"SKIP","floor":45}],"player_experience":290223,"relics_obtained":[{"floor":3,"key":"Self Forming Clay"},{"floor":6,"key":"Question Card"},{"floor":9,"key":"Paper Frog"},{"floor":12,"key":"Art of War"},{"floor":22,"key":"Kunai"},{"floor":24,"key":"Regal Pillow"},{"floor":26,"key":"Bottled Lightning"},{"floor":28,"key":"Nilry\u0027s Codex"},{"floor":31,"key":"PreservedInsect"},{"floor":38,"key":"Lantern"},{"floor":39,"key":"MawBank"},{"floor":43,"key":"Orichalcum"},{"floor":44,"key":"Happy Flower"},{"floor":45,"key":"Potion Belt"},{"floor":48,"key":"Blood Vial"}],"event_choices":[{"cards_removed":["Strike_B"],"damage_healed":0,"gold_gain":0,"player_choice":"Offered Basic","damage_taken":0,"max_hp_gain":0,"max_hp_loss":0,"event_name":"Bonfire Elementals","floor":5,"gold_loss":0},{"damage_healed":0,"gold_gain":0,"player_choice":"Opened","damage_taken":0,"relics_obtained":["Oddly Smooth Stone"],"max_hp_gain":0,"max_hp_loss":0,"event_name":"The Mausoleum","floor":20,"gold_loss":0,"cards_obtained":["Writhe"]},{"cards_removed":["Writhe"],"damage_healed":0,"gold_gain":0,"player_choice":"Purged","damage_taken":0,"max_hp_gain":0,"max_hp_loss":0,"event_name":"Purifier","floor":21,"gold_loss":0},{"damage_healed":0,"gold_gain":0,"player_choice":"Obtained Book","damage_taken":16,"max_hp_gain":0,"max_hp_loss":0,"event_name":"Cursed Tome","floor":28,"gold_loss":0},{"damage_healed":0,"gold_gain":0,"player_choice":"Got Potions","damage_taken":0,"max_hp_gain":0,"max_hp_loss":0,"event_name":"Lab","floor":37,"gold_loss":0}],"is_beta":false,"boss_relics":[{"not_picked":["Runic Pyramid","Black Blood"],"picked":"Astrolabe"},{"not_picked":["Runic Cube","Black Star"],"picked":"Mark of Pain"}],"items_purged_floors":[2,4,46],"is_endless":false,"potions_floor_spawned":[6,12,22,30,35,38,42],"ascension_level":0}