{"gold_per_floor":[218,218,230,230,247,247,273,273,300,315,216,216,291,45,45,45],"floor_reached":16,"playtime":589,"items_purged":["Strike_R"],"score":103,"play_id":"c81bcbb9-1486-49d5-a62f-17295faf9ca0","local_time":"20190119074638","is_ascension_mode":true,"campfire_choices":[{"floor":6,"key":"REST"},{"data":"Shrug It Off","floor":8,"key":"SMITH"},{"data":"Pommel Strike","floor":12,"key":"SMITH"},{"data":"Warcry","floor":15,"key":"SMITH"}],"neow_cost":"NONE","seed_source_timestamp":202801936724500,"circlet_count":0,"master_deck":["Strike_R","Strike_R","Strike_R","Strike_R+1","Defend_R","Defend_R","Defend_R+1","Defend_R","Bash","Shrug It Off+1","Heavy Blade","Pommel Strike+1","Warcry+1"],"relics":["Burning Blood","Art of War","PreservedInsect","Juzu Bracelet","Meat on the Bone"],"potions_floor_usage":[7,10],"damage_taken":[{"damage":6,"enemies":"2 Louse","floor":1,"turns":3},{"damage":6,"enemies":"Jaw Worm","floor":3,"turns":3},{"damage":0,"enemies":"Small Slimes","floor":5,"turns":4},{"damage":14,"enemies":"Gremlin Nob","floor":7,"turns":3},{"damage":3,"enemies":"Gremlin Gang","floor":10,"turns":3},{"damage":56,"enemies":"Hexaghost","floor":16,"turns":9}],"seed_played":"-1339541296396146681","potions_obtained":[{"floor":5,"key":"SteroidPotion"},{"floor":7,"key":"PowerPotion"}],"is_trial":false,"path_per_floor":["M","?","M","?","M","R","E","R","T","M","$","R","?","$","R","B"],"character_chosen":"IRONCLAD","items_purchased":["Warcry","Meat on the Bone"],"campfire_rested":1,"item_purchase_floors":[11,14],"current_hp_per_floor":[80,64,64,39,45,69,61,61,61,64,64,64,53,53,53,0],"gold":45,"neow_bonus":"HUNDRED_GOLD","is_prod":false,"is_daily":false,"chose_seed":false,"campfire_upgraded":3,"win_rate":0,"timestamp":1547851598,"path_taken":["M","?","M","?","M","R","E","R","T","M","?","R","?","$","R","BOSS"],"build_version":"2019-01-17v2","purchased_purges":1,"victory":false,"max_hp_per_floor":[80,80,80,80,80,80,80,80,80,80,80,80,80,80,80,80],"card_choices":[{"not_picked":["Sword Boomerang","Fire Breathing"],"picked":"Shrug It Off","floor":1},{"not_picked":["True Grit","Armaments"],"picked":"Heavy Blade","floor":3},{"not_picked":["Metallicize","Cleave"],"picked":"Pommel Strike","floor":5},{"not_picked":["Evolve","Fiend Fire","Perfected Strike"],"picked":"SKIP","floor":7},{"not_picked":["Rage","Burning Pact","Havoc"],"picked":"SKIP","floor":10}],"player_experience":142549,"relics_obtained":[{"floor":7,"key":"PreservedInsect"},{"floor":9,"key":"Juzu Bracelet"}],"event_choices":[{"damage_healed":0,"gold_gain":0,"player_choice":"Entered Light","damage_taken":16,"max_hp_gain":0,"max_hp_loss":0,"event_name":"Shining Light","floor":2,"gold_loss":0,"cards_upgraded":["Defend_R","Strike_R"]},{"damage_healed":0,"gold_gain":0,"player_choice":"Success","damage_taken":25,"relics_obtained":["Art of War"],"max_hp_gain":0,"max_hp_loss":0,"event_name":"Scrap Ooze","floor":4,"gold_loss":0},{"damage_healed":0,"gold_gain":75,"player_choice":"Gather Gold","damage_taken":11,"max_hp_gain":0,"max_hp_loss":0,"event_name":"World of Goop","floor":13,"gold_loss":0}],"is_beta":false,"boss_relics":[],"items_purged_floors":[11],"is_endless":false,"potions_floor_spawned":[5,7],"killed_by":"Hexaghost","ascension_level":1}