{"gold_per_floor":[112,72,72,87,101,134,71,71,97,128,146,146,173,188,188,285,285,300,325,325,345,359,359,385,385,385,396,415,415,431,296,296,396,396,412,412,422,422,422,454,465,485,509,362,395,36,36,54,54,54],"floor_reached":51,"playtime":5422,"items_purged":["Strike_B","Strike_B","Strike_B","Defend_B"],"score":747,"play_id":"fb52d0e0-2228-4cd5-af98-d5466d622ace","local_time":"20190204041143","is_ascension_mode":false,"campfire_choices":[{"floor":8,"key":"REST"},{"floor":12,"key":"REST"},{"data":"Storm","floor":15,"key":"SMITH"},{"data":"Loop","floor":23,"key":"SMITH"},{"data":"Static Discharge","floor":29,"key":"SMITH"},{"data":"Defragment","floor":32,"key":"SMITH"},{"floor":47,"key":"REST"},{"data":"Capacitor","floor":49,"key":"SMITH"}],"neow_cost":"NONE","seed_source_timestamp":1147712521563661,"circlet_count":0,"master_deck":["Strike_B","Defend_B+1","Defend_B","Defend_B","Zap+1","Dualcast","Capacitor+1","Defragment+1","Streamline","Static Discharge+1","Beam Cell","Chill","Storm+1","Self Repair","Streamline","Rainbow","Loop+1","Ball Lightning+1","Barrage+1","Rainbow","Compile Driver","White Noise","Sweeping Beam","Defragment+1","Electrodynamics","Darkness","Hello World+1","White Noise","BootSequence+1","Barrage","Heatsinks+1","Defragment","Panache","Electrodynamics","Lockon+1"],"relics":["FrozenCore","MawBank","Bronze Scales","PreservedInsect","Dream Catcher","Nuclear Battery","War Paint","Mummified Hand","Torii","Pen Nib","Orichalcum","Bag of Marbles","Bag of Preparation"],"potions_floor_usage":[24,33,40,41,41,41,45],"damage_taken":[{"damage":1,"enemies":"Jaw Worm","floor":1,"turns":3},{"damage":1,"enemies":"Cultist","floor":4,"turns":3},{"damage":7,"enemies":"2 Louse","floor":5,"turns":2},{"damage":30,"enemies":"Gremlin Nob","floor":6,"turns":4},{"damage":26,"enemies":"Lagavulin","floor":10,"turns":5},{"damage":5,"enemies":"Looter","floor":11,"turns":3},{"damage":23,"enemies":"Gremlin Nob","floor":13,"turns":4},{"damage":12,"enemies":"2 Fungi Beasts","floor":14,"turns":3},{"damage":20,"enemies":"Hexaghost","floor":16,"turns":7},{"damage":5,"enemies":"Chosen","floor":18,"turns":3},{"damage":0,"enemies":"3 Byrds","floor":21,"turns":2},{"damage":7,"enemies":"Snecko","floor":22,"turns":3},{"damage":27,"enemies":"Gremlin Leader","floor":24,"turns":5},{"damage":15,"enemies":"Snake Plant","floor":27,"turns":2},{"damage":1,"enemies":"3 Cultists","floor":28,"turns":3},{"damage":1,"enemies":"Cultist and Chosen","floor":30,"turns":4},{"damage":23,"enemies":"Automaton","floor":33,"turns":6},{"damage":21,"enemies":"Orb Walker","floor":35,"turns":3},{"damage":0,"enemies":"3 Shapes","floor":37,"turns":4},{"damage":43,"enemies":"Nemesis","floor":40,"turns":5},{"damage":24,"enemies":"Spire Growth","floor":41,"turns":3},{"damage":0,"enemies":"Transient","floor":42,"turns":5},{"damage":0,"enemies":"Giant Head","floor":45,"turns":5},{"damage":1,"enemies":"3 Darklings","floor":48,"turns":3},{"damage":2,"enemies":"Donu and Deca","floor":50,"turns":5}],"seed_played":"-3817241525367227348","potions_obtained":[{"floor":1,"key":"SneckoOil"},{"floor":5,"key":"SpeedPotion"},{"floor":6,"key":"SpeedPotion"},{"floor":21,"key":"Dexterity Potion"},{"floor":27,"key":"SteroidPotion"},{"floor":28,"key":"Strength Potion"},{"floor":40,"key":"EntropicBrew"},{"floor":41,"key":"SteroidPotion"},{"floor":42,"key":"Explosive Potion"},{"floor":48,"key":"Strength Potion"}],"is_trial":false,"path_per_floor":["?","T","?","?","?","?","?","M","$"],"character_chosen":"DEFECT","items_purchased":["Defragment","Defragment","Barrage","Defragment","Panache"],"campfire_rested":3,"item_purchase_floors":[2,31,44,46,46],"current_hp_per_floor":[81,81,81,80,73,43,43,67,67,41,36,60,37,32,32,19,82,82,82,82,82,82,82,62,62,62,47,53,53,52,52,52,36,82,68,68,75,75,75,39,15,22,22,22,29,29,52,58,58,56],"gold":54,"neow_bonus":"TEN_PERCENT_HP_BONUS","is_prod":false,"is_daily":false,"chose_seed":false,"campfire_upgraded":5,"win_rate":0.0,"timestamp":1549249903,"path_taken":["M","$","?","M","M","E","$","R","T","E","M","R","E","M","R","BOSS","M","?","?","M","M","R","E","?","T","M","M","R","M","$","R","BOSS","M","?","M","?","?","E","M","?","T","?","E","$","R","M","R","BOSS"],"build_version":"2019-01-23","purchased_purges":4,"victory":true,"max_hp_per_floor":[82,82,82,82,82,82,82,82,82,82,82,82,82,82,82,82,82,82,82,82,82,82,82,82,82,82,82,82,82,82,82,82,82,82,82,78,78,78,78,78,78,78,78,78,78,78,78,78,78,78],"card_choices":[{"not_picked":["Heatsinks","Skim"],"picked":"Capacitor","floor":1},{"not_picked":["Fusion","Steam"],"picked":"Streamline","floor":4},{"not_picked":["Cold Snap","Lockon"],"picked":"Static Discharge","floor":5},{"not_picked":["Barrage","Go for the Eyes"],"picked":"Beam Cell","floor":6},{"not_picked":["Amplify","Aggregate"],"picked":"Chill","floor":10},{"not_picked":["Auto Shields","Beam Cell"],"picked":"Storm","floor":11},{"not_picked":["Force Field","Stack"],"picked":"Self Repair","floor":13},{"not_picked":["Blizzard","Cold Snap"],"picked":"Streamline","floor":14},{"not_picked":["Thunder Strike","Multi-Cast"],"picked":"Rainbow","floor":16},{"not_picked":["Streamline","Double Energy+1"],"picked":"Loop","floor":18},{"not_picked":["Auto Shields","Barrage"],"picked":"Ball Lightning+1","floor":21},{"not_picked":["Steam+1","Self Repair+1"],"picked":"Barrage+1","floor":22},{"not_picked":["Redo","Hologram"],"picked":"Rainbow","floor":24},{"not_picked":["Stack","Beam Cell","Go for the Eyes"],"picked":"SKIP","floor":27},{"not_picked":["Rip and Tear","Conserve Battery"],"picked":"White Noise","floor":28},{"not_picked":["Conserve Battery+1","Beam Cell"],"picked":"Sweeping Beam","floor":30},{"not_picked":["Creative AI","Reboot"],"picked":"Electrodynamics","floor":33},{"not_picked":["Stack+1","Loop"],"picked":"Darkness","floor":35},{"not_picked":["Go for the Eyes+1","Leap+1"],"picked":"Hello World+1","floor":37},{"not_picked":["Sweeping Beam+1","Chaos"],"picked":"White Noise","floor":40},{"not_picked":["Hologram+1","Force Field+1","Double Energy+1"],"picked":"SKIP","floor":41},{"not_picked":["Hologram+1","Steam+1"],"picked":"BootSequence+1","floor":42},{"not_picked":["Gash+1","Ball Lightning"],"picked":"Heatsinks+1","floor":45},{"not_picked":["Skim+1","Chill+1"],"picked":"Electrodynamics","floor":47},{"not_picked":["Storm","Chaos"],"picked":"Lockon+1","floor":48}],"player_experience":14516,"relics_obtained":[{"floor":6,"key":"MawBank"},{"floor":9,"key":"Bronze Scales"},{"floor":10,"key":"PreservedInsect"},{"floor":13,"key":"Dream Catcher"},{"floor":19,"key":"War Paint"},{"floor":24,"key":"Torii"},{"floor":26,"key":"Pen Nib"},{"floor":40,"key":"Orichalcum"},{"floor":43,"key":"Bag of Marbles"},{"floor":45,"key":"Bag of Preparation"}],"event_choices":[{"damage_healed":0,"gold_gain":0,"player_choice":"Upgraded","damage_taken":0,"max_hp_gain":0,"max_hp_loss":0,"event_name":"Upgrade Shrine","floor":3,"gold_loss":0,"cards_upgraded":["Defragment"]},{"damage_healed":0,"gold_gain":0,"player_choice":"Opened","damage_taken":0,"relics_obtained":["Mummified Hand"],"max_hp_gain":0,"max_hp_loss":0,"event_name":"The Mausoleum","floor":20,"gold_loss":0},{"damage_healed":0,"gold_gain":0,"player_choice":"Read","damage_taken":0,"max_hp_gain":0,"max_hp_loss":0,"event_name":"The Library","floor":25,"gold_loss":0,"cards_obtained":["Compile Driver"]},{"damage_healed":0,"gold_gain":0,"player_choice":"Max HP","damage_taken":0,"max_hp_gain":0,"max_hp_loss":4,"event_name":"Winding Halls","floor":36,"gold_loss":0},{"damage_healed":0,"gold_gain":0,"player_choice":"Ignored","damage_taken":0,"max_hp_gain":0,"max_hp_loss":0,"event_name":"Tomb of Lord Red Mask","floor":38,"gold_loss":0},{"damage_healed":0,"gold_gain":0,"player_choice":"Ignored","damage_taken":0,"max_hp_gain":0,"max_hp_loss":0,"event_name":"SecretPortal","floor":39,"gold_loss":0}],"is_beta":false,"boss_relics":[{"not_picked":["Orrery","Runic Pyramid"],"picked":"Nuclear Battery"},{"not_picked":["Fusion Hammer","Busted Crown"],"picked":"FrozenCore"}],"items_purged_floors":[7,31,44,46],"is_endless":false,"potions_floor_spawned":[1,5,6,21,22,27,28,40,41,42,48],"ascension_level":0}