{"gold_per_floor":[112,112,11,11,23,51,1,1,28,41,41,60,60,93,93,192,192,206,206,206,220,220,220,237,247,324,26,125,125,156,169,169,273,273,292,312,324,324,324,324,336,336],"floor_reached":42,"playtime":2663,"items_purged":["Strike_B"],"score":451,"play_id":"20b0f93e-ec88-4dab-9559-8dca1b232325","local_time":"20190203213218","is_ascension_mode":false,"campfire_choices":[{"data":"Zap","floor":8,"key":"SMITH"},{"floor":15,"key":"REST"},{"data":"Creative AI","floor":23,"key":"SMITH"},{"data":"Dualcast","floor":29,"key":"SMITH"},{"data":"Chrysalis","floor":32,"key":"SMITH"},{"floor":40,"key":"RECALL"}],"neow_cost":"TEN_PERCENT_HP_LOSS","seed_source_timestamp":10299555995400,"circlet_count":0,"master_deck":["Zap+1","Dualcast+1","Self Repair","Conserve Battery","Lockon","Cold Snap","Ball Lightning","Loop","Creative AI+1","Defragment","Ghostly","Ghostly","Ghostly","Ghostly","Ghostly","Cold Snap+1","BootSequence+1","Steam+1","Chrysalis+1","Capacitor","FTL","Go for the Eyes","Turbo","Streamline+1","Hologram+1","Hologram+1","Madness","Madness","BootSequence+1"],"relics":["Cracked Core","Juzu Bracelet","PreservedInsect","Empty Cage","Mummified Hand","Bottled Flame","Inserter"],"potions_floor_usage":[6,14,18,21,21,35,41,42,42],"damage_taken":[{"damage":0,"enemies":"Small Slimes","floor":1,"turns":2},{"damage":0,"enemies":"2 Louse","floor":5,"turns":2},{"damage":40,"enemies":"Gremlin Nob","floor":6,"turns":5},{"damage":0,"enemies":"Cultist","floor":10,"turns":2},{"damage":0,"enemies":"2 Fungi Beasts","floor":12,"turns":3},{"damage":27,"enemies":"3 Sentries","floor":14,"turns":6},{"damage":23,"enemies":"The Guardian","floor":16,"turns":9},{"damage":19,"enemies":"3 Byrds","floor":18,"turns":4},{"damage":4,"enemies":"2 Thieves","floor":21,"turns":4},{"damage":3,"enemies":"Centurion and Healer","floor":24,"turns":7},{"damage":0,"enemies":"Snecko","floor":25,"turns":6},{"damage":9,"enemies":"Gremlin Leader","floor":30,"turns":8},{"damage":2,"enemies":"Snake Plant","floor":31,"turns":6},{"damage":5,"enemies":"Champ","floor":33,"turns":18},{"damage":2,"enemies":"3 Darklings","floor":35,"turns":6},{"damage":1,"enemies":"3 Shapes","floor":36,"turns":7},{"damage":3,"enemies":"Jaw Worm Horde","floor":37,"turns":6},{"damage":5,"enemies":"Transient","floor":41,"turns":5},{"damage":43,"enemies":"Reptomancer","floor":42,"turns":3}],"seed_played":"-3610819526361192076","potions_obtained":[{"floor":1,"key":"Explosive Potion"},{"floor":12,"key":"SteroidPotion"},{"floor":14,"key":"Explosive Potion"},{"floor":16,"key":"FearPotion"},{"floor":18,"key":"Explosive Potion"},{"floor":30,"key":"Dexterity Potion"},{"floor":31,"key":"Explosive Potion"},{"floor":33,"key":"AttackPotion"},{"floor":36,"key":"EssenceOfSteel"},{"floor":41,"key":"Regen Potion"}],"is_trial":false,"path_per_floor":["M","?","$","?","M","E","?","R","T","M","?","M","?","E","R","B",null,"M","?","?","M","?","R","M","M","T","$","?","R","E","M","R","B",null,"M","M","M","?","?","R","M","E"],"character_chosen":"DEFECT","items_purchased":["Conserve Battery","Chrysalis","Capacitor","FTL"],"campfire_rested":1,"item_purchase_floors":[3,27,27,27],"current_hp_per_floor":[68,68,68,73,73,40,40,40,40,47,47,54,47,27,48,32,73,61,61,36,32,32,32,36,36,36,36,36,36,34,36,36,36,36,36,36,33,36,31,31,33,0],"gold":336,"neow_bonus":"REMOVE_TWO","is_prod":false,"is_daily":false,"chose_seed":false,"campfire_upgraded":4,"win_rate":0,"timestamp":1549200738,"path_taken":["M","?","$","?","M","E","?","R","T","M","?","M","?","E","R","BOSS","M","?","?","M","?","R","M","M","T","$","?","R","E","M","R","BOSS","M","M","M","?","?","R","M","E"],"build_version":"2019-01-23","purchased_purges":1,"victory":false,"max_hp_per_floor":[68,68,68,73,73,73,73,73,73,73,73,73,73,73,73,73,73,73,73,36,36,36,36,36,36,36,36,36,36,36,36,36,36,36,36,36,36,36,36,36,36,36],"card_choices":[{"not_picked":["Tempest","Auto Shields"],"picked":"Self Repair","floor":1},{"not_picked":["Hello World","Storm"],"picked":"Lockon","floor":5},{"not_picked":["Stack","Rebound"],"picked":"Cold Snap","floor":6},{"not_picked":["Stack","Cold Snap"],"picked":"Ball Lightning","floor":10},{"not_picked":["Heatsinks","Conserve Battery"],"picked":"Loop","floor":12},{"not_picked":["Streamline","Beam Cell","Consume"],"picked":"SKIP","floor":14},{"not_picked":["Fission","Core Surge"],"picked":"Creative AI","floor":16},{"not_picked":["Beam Cell+1","Rebound+1"],"picked":"Steam","floor":18},{"not_picked":["Conserve Battery","Loop+1"],"picked":"Cold Snap+1","floor":21},{"not_picked":["Static Discharge","Scrape+1"],"picked":"BootSequence+1","floor":24},{"not_picked":["Blizzard","Consume"],"picked":"Steam+1","floor":25},{"not_picked":["Heatsinks","Darkness"],"picked":"Go for the Eyes","floor":30},{"not_picked":["Stack","Beam Cell"],"picked":"Turbo","floor":31},{"not_picked":["Ball Lightning","Rebound"],"picked":"Streamline+1","floor":35},{"not_picked":["Aggregate+1","Go for the Eyes+1"],"picked":"Hologram+1","floor":36},{"not_picked":["Steam","Capacitor+1"],"picked":"Hologram+1","floor":37},{"not_picked":["Steam Power+1","Compile Driver"],"picked":"BootSequence+1","floor":41}],"player_experience":325402,"relics_obtained":[{"floor":6,"key":"Juzu Bracelet"},{"floor":14,"key":"PreservedInsect"},{"floor":26,"key":"Mummified Hand"},{"floor":30,"key":"Bottled Flame"}],"event_choices":[{"cards_removed":["Strike_B"],"damage_healed":0,"gold_gain":0,"player_choice":"Forget","damage_taken":0,"max_hp_gain":0,"max_hp_loss":0,"event_name":"Living Wall","floor":2,"gold_loss":0},{"damage_healed":0,"gold_gain":0,"player_choice":"Donut","damage_taken":0,"max_hp_gain":5,"max_hp_loss":0,"event_name":"Big Fish","floor":4,"gold_loss":0},{"cards_removed":["Defend_B"],"damage_healed":0,"gold_gain":0,"player_choice":"Card Removal","damage_taken":0,"max_hp_gain":0,"max_hp_loss":0,"event_name":"The Cleric","floor":7,"gold_loss":50},{"damage_healed":0,"gold_gain":0,"cards_transformed":["Defend_B"],"player_choice":"Transformed","damage_taken":0,"max_hp_gain":0,"max_hp_loss":0,"event_name":"Transmorgrifier","floor":11,"gold_loss":0,"cards_obtained":["Stack"]},{"cards_removed":["Defend_B"],"damage_healed":0,"gold_gain":0,"player_choice":"Card Removal","damage_taken":7,"max_hp_gain":0,"max_hp_loss":0,"event_name":"Golden Wing","floor":13,"gold_loss":0},{"damage_healed":0,"gold_gain":0,"player_choice":"Read","damage_taken":0,"max_hp_gain":0,"max_hp_loss":0,"event_name":"The Library","floor":19,"gold_loss":0,"cards_obtained":["Defragment"]},{"damage_healed":0,"gold_gain":0,"player_choice":"Became a Ghost","damage_taken":0,"max_hp_gain":0,"max_hp_loss":37,"event_name":"Ghosts","floor":20,"gold_loss":0,"cards_obtained":["Ghostly","Ghostly","Ghostly","Ghostly","Ghostly"]},{"damage_healed":0,"gold_gain":0,"player_choice":"Ignored","damage_taken":0,"max_hp_gain":0,"max_hp_loss":0,"event_name":"Cursed Tome","floor":22,"gold_loss":0},{"damage_healed":0,"gold_gain":99,"player_choice":"Stole From Cult","damage_taken":0,"max_hp_gain":0,"max_hp_loss":0,"event_name":"Nest","floor":28,"gold_loss":0},{"cards_removed":["Steam"],"damage_healed":5,"gold_gain":0,"player_choice":"Offered Common","damage_taken":0,"max_hp_gain":0,"max_hp_loss":0,"event_name":"Bonfire Elementals","floor":38,"gold_loss":0},{"cards_removed":["Steam"],"damage_healed":5,"gold_gain":0,"player_choice":"Offered Special","damage_taken":0,"max_hp_gain":0,"max_hp_loss":0,"event_name":"Bonfire Elementals","floor":38,"gold_loss":0},{"damage_healed":0,"gold_gain":0,"player_choice":"Embrace Madness","damage_taken":5,"max_hp_gain":0,"max_hp_loss":0,"event_name":"Winding Halls","floor":39,"gold_loss":0,"cards_obtained":["Madness","Madness"]}],"is_beta":false,"boss_relics":[{"not_picked":["Runic Dome","Cursed Key"],"picked":"Empty Cage"},{"not_picked":["FrozenCore","Nuclear Battery"],"picked":"Inserter"}],"items_purged_floors":[3],"is_endless":false,"potions_floor_spawned":[1,12,14,16,18,30,31,33,36,41],"killed_by":"Reptomancer","ascension_level":0}