{"gold_per_floor":[112,187,29,29,29,61,61,77,154,154,188,30,30,30,30,30],"floor_reached":16,"playtime":411,"items_purged":[],"score":245,"play_id":"1d9e30d9-f568-4b82-9afb-f9dfe4462918","local_time":"20181231181236","is_ascension_mode":true,"campfire_choices":[{"data":"Zap","floor":7,"key":"SMITH"},{"data":"Sunder","floor":10,"key":"SMITH"},{"data":"Coolheaded","floor":15,"key":"SMITH"}],"neow_cost":"NONE","seed_source_timestamp":17709004174867,"circlet_count":0,"master_deck":["AscendersBane","Strike_B","Strike_B","Strike_B","Defend_B","Defend_B","Defend_B","Defend_B","Zap+1","Dualcast","Sunder+1","Rainbow","Steam","Coolheaded+1","Injury"],"relics":["Cracked Core","NeowsBlessing","Anchor","Bird Faced Urn","Darkstone Periapt","Bag of Preparation","Strawberry","Golden Idol"],"potions_floor_usage":[16],"damage_taken":[{"damage":0,"enemies":"Small Slimes","floor":1,"turns":1},{"damage":0,"enemies":"3 Sentries","floor":6,"turns":1},{"damage":0,"enemies":"Jaw Worm","floor":8,"turns":1},{"damage":19,"enemies":"Lagavulin","floor":11,"turns":6},{"damage":53,"enemies":"Slime Boss","floor":16,"turns":8}],"seed_played":"8716613641144213820","potions_obtained":[{"floor":11,"key":"SteroidPotion"}],"is_trial":false,"path_per_floor":["M","?","$","?","?","E","R","M","T","R","E","$","?","?","R","B"],"character_chosen":"DEFECT","items_purchased":["Anchor","Strawberry"],"campfire_rested":0,"item_purchase_floors":[3,12],"current_hp_per_floor":[64,53,53,46,46,46,46,46,46,46,27,34,40,45,45,0],"gold":30,"neow_bonus":"THREE_ENEMY_KILL","is_prod":false,"is_daily":false,"chose_seed":false,"campfire_upgraded":3,"win_rate":0,"timestamp":1546297956,"path_taken":["M","?","$","?","?","E","R","?","T","R","E","$","?","?","R","BOSS"],"build_version":"2018-12-20","purchased_purges":0,"victory":false,"max_hp_per_floor":[71,71,71,71,71,71,71,71,71,71,71,78,84,89,89,89],"card_choices":[{"not_picked":["Stack","Ball Lightning"],"picked":"Sunder","floor":1},{"not_picked":["Reprogram","Fusion"],"picked":"Steam","floor":6},{"not_picked":["Turbo","Rebound","Barrage"],"picked":"SKIP","floor":8},{"not_picked":["Barrage","Auto Shields"],"picked":"Coolheaded","floor":11}],"player_experience":897198,"relics_obtained":[{"floor":6,"key":"Bird Faced Urn"},{"floor":9,"key":"Darkstone Periapt"},{"floor":11,"key":"Bag of Preparation"}],"event_choices":[{"damage_healed":0,"gold_gain":75,"player_choice":"Gather Gold","damage_taken":11,"max_hp_gain":0,"max_hp_loss":0,"event_name":"World of Goop","floor":2,"gold_loss":0},{"cards_removed":["Strike_B"],"damage_healed":0,"gold_gain":0,"player_choice":"Card Removal","damage_taken":7,"max_hp_gain":0,"max_hp_loss":0,"event_name":"Golden Wing","floor":4,"gold_loss":0},{"damage_healed":0,"gold_gain":0,"player_choice":"1 cards matched","damage_taken":0,"max_hp_gain":0,"max_hp_loss":0,"event_name":"Match and Keep!","floor":5,"gold_loss":0,"cards_obtained":["Rainbow"]},{"damage_healed":0,"gold_gain":0,"player_choice":"Take Wound","damage_taken":0,"relics_obtained":["Golden Idol"],"max_hp_gain":0,"max_hp_loss":0,"event_name":"Golden Idol","floor":13,"gold_loss":0,"cards_obtained":["Injury"]},{"damage_healed":0,"gold_gain":0,"player_choice":"Donut","damage_taken":0,"max_hp_gain":5,"max_hp_loss":0,"event_name":"Big Fish","floor":14,"gold_loss":0}],"is_beta":false,"boss_relics":[],"items_purged_floors":[],"is_endless":false,"potions_floor_spawned":[11],"killed_by":"Slime Boss","ascension_level":18}