{"gold_per_floor":[116,6,181,48,60,60,93,93,93,111,111,128,139,150,150,253,253,271,288,1,15,31,31],"floor_reached":23,"playtime":1965,"items_purged":["Strike_B","Decay"],"score":195,"play_id":"4f5f4a1f-f13c-4180-aa51-65b63ab0c1b8","local_time":"20190119085404","is_ascension_mode":false,"campfire_choices":[{"data":"Zap","floor":6,"key":"SMITH"},{"floor":8,"key":"REST"},{"data":"Dualcast","floor":11,"key":"SMITH"},{"data":"Go for the Eyes","floor":15,"key":"SMITH"}],"neow_cost":"NONE","seed_source_timestamp":638996231500,"circlet_count":0,"master_deck":["Strike_B","Defend_B","Defend_B","Defend_B","Defend_B","Zap+1","Dualcast+1","Beam Cell","Capacitor","Turbo","Cold Snap","Go for the Eyes+1","Turbo","Ball Lightning","Ball Lightning","Biased Cognition","Reprogram+1","Thunder Strike+1","Cold Snap+1","Auto Shields+1","Seek","Ball Lightning","Compile Driver+1"],"relics":["Cracked Core","Potion Belt","Darkstone Periapt","Pen Nib","Bottled Lightning","Astrolabe"],"potions_floor_usage":[13,13,16,22,23],"damage_taken":[{"damage":0,"enemies":"Small Slimes","floor":1,"turns":3},{"damage":4,"enemies":"Cultist","floor":5,"turns":4},{"damage":40,"enemies":"Lagavulin","floor":7,"turns":10},{"damage":0,"enemies":"2 Louse","floor":10,"turns":3},{"damage":4,"enemies":"2 Fungi Beasts","floor":12,"turns":4},{"damage":6,"enemies":"Exordium Wildlife","floor":13,"turns":5},{"damage":13,"enemies":"Red Slaver","floor":14,"turns":3},{"damage":29,"enemies":"Hexaghost","floor":16,"turns":12},{"damage":21,"enemies":"Shell Parasite","floor":18,"turns":8},{"damage":22,"enemies":"3 Byrds","floor":19,"turns":5},{"damage":21,"enemies":"Snake Plant","floor":21,"turns":3},{"damage":8,"enemies":"Snecko","floor":22,"turns":4},{"damage":15,"enemies":"Gremlin Leader","floor":23,"turns":2}],"seed_played":"2037565945953530337","potions_obtained":[{"floor":7,"key":"Fire Potion"},{"floor":10,"key":"Weak Potion"},{"floor":12,"key":"Regen Potion"},{"floor":19,"key":"LiquidBronze"},{"floor":21,"key":"Explosive Potion"}],"is_trial":false,"path_per_floor":["M","$","?","?","M","R","E","R","T","M","R","M","M","M","R","B",null,"M","M","$","M","M","E"],"character_chosen":"DEFECT","items_purchased":["Capacitor","Seek","Ball Lightning"],"campfire_rested":1,"item_purchase_floors":[2,20,20],"current_hp_per_floor":[75,75,75,75,71,71,31,53,53,53,53,49,57,44,44,15,81,60,38,38,17,9,0],"gold":31,"neow_bonus":"RANDOM_COMMON_RELIC","is_prod":false,"is_daily":false,"chose_seed":false,"campfire_upgraded":3,"win_rate":0,"timestamp":1547859244,"path_taken":["M","$","?","?","?","R","E","R","T","M","R","M","M","M","R","BOSS","M","M","$","M","?","E"],"build_version":"2019-01-17v2","purchased_purges":2,"victory":false,"max_hp_per_floor":[75,75,75,75,75,75,75,75,75,75,75,75,75,75,75,75,81,81,81,81,81,81,81],"card_choices":[{"not_picked":["Redo","Recycle"],"picked":"Beam Cell","floor":1},{"not_picked":["Conserve Battery","Compile Driver"],"picked":"Turbo","floor":5},{"not_picked":["Lockon","Undo"],"picked":"Cold Snap","floor":7},{"not_picked":["Rebound","Aggregate"],"picked":"Go for the Eyes","floor":10},{"not_picked":["Fusion","Leap"],"picked":"Turbo","floor":12},{"not_picked":["Rebound","Gash"],"picked":"Ball Lightning","floor":13},{"not_picked":["Heatsinks","Barrage"],"picked":"Ball Lightning","floor":14},{"not_picked":["Core Surge","Meteor Strike"],"picked":"Biased Cognition","floor":16},{"not_picked":["Fusion+1","Chaos+1"],"picked":"Cold Snap+1","floor":18},{"not_picked":["Gash","Hologram"],"picked":"Auto Shields+1","floor":19},{"not_picked":["Beam Cell+1","Rebound","Chaos"],"picked":"SKIP","floor":21},{"not_picked":["Streamline","Fusion"],"picked":"Compile Driver+1","floor":22}],"player_experience":254984,"relics_obtained":[{"floor":7,"key":"Pen Nib"},{"floor":9,"key":"Bottled Lightning"}],"event_choices":[{"damage_healed":0,"gold_gain":175,"player_choice":"AGREE","damage_taken":0,"max_hp_gain":0,"max_hp_loss":0,"event_name":"Liars Game","floor":3,"gold_loss":0,"cards_obtained":["Doubt"]},{"damage_healed":0,"gold_gain":0,"player_choice":"Paid Gold","damage_taken":0,"relics_obtained":["Darkstone Periapt"],"max_hp_gain":0,"max_hp_loss":0,"event_name":"WeMeetAgain","floor":4,"gold_loss":133}],"is_beta":false,"boss_relics":[{"not_picked":["Black Star","Orrery"],"picked":"Astrolabe"}],"items_purged_floors":[2,20],"is_endless":false,"potions_floor_spawned":[7,10,12,19,21],"killed_by":"Gremlin Leader","ascension_level":0}