{"gold_per_floor":[20,39,39,60,60,100,120,156,156,156,192,192,38,58,58,189,189,189,189,2,2,2,2,2,2,2,2,2,2,2,2,2,2,2,2,0,0,0,0,0,0,0,0,0,0,0,0,0,0,0,0,0,0,0,0],"floor_reached":56,"playtime":4244,"items_purged":["Strike_G"],"score":1415,"play_id":"b9fe7db4-cc5f-4c79-8291-9fe6e4da5085","local_time":"20190117141437","is_ascension_mode":false,"campfire_choices":[{"floor":10,"key":"REST"},{"data":"Footwork","floor":12,"key":"SMITH"},{"floor":15,"key":"REST"},{"data":"Noxious Fumes","floor":25,"key":"SMITH"},{"data":"After Image","floor":27,"key":"SMITH"},{"data":"Apotheosis","floor":29,"key":"SMITH"},{"floor":32,"key":"RECALL"},{"data":"Neutralize","floor":41,"key":"SMITH"},{"data":"Strike_G+1","floor":44,"key":"PURGE"},{"data":"Strike_G+1","floor":49,"key":"PURGE"},{"data":"Strike_G+1","floor":52,"key":"PURGE"}],"neow_cost":"NO_GOLD","seed_source_timestamp":306329898642940,"circlet_count":0,"master_deck":["Defend_G+1","Defend_G+1","Defend_G+1","Defend_G+1","Defend_G+1","Strike_G+1","Survivor","Neutralize+1","Quick Slash","Dash","Acrobatics","After Image+1","Calculated Gamble","Deflect","Footwork+1","Noxious Fumes+1","Night Terror","Deflect","Backflip","Apotheosis+1","Cloak And Dagger","Doppelganger","Leg Sweep+1","Acrobatics","Poisoned Stab+1","Noxious Fumes","Backstab+1","Catalyst","Crippling Poison+1"],"relics":["Ring of the Snake","Dead Branch","Golden Idol","Pear","Bag of Preparation","Oddly Smooth Stone","Blue Candle","Ectoplasm","FossilizedHelix","The Courier","Whetstone","Smiling Mask","Bottled Lightning","Eternal Feather","Red Mask","Lantern","Peace Pipe","Question Card","Pantograph"],"potions_floor_usage":[16,21,21,31,33,40,50,55,55,55],"damage_taken":[{"damage":0,"enemies":"Jaw Worm","floor":1,"turns":5},{"damage":0,"enemies":"2 Louse","floor":2,"turns":3},{"damage":0,"enemies":"Small Slimes","floor":4,"turns":4},{"damage":24,"enemies":"Lagavulin","floor":6,"turns":7},{"damage":0,"enemies":"3 Louse","floor":7,"turns":5},{"damage":15,"enemies":"3 Sentries","floor":8,"turns":8},{"damage":16,"enemies":"Gremlin Nob","floor":11,"turns":5},{"damage":0,"enemies":"Blue Slaver","floor":14,"turns":4},{"damage":4,"enemies":"Slime Boss","floor":16,"turns":11},{"damage":0,"enemies":"3 Byrds","floor":18,"turns":5},{"damage":0,"enemies":"Chosen","floor":19,"turns":5},{"damage":0,"enemies":"Colosseum Slavers","floor":21,"turns":6},{"damage":6,"enemies":"Colosseum Nobs","floor":21,"turns":5},{"damage":0,"enemies":"Shelled Parasite and Fungi","floor":22,"turns":8},{"damage":0,"enemies":"Book of Stabbing","floor":23,"turns":7},{"damage":0,"enemies":"Gremlin Leader","floor":31,"turns":7},{"damage":0,"enemies":"Champ","floor":33,"turns":10},{"damage":0,"enemies":"Orb Walker","floor":35,"turns":5},{"damage":0,"enemies":"3 Shapes","floor":37,"turns":5},{"damage":0,"enemies":"Writhing Mass","floor":38,"turns":9},{"damage":0,"enemies":"Jaw Worm Horde","floor":39,"turns":7},{"damage":12,"enemies":"Reptomancer","floor":40,"turns":8},{"damage":0,"enemies":"Nemesis","floor":42,"turns":11},{"damage":0,"enemies":"Sphere and 2 Shapes","floor":45,"turns":5},{"damage":0,"enemies":"4 Shapes","floor":46,"turns":5},{"damage":0,"enemies":"Maw","floor":47,"turns":6},{"damage":0,"enemies":"Donu and Deca","floor":50,"turns":11},{"damage":0,"enemies":"Shield and Spear","floor":54,"turns":8},{"damage":17,"enemies":"The Heart","floor":55,"turns":10}],"seed_played":"-1667186457900207129","potions_obtained":[{"floor":2,"key":"SpeedPotion"},{"floor":4,"key":"SteroidPotion"},{"floor":7,"key":"Block Potion"},{"floor":18,"key":"SkillPotion"},{"floor":19,"key":"LiquidBronze"},{"floor":22,"key":"SkillPotion"},{"floor":23,"key":"PowerPotion"},{"floor":33,"key":"GamblersBrew"},{"floor":38,"key":"SteroidPotion"},{"floor":42,"key":"EssenceOfSteel"},{"floor":45,"key":"AttackPotion"},{"floor":46,"key":"Swift Potion"},{"floor":54,"key":"Dexterity Potion"}],"is_trial":false,"path_per_floor":["M","M","?","M","?","E","M","E","T","R","E","R","$","M","R","B",null,"M","M","$","?","M","E","$","R","T","R","?","R","?","E","R","B",null,"M","?","M","M","M","E","R","E","T","R","M","M","M","?","R","B",null,"R","$","E","B",null],"character_chosen":"THE_SILENT","items_purchased":["Noxious Fumes","Apotheosis"],"campfire_rested":2,"item_purchase_floors":[13,20],"current_hp_per_floor":[70,70,65,65,52,38,38,23,23,45,29,29,29,29,51,47,75,75,75,75,69,69,69,69,69,69,69,69,69,69,69,69,69,75,75,75,75,75,75,63,75,75,75,75,75,75,75,75,75,75,75,75,75,75,58],"gold":0,"neow_bonus":"ONE_RARE_RELIC","is_prod":false,"is_daily":false,"chose_seed":false,"campfire_upgraded":5,"win_rate":0,"timestamp":1547734477,"path_taken":["M","M","?","M","?","E","?","E","T","R","E","R","$","M","R","BOSS","M","M","$","?","M","E","$","R","T","R","?","R","?","E","R","BOSS","M","?","M","M","M","E","R","E","T","R","M","M","M","?","R","BOSS","R","$","E","BOSS"],"build_version":"2019-01-16","purchased_purges":1,"victory":true,"max_hp_per_floor":[70,70,65,65,65,75,75,75,75,75,75,75,75,75,75,75,75,75,75,75,75,75,75,75,75,75,75,75,75,75,75,75,75,75,75,75,75,75,75,75,75,75,75,75,75,75,75,75,75,75,75,75,75,75,75],"card_choices":[{"not_picked":["Backflip","Expertise"],"picked":"Quick Slash","floor":1},{"not_picked":["Flechettes","Deadly Poison"],"picked":"Dash","floor":2},{"not_picked":["Prepared","Deflect"],"picked":"Acrobatics","floor":4},{"not_picked":["Storm of Steel","Tactician"],"picked":"After Image","floor":6},{"not_picked":["Dagger Throw","Prepared"],"picked":"Calculated Gamble","floor":7},{"not_picked":["Slice","Underhanded Strike"],"picked":"Deflect","floor":8},{"not_picked":["Caltrops","Dagger Spray"],"picked":"Footwork","floor":11},{"not_picked":["Expertise","Blade Dance","Prepared"],"picked":"SKIP","floor":14},{"not_picked":["Die Die Die","Doppelganger"],"picked":"Night Terror","floor":16},{"not_picked":["Masterful Stab","Blade Dance"],"picked":"Deflect","floor":18},{"not_picked":["PiercingWail","Concentrate"],"picked":"Backflip","floor":19},{"not_picked":["Catalyst","Skewer"],"picked":"Cloak And Dagger","floor":21},{"not_picked":["Slice","Flying Knee+1","Blade Dance"],"picked":"SKIP","floor":22},{"not_picked":["Prepared","Grand Finale","Heel Hook+1"],"picked":"SKIP","floor":23},{"not_picked":["Tactician","Sucker Punch+1","Blade Dance"],"picked":"SKIP","floor":31},{"not_picked":["Tools of the Trade","Wraith Form v2"],"picked":"Doppelganger","floor":33},{"not_picked":["Deadly Poison","Deflect+1"],"picked":"Leg Sweep+1","floor":35},{"not_picked":["Terror+1","Crippling Poison+1"],"picked":"Acrobatics","floor":37},{"not_picked":["Acrobatics+1","Flechettes+1","Endless Agony+1"],"picked":"SKIP","floor":38},{"not_picked":["Dagger Throw","Calculated Gamble+1","Outmaneuver+1"],"picked":"SKIP","floor":39},{"not_picked":["Footwork","Slice+1"],"picked":"Poisoned Stab+1","floor":40},{"not_picked":["Deadly Poison","Envenom"],"picked":"Noxious Fumes","floor":42},{"not_picked":["Dodge and Roll+1","Blade Dance","Cloak And Dagger"],"picked":"Backstab+1","floor":45},{"not_picked":["All Out Attack","Reflex","Bane+1"],"picked":"Catalyst","floor":46},{"not_picked":["Dagger Spray+1","Dagger Throw","Dash+1","Outmaneuver"],"picked":"SKIP","floor":47},{"not_picked":["Poisoned Stab+1","Deadly Poison","Reflex+1"],"picked":"Crippling Poison+1","floor":54}],"player_experience":775357,"relics_obtained":[{"floor":6,"key":"Pear"},{"floor":8,"key":"Bag of Preparation"},{"floor":9,"key":"Oddly Smooth Stone"},{"floor":11,"key":"Blue Candle"},{"floor":21,"key":"FossilizedHelix"},{"floor":21,"key":"The Courier"},{"floor":23,"key":"Whetstone"},{"floor":31,"key":"Bottled Lightning"},{"floor":40,"key":"Lantern"},{"floor":42,"key":"Peace Pipe"},{"floor":43,"key":"Question Card"},{"floor":54,"key":"Pantograph"}],"event_choices":[{"damage_healed":0,"gold_gain":0,"player_choice":"Lose Max HP","damage_taken":0,"relics_obtained":["Golden Idol"],"max_hp_gain":0,"max_hp_loss":5,"event_name":"Golden Idol","floor":3,"gold_loss":0},{"damage_healed":0,"gold_gain":0,"player_choice":"Entered Light","damage_taken":13,"max_hp_gain":0,"max_hp_loss":0,"event_name":"Shining Light","floor":5,"gold_loss":0,"cards_upgraded":["Strike_G","Strike_G"]},{"damage_healed":0,"gold_gain":0,"player_choice":"Fight","damage_taken":0,"max_hp_gain":0,"max_hp_loss":0,"event_name":"Colosseum","floor":21,"gold_loss":0},{"damage_healed":0,"gold_gain":0,"player_choice":"Fought Nobs","damage_taken":0,"max_hp_gain":0,"max_hp_loss":0,"event_name":"Colosseum","floor":21,"gold_loss":0},{"damage_healed":0,"gold_gain":0,"player_choice":"Opened","damage_taken":0,"relics_obtained":["Smiling Mask"],"max_hp_gain":0,"max_hp_loss":0,"event_name":"The Mausoleum","floor":28,"gold_loss":0},{"damage_healed":0,"gold_gain":0,"player_choice":"Simplicity","damage_taken":0,"max_hp_gain":0,"max_hp_loss":0,"event_name":"Back to Basics","floor":30,"gold_loss":0,"cards_upgraded":["Defend_G","Defend_G","Defend_G","Defend_G","Defend_G"]},{"damage_healed":0,"gold_gain":0,"player_choice":"Paid","damage_taken":0,"relics_obtained":["Red Mask"],"max_hp_gain":0,"max_hp_loss":0,"event_name":"Tomb of Lord Red Mask","floor":36,"gold_loss":2},{"damage_healed":0,"gold_gain":300,"player_choice":"Gold","damage_taken":0,"max_hp_gain":0,"max_hp_loss":0,"event_name":"Wheel of Change","floor":48,"gold_loss":0}],"is_beta":true,"boss_relics":[{"not_picked":["Fusion Hammer","Calling Bell"],"picked":"Ectoplasm"},{"not_picked":["Lizard Tail","Sozu"],"picked":"Eternal Feather"}],"items_purged_floors":[13],"is_endless":false,"potions_floor_spawned":[2,4,7,8,18,19,22,23,33,38,42,45,46,54],"ascension_level":0}