{"gold_per_floor":[116,130,145,155,80,80,108,108,108,108,183,195,212,162,162,260,260,274,274,274,292,310,310,322,335,415,426,426],"floor_reached":28,"playtime":2216,"items_purged":["Strike_R"],"score":235,"play_id":"538887ab-03f8-414c-93d3-ac2ca71678c9","local_time":"20190116231025","is_ascension_mode":true,"campfire_choices":[{"data":"Iron Wave","floor":6,"key":"SMITH"},{"data":"Bash","floor":8,"key":"SMITH"},{"data":"Cleave","floor":10,"key":"SMITH"},{"data":"Whirlwind","floor":15,"key":"SMITH"},{"floor":23,"key":"REST"}],"neow_cost":"NONE","seed_source_timestamp":419697849400958,"circlet_count":0,"master_deck":["Strike_R","Strike_R","Strike_R","Defend_R","Defend_R","Defend_R","Defend_R","Bash+1","Cleave+1","Iron Wave+1","Cleave+1","Flex","Power Through","Whirlwind+1","Offering","Rage","Pommel Strike","Battle Trance","Burning Pact"],"relics":["Burning Blood","Anchor","Oddly Smooth Stone","Black Star","Self Forming Clay"],"potions_floor_usage":[],"damage_taken":[{"damage":1,"enemies":"2 Louse","floor":1,"turns":3},{"damage":10,"enemies":"Jaw Worm","floor":2,"turns":4},{"damage":1,"enemies":"Cultist","floor":3,"turns":3},{"damage":5,"enemies":"Lots of Slimes","floor":4,"turns":3},{"damage":18,"enemies":"3 Sentries","floor":7,"turns":6},{"damage":4,"enemies":"Exordium Wildlife","floor":12,"turns":4},{"damage":0,"enemies":"2 Fungi Beasts","floor":13,"turns":2},{"damage":44,"enemies":"Slime Boss","floor":16,"turns":9},{"damage":22,"enemies":"Shell Parasite","floor":18,"turns":5},{"damage":6,"enemies":"3 Byrds","floor":21,"turns":2},{"damage":22,"enemies":"Snake Plant","floor":22,"turns":3},{"damage":34,"enemies":"Shelled Parasite and Fungi","floor":24,"turns":5},{"damage":16,"enemies":"Cultist and Chosen","floor":25,"turns":4},{"damage":13,"enemies":"3 Cultists","floor":27,"turns":5}],"seed_played":"6131836774379382341","potions_obtained":[{"floor":4,"key":"Weak Potion"},{"floor":12,"key":"Regen Potion"},{"floor":21,"key":"SteroidPotion"},{"floor":27,"key":"FairyPotion"}],"is_trial":false,"path_per_floor":["M","M","M","M","$","R","E","R","T","R","?","M","M","?","R","B",null,"M","?","?","M","M","R","M","M","T","M","$"],"character_chosen":"IRONCLAD","items_purchased":[],"campfire_rested":1,"item_purchase_floors":[],"current_hp_per_floor":[88,84,88,88,88,88,76,76,76,76,65,67,73,73,73,35,88,72,72,72,72,56,82,54,44,44,37,37],"gold":426,"neow_bonus":"TEN_PERCENT_HP_BONUS","is_prod":false,"is_daily":false,"chose_seed":false,"campfire_upgraded":4,"win_rate":0,"timestamp":1547647825,"path_taken":["M","M","M","M","$","R","E","R","T","R","?","M","M","?","R","BOSS","M","?","?","?","?","R","M","M","T","M","$"],"build_version":"2019-01-10","purchased_purges":1,"victory":false,"max_hp_per_floor":[88,88,88,88,88,88,88,88,88,88,88,88,88,88,88,88,88,88,88,88,88,88,88,88,88,88,88,88],"card_choices":[{"not_picked":["Heavy Blade","Body Slam"],"picked":"Cleave","floor":1},{"not_picked":["Second Wind","True Grit"],"picked":"Iron Wave","floor":2},{"not_picked":["Clothesline","Clash","Dark Embrace"],"picked":"SKIP","floor":3},{"not_picked":["Sentinel","Disarm"],"picked":"Cleave","floor":4},{"not_picked":["Pummel","Exhume"],"picked":"Flex","floor":7},{"not_picked":["Disarm","True Grit"],"picked":"Power Through","floor":12},{"not_picked":["Second Wind","Cleave"],"picked":"Whirlwind","floor":13},{"not_picked":["Immolate","Exhume"],"picked":"Offering","floor":16},{"not_picked":["True Grit","Havoc"],"picked":"Rage","floor":18},{"not_picked":["Metallicize","Heavy Blade","Carnage"],"picked":"SKIP","floor":21},{"not_picked":["Ghostly Armor","Wild Strike"],"picked":"Pommel Strike","floor":22},{"not_picked":["Rage","Whirlwind"],"picked":"Battle Trance","floor":24},{"not_picked":["Dropkick","Dual Wield","Rampage"],"picked":"SKIP","floor":25},{"not_picked":["Thunderclap+1","Sentinel"],"picked":"Burning Pact","floor":27}],"player_experience":140333,"relics_obtained":[{"floor":7,"key":"Anchor"},{"floor":9,"key":"Oddly Smooth Stone"},{"floor":26,"key":"Self Forming Clay"}],"event_choices":[{"damage_healed":0,"gold_gain":75,"player_choice":"Gather Gold","damage_taken":11,"max_hp_gain":0,"max_hp_loss":0,"event_name":"World of Goop","floor":11,"gold_loss":0},{"cards_removed":["Strike_R"],"damage_healed":0,"gold_gain":0,"player_choice":"Card Removal","damage_taken":0,"max_hp_gain":0,"max_hp_loss":0,"event_name":"The Cleric","floor":14,"gold_loss":50},{"damage_healed":0,"gold_gain":0,"player_choice":"Ignored","damage_taken":0,"max_hp_gain":0,"max_hp_loss":0,"event_name":"Ghosts","floor":19,"gold_loss":0},{"damage_healed":0,"gold_gain":0,"player_choice":"Upgraded","damage_taken":0,"max_hp_gain":0,"max_hp_loss":0,"event_name":"Upgrade Shrine","floor":20,"gold_loss":0,"cards_upgraded":["Cleave"]}],"is_beta":false,"boss_relics":[{"not_picked":["Lizard Tail","Snecko Eye"],"picked":"Black Star"}],"items_purged_floors":[5],"is_endless":false,"potions_floor_spawned":[4,12,21,24,25,27],"ascension_level":1}