{"gold_per_floor":[114,114,134,31,49,82,112,112,112,127,145,10,26,26],"floor_reached":14,"playtime":605,"items_purged":["Strike_B"],"score":143,"play_id":"43b41eab-e196-48d6-8dd0-18162f0d2d15","local_time":"20181203014510","is_ascension_mode":true,"campfire_choices":[{"data":"Chaos","floor":8.0,"key":"SMITH"}],"neow_cost":"NONE","seed_source_timestamp":0,"circlet_count":0,"master_deck":["AscendersBane","Strike_B","Strike_B","Strike_B","Defend_B","Defend_B","Defend_B","Defend_B","Zap","Dualcast","Chaos+1","Heatsinks","Multi-Cast","Coolheaded","Go for the Eyes","Loop","Hologram","Reprogram","Biased Cognition","Sunder","White Noise","Compile Driver","Redo"],"special_seed":0,"relics":["Cracked Core","NeowsBlessing","Question Card","Smiling Mask"],"potions_floor_usage":[],"damage_taken":[{"damage":0.0,"enemies":"Small Slimes","floor":1.0,"turns":1.0},{"damage":0.0,"enemies":"Cultist","floor":3.0,"turns":1.0},{"damage":0.0,"enemies":"Jaw Worm","floor":5.0,"turns":1.0},{"damage":16.0,"enemies":"Lagavulin","floor":6.0,"turns":9.0},{"damage":1.0,"enemies":"Lagavulin Event","floor":7.0,"turns":3.0},{"damage":22.0,"enemies":"Lots of Slimes","floor":10.0,"turns":5.0},{"damage":8.0,"enemies":"2 Fungi Beasts","floor":11.0,"turns":4.0},{"damage":18,"enemies":"Gremlin Gang","floor":13,"turns":3},{"damage":5,"enemies":"3 Sentries","floor":14,"turns":1}],"seed_played":"-5971499792621177578","potions_obtained":[{"floor":1.0,"key":"SmokeBomb"},{"floor":3.0,"key":"SkillPotion"},{"floor":6.0,"key":"SkillPotion"},{"floor":13,"key":"SkillPotion"}],"is_trial":false,"path_per_floor":["M","?","M","$","M","E","?","R","T","M","M","$","M","E"],"character_chosen":"DEFECT","items_purchased":["Go for the Eyes","Loop","White Noise","Compile Driver"],"campfire_rested":0,"item_purchase_floors":[4,4,12,12],"current_hp_per_floor":[68,68,68,68,68,52,51,51,51,29,21,21,3,0],"gold":26,"neow_bonus":"THREE_ENEMY_KILL","is_prod":false,"is_daily":false,"chose_seed":false,"campfire_upgraded":1,"win_rate":0,"timestamp":1543819510,"path_taken":["M","?","?","$","M","E","?","R","T","M","M","$","M","E"],"build_version":"2018-11-15","purchased_purges":1,"victory":false,"max_hp_per_floor":[75,75,75,75,75,75,75,75,75,75,75,75,75,75],"card_choices":[{"not_picked":["Turbo","Genetic Algorithm"],"picked":"Chaos","floor":1.0},{"not_picked":["Barrage","Capacitor"],"picked":"Coolheaded","floor":3.0},{"not_picked":["Force Field","Stack"],"picked":"Hologram","floor":5.0},{"not_picked":["Barrage","Tempest"],"picked":"Reprogram","floor":6.0},{"not_picked":["Turbo","Defragment","Force Field"],"picked":"Biased Cognition","floor":10.0},{"not_picked":["Stack","Blizzard","Reprogram"],"picked":"Sunder","floor":11.0},{"not_picked":["Genetic Algorithm","Skim","Hologram"],"picked":"Redo","floor":13}],"player_experience":662247,"relics_obtained":[{"floor":6.0,"key":"Question Card"},{"floor":9.0,"key":"Smiling Mask"}],"event_choices":[{"damage_healed":0.0,"max_hp_gain":0.0,"max_hp_loss":0.0,"gold_gain":0.0,"event_name":"Match and Keep!","player_choice":"2 cards matched","floor":2.0,"gold_loss":0.0,"damage_taken":0.0,"cards_obtained":["Heatsinks","Multi-Cast"]},{"damage_healed":0.0,"max_hp_gain":0.0,"max_hp_loss":0.0,"gold_gain":30.0,"event_name":"Dead Adventurer","player_choice":"Searched \u00273\u0027 times","floor":7.0,"gold_loss":0.0,"damage_taken":0.0}],"is_beta":false,"boss_relics":[],"items_purged_floors":[12],"is_endless":false,"potions_floor_spawned":[1,3,6,7,13],"killed_by":"3 Sentries","ascension_level":11}