{"gold_per_floor":[113,73,34,52,64,64,76,76,131,157,187,42,42,52,52,147,147,164,181,181,24,24,24,56,73,73,153,153,166,166,166,166,271,271,290,290,290,41,54,54],"floor_reached":40,"playtime":2507,"items_purged":["Strike_B"],"score":523,"play_id":"b1dd387d-9af3-4fbe-9216-1978f319c675","local_time":"20181121234200","is_ascension_mode":true,"campfire_choices":[{"data":"Genetic Algorithm","floor":6.0,"key":"SMITH"},{"data":"Streamline","floor":8.0,"key":"SMITH"},{"data":"Zap","floor":13.0,"key":"SMITH"},{"data":"Barrage","floor":15.0,"key":"SMITH"},{"data":"Go for the Eyes","floor":23.0,"key":"SMITH"},{"floor":28.0,"key":"REST"},{"data":"Chaos","floor":30.0,"key":"SMITH"},{"data":"Fusion","floor":32.0,"key":"SMITH"}],"neow_cost":"NONE","seed_source_timestamp":0,"circlet_count":0,"master_deck":["Defend_B","Defend_B+1","Defend_B+1","Zap+1","Dualcast","Go for the Eyes+1","Genetic Algorithm+1","Sweeping Beam","Streamline+1","Cold Snap","Barrage+1","Electrodynamics","Barrage+1","Hologram","Fusion+1","Chaos+1","Conserve Battery+1","Chill","Core Surge","Glacier","Thinking Ahead","Good Instincts","Bandage Up","Barrage"],"special_seed":0,"relics":["FrozenCore","Oddly Smooth Stone","Dream Catcher","War Paint","DataDisk","Mango","Kunai","Pantograph","Empty Cage","Symbiotic Virus"],"potions_floor_usage":[40],"damage_taken":[{"damage":6.0,"enemies":"Small Slimes","floor":1.0,"turns":2.0},{"damage":0.0,"enemies":"Cultist","floor":4.0,"turns":3.0},{"damage":0.0,"enemies":"2 Louse","floor":5.0,"turns":2.0},{"damage":0.0,"enemies":"Large Slime","floor":7.0,"turns":4.0},{"damage":26.0,"enemies":"Gremlin Nob","floor":10.0,"turns":4.0},{"damage":0.0,"enemies":"Blue Slaver","floor":14.0,"turns":3.0},{"damage":12.0,"enemies":"The Guardian","floor":16.0,"turns":10.0},{"damage":6.0,"enemies":"Spheric Guardian","floor":18.0,"turns":4.0},{"damage":9.0,"enemies":"Shell Parasite","floor":19.0,"turns":5.0},{"damage":68.0,"enemies":"Book of Stabbing","floor":24.0,"turns":8.0},{"damage":6.0,"enemies":"3 Cultists","floor":25.0,"turns":5.0},{"damage":6.0,"enemies":"Snake Plant","floor":29.0,"turns":4.0},{"damage":44.0,"enemies":"Automaton","floor":33.0,"turns":12.0},{"damage":0.0,"enemies":"Orb Walker","floor":35.0,"turns":4.0},{"damage":27.0,"enemies":"3 Shapes","floor":39.0,"turns":6.0},{"damage":53,"enemies":"Nemesis","floor":40,"turns":8}],"seed_played":"7696522581071814187","potions_obtained":[{"floor":2.0,"key":"AttackPotion"},{"floor":2.0,"key":"FairyPotion"},{"floor":2.0,"key":"SteroidPotion"},{"floor":5.0,"key":"PowerPotion"},{"floor":7.0,"key":"Poison Potion"},{"floor":10.0,"key":"Regen Potion"},{"floor":25.0,"key":"SteroidPotion"},{"floor":29.0,"key":"Swift Potion"},{"floor":33.0,"key":"Poison Potion"},{"floor":35.0,"key":"Dexterity Potion"}],"is_trial":false,"path_per_floor":["M","?","$","M","M","R","M","R","T","E","?","$","R","M","R","B",null,"M","M","?","$","?","R","E","M","T","T","R","M","R","?","R","B",null,"M","?","?","$","M","E"],"character_chosen":"DEFECT","items_purchased":["Genetic Algorithm","DataDisk","Fusion","Symbiotic Virus"],"campfire_rested":1,"item_purchase_floors":[3,12,21,38],"current_hp_per_floor":[62,62,62,62,62,62,62,62,62,36,36,36,36,36,36,39,66,60,51,51,51,51,51,21,15,15,15,41,35,35,35,35,16,71,71,61,61,61,38,0],"gold":54,"neow_bonus":"RANDOM_COMMON_RELIC","is_prod":false,"is_daily":false,"chose_seed":false,"campfire_upgraded":7,"win_rate":0,"timestamp":1542861720,"path_taken":["M","?","?","M","M","R","M","R","T","E","?","$","R","M","R","BOSS","M","M","?","$","?","R","E","M","T","?","R","M","R","?","R","BOSS","M","?","?","$","?","E"],"build_version":"2018-11-15","purchased_purges":1,"victory":false,"max_hp_per_floor":[75,75,75,75,75,75,75,75,75,75,75,75,75,75,75,75,75,75,75,75,75,75,75,89,89,89,89,89,89,89,89,89,89,89,89,89,89,89,89,89],"card_choices":[{"not_picked":["Compile Driver","Stack"],"picked":"Go for the Eyes","floor":1.0},{"not_picked":["Undo","Rip and Tear"],"picked":"Sweeping Beam","floor":4.0},{"not_picked":["Steam","Redo"],"picked":"Streamline","floor":5.0},{"not_picked":["Rebound","Barrage"],"picked":"Cold Snap","floor":7.0},{"not_picked":["Compile Driver","Hologram","All For One"],"picked":"SKIP","floor":10.0},{"not_picked":["Sweeping Beam","Static Discharge"],"picked":"Barrage","floor":14.0},{"not_picked":["Seek","Buffer"],"picked":"Electrodynamics","floor":16.0},{"not_picked":["Turbo","Go for the Eyes"],"picked":"Barrage+1","floor":18.0},{"not_picked":["Rebound","Gash+1"],"picked":"Hologram","floor":19.0},{"not_picked":["Ball Lightning","Rainbow"],"picked":"Chaos","floor":24.0},{"not_picked":["Barrage","Tempest+1"],"picked":"Conserve Battery+1","floor":25.0},{"not_picked":["Darkness","Gash"],"picked":"Chill","floor":29.0},{"not_picked":["Reboot","Thunder Strike"],"picked":"Core Surge","floor":33.0},{"not_picked":["Steam+1","Undo"],"picked":"Glacier","floor":35.0},{"not_picked":["Deep Breath","Panache"],"picked":"Thinking Ahead","floor":36.0},{"not_picked":["Forethought","Dark Shackles"],"picked":"Good Instincts","floor":36.0},{"not_picked":["Flash of Steel","Dark Shackles"],"picked":"Bandage Up","floor":36.0},{"not_picked":["Leap+1","Hologram","Aggregate+1"],"picked":"SKIP","floor":39.0}],"player_experience":432087,"relics_obtained":[{"floor":9.0,"key":"Dream Catcher"},{"floor":10.0,"key":"War Paint"},{"floor":24.0,"key":"Mango"},{"floor":26.0,"key":"Kunai"},{"floor":27.0,"key":"Pantograph"}],"event_choices":[{"damage_healed":0.0,"max_hp_gain":0.0,"max_hp_loss":0.0,"gold_gain":0.0,"event_name":"The Woman in Blue","player_choice":"Bought 3 Potions","floor":2.0,"gold_loss":0.0,"damage_taken":0.0},{"damage_healed":0.0,"max_hp_gain":0.0,"max_hp_loss":0.0,"gold_gain":30.0,"event_name":"Dead Adventurer","player_choice":"Searched \u00272\u0027 times","floor":11.0,"gold_loss":0.0,"damage_taken":0.0},{"damage_healed":0.0,"max_hp_gain":0.0,"max_hp_loss":0.0,"gold_gain":0.0,"event_name":"Ghosts","player_choice":"Ignored","floor":20.0,"gold_loss":0.0,"damage_taken":0.0},{"cards_removed":["Strike_B"],"damage_healed":0.0,"max_hp_gain":0.0,"max_hp_loss":0.0,"gold_gain":0.0,"event_name":"Back to Basics","player_choice":"Elegance","floor":31.0,"gold_loss":0.0,"damage_taken":0.0},{"damage_healed":0.0,"max_hp_gain":0.0,"max_hp_loss":0.0,"gold_gain":0.0,"event_name":"SensoryStone","player_choice":"Memory 3","floor":36.0,"gold_loss":0.0,"damage_taken":10.0},{"damage_healed":0.0,"max_hp_gain":0.0,"max_hp_loss":0.0,"gold_gain":0.0,"cards_transformed":["Defend_B"],"event_name":"Transmorgrifier","player_choice":"Transformed","floor":37.0,"gold_loss":0.0,"damage_taken":0.0,"cards_obtained":["Barrage"]}],"is_beta":false,"boss_relics":[{"not_picked":["Eternal Feather","Lizard Tail"],"picked":"FrozenCore"},{"not_picked":["Orrery","White Beast Statue"],"picked":"Empty Cage"}],"items_purged_floors":[21],"is_endless":false,"potions_floor_spawned":[5,7,10,25,29,33,35],"killed_by":"Nemesis","ascension_level":6}