{"gold_per_floor":[114,129,144,124,139,139,93,93,93,108,123,153,168,168,168,268,268,283,298,11,26,26,26,301,301,301,331,346,361,27,27],"floor_reached":31,"playtime":1603,"items_purged":[],"score":409,"play_id":"119df721-ca59-41de-9801-68a60e9775e4","local_time":"20190121110938","daily_mods":["Shiny","Hoarder","Binary"],"is_ascension_mode":false,"campfire_choices":[{"data":"Armaments","floor":6,"key":"SMITH"},{"data":"Armaments","floor":8,"key":"SMITH"},{"floor":15,"key":"DIG"},{"data":"Whirlwind","floor":23,"key":"SMITH"},{"data":"Demon Form","floor":25,"key":"SMITH"}],"neow_cost":"","seed_source_timestamp":0,"circlet_count":0,"master_deck":["Double Tap","Demon Form+1","Bludgeon","Feed","Limit Break","Barricade","Fiend Fire","Dark Embrace","Berserk","Impervious","Juggernaut","Brutality","Reaper","Exhume","Offering","Immolate","Armaments+1","Armaments+1","True Grit","True Grit","True Grit","Anger","Anger","Anger","Flex","Flex","Flex","Heavy Blade","Heavy Blade","Heavy Blade","Anger","Anger","Anger","Anger","Anger","Anger","Berserk","Berserk","Berserk","Whirlwind+1","Whirlwind","Whirlwind","Spot Weakness+1","Spot Weakness+1","Spot Weakness+1","Inflame","Inflame","Inflame","Regret","Regret","Regret","Enlightenment+1","Enlightenment+1","Enlightenment+1","Battle Trance+1","Battle Trance+1","Battle Trance+1"],"special_seed":17917,"relics":["Burning Blood","Kunai","Shovel","Toxic Egg 2","Sozu","Bottled Tornado","MutagenicStrength","Turnip","Mango","Brimstone"],"potions_floor_usage":[12,13,21,31,31],"damage_taken":[{"damage":6,"enemies":"Small Slimes","floor":1,"turns":1},{"damage":2,"enemies":"Cultist","floor":2,"turns":3},{"damage":6,"enemies":"2 Louse","floor":3,"turns":3},{"damage":0,"enemies":"Gremlin Gang","floor":5,"turns":1},{"damage":12,"enemies":"Looter","floor":10,"turns":2},{"damage":9,"enemies":"3 Louse","floor":11,"turns":3},{"damage":28,"enemies":"3 Sentries","floor":12,"turns":4},{"damage":0,"enemies":"Red Slaver","floor":13,"turns":1},{"damage":29,"enemies":"Slime Boss","floor":16,"turns":6},{"damage":5,"enemies":"3 Byrds","floor":18,"turns":4},{"damage":15,"enemies":"Chosen","floor":19,"turns":4},{"damage":27,"enemies":"Centurion and Healer","floor":21,"turns":4},{"damage":6,"enemies":"Gremlin Leader","floor":27,"turns":3},{"damage":21,"enemies":"Snake Plant","floor":28,"turns":2},{"damage":39,"enemies":"Cultist and Chosen","floor":29,"turns":4},{"damage":49,"enemies":"Shelled Parasite and Fungi","floor":31,"turns":2}],"seed_played":"8847064133434649062","potions_obtained":[{"floor":3,"key":"SneckoOil"},{"floor":4,"key":"FearPotion"},{"floor":5,"key":"Dexterity Potion"},{"floor":10,"key":"Dexterity Potion"},{"floor":13,"key":"Regen Potion"},{"floor":16,"key":"PowerPotion"}],"is_trial":false,"path_per_floor":["M","M","M","?","M","R","$","R","T","M","M","E","M","?","R","B",null,"M","M","$","M","?","R","?","R","T","E","M","M","$","M"],"character_chosen":"IRONCLAD","items_purchased":["Flex","Bottled Tornado","Inflame","Brimstone","Enlightenment+1","Battle Trance+1"],"campfire_rested":0,"item_purchase_floors":[7,20,20,30,30,30],"current_hp_per_floor":[83,83,86,86,89,89,89,89,89,83,84,74,80,80,80,93,93,93,84,84,75,75,75,75,75,75,89,74,41,41,0],"gold":27,"neow_bonus":"","is_prod":false,"is_daily":true,"chose_seed":false,"campfire_upgraded":4,"win_rate":0,"timestamp":1548040178,"path_taken":["M","M","M","?","M","R","$","R","T","M","?","E","M","?","R","BOSS","M","M","?","M","?","R","?","R","T","E","?","M","$","M"],"build_version":"2019-01-17v2","purchased_purges":0,"victory":false,"max_hp_per_floor":[83,83,86,86,89,89,89,89,89,89,93,93,93,93,93,93,93,93,93,93,93,93,93,93,93,93,107,107,107,107,107],"card_choices":[{"not_picked":["Sword Boomerang"],"picked":"Armaments","floor":1},{"not_picked":["Cleave"],"picked":"True Grit","floor":2},{"not_picked":["Sword Boomerang","Rupture"],"picked":"SKIP","floor":3},{"not_picked":["Havoc"],"picked":"Anger","floor":5},{"not_picked":["Infernal Blade"],"picked":"Heavy Blade","floor":10},{"not_picked":["Burning Pact"],"picked":"Anger","floor":11},{"not_picked":["Shrug It Off"],"picked":"Anger","floor":12},{"not_picked":["Pummel","Body Slam"],"picked":"SKIP","floor":13},{"not_picked":["Brutality"],"picked":"Berserk","floor":16},{"not_picked":["Shrug It Off+1"],"picked":"Whirlwind","floor":18},{"not_picked":["Iron Wave"],"picked":"Spot Weakness+1","floor":19},{"not_picked":["Heavy Blade","Immolate"],"picked":"SKIP","floor":21},{"not_picked":["Headbutt","Entrench+1"],"picked":"SKIP","floor":27},{"not_picked":["Flame Barrier+1","Pummel"],"picked":"SKIP","floor":28},{"not_picked":["Spot Weakness+1","Wild Strike"],"picked":"SKIP","floor":29}],"player_experience":262133,"relics_obtained":[{"floor":9,"key":"Kunai"},{"floor":12,"key":"Shovel"},{"floor":15,"key":"Toxic Egg 2"},{"floor":26,"key":"Turnip"},{"floor":27,"key":"Mango"}],"event_choices":[{"damage_healed":0,"gold_gain":0,"player_choice":"Bought 1 Potion","damage_taken":0,"max_hp_gain":0,"max_hp_loss":0,"event_name":"The Woman in Blue","floor":4,"gold_loss":0},{"cards_removed":["Armaments"],"damage_healed":0,"gold_gain":0,"player_choice":"Purged","damage_taken":0,"max_hp_gain":0,"max_hp_loss":0,"event_name":"Purifier","floor":14,"gold_loss":0},{"damage_healed":0,"gold_gain":0,"player_choice":"Inject Mutagens","damage_taken":0,"relics_obtained":["MutagenicStrength"],"max_hp_gain":0,"max_hp_loss":0,"event_name":"Drug Dealer","floor":22,"gold_loss":0},{"damage_healed":0,"gold_gain":275,"player_choice":"Desecrate","damage_taken":0,"max_hp_gain":0,"max_hp_loss":0,"event_name":"Golden Shrine","floor":24,"gold_loss":0,"cards_obtained":["Regret"]}],"is_beta":false,"boss_relics":[{"not_picked":["Cursed Key","Fusion Hammer"],"picked":"Sozu"}],"items_purged_floors":[],"is_endless":false,"potions_floor_spawned":[3,5,10,13,16,28],"killed_by":"Shelled Parasite and Fungi","ascension_level":0}