{"gold_per_floor":[117,117,130,80,80,80,111,111,134,159,175,175,199,240,240,368,368],"floor_reached":17,"playtime":750,"items_purged":[],"score":165,"play_id":"159b4f89-79fa-4800-ad4b-2de05a28fccb","local_time":"20181231101806","is_ascension_mode":false,"campfire_choices":[{"data":"Shrug It Off","floor":6,"key":"SMITH"},{"floor":8,"key":"REST"},{"data":"Iron Wave","floor":15,"key":"SMITH"}],"neow_cost":"NONE","seed_source_timestamp":469248728487442,"circlet_count":0,"master_deck":["Bash","Inflame","Shrug It Off+1","Power Through","Anger","Cleave","Iron Wave+1","Headbutt","Feed","Infernal Blade","Brutality","Entrench","Dropkick","Reckless Charge","Battle Trance","Thunderclap"],"relics":["Burning Blood","Golden Idol","Calipers","Dream Catcher","Pandora\u0027s Box"],"potions_floor_usage":[14],"damage_taken":[{"damage":2,"enemies":"Small Slimes","floor":1,"turns":4},{"damage":1,"enemies":"Cultist","floor":3,"turns":4},{"damage":29,"enemies":"Gremlin Nob","floor":7,"turns":5},{"damage":2,"enemies":"2 Louse","floor":10,"turns":4},{"damage":0,"enemies":"Looter","floor":11,"turns":4},{"damage":0,"enemies":"Lots of Slimes","floor":13,"turns":2},{"damage":15,"enemies":"3 Sentries","floor":14,"turns":6},{"damage":51,"enemies":"The Guardian","floor":16,"turns":10}],"seed_played":"4632709128486168117","potions_obtained":[{"floor":1,"key":"BloodPotion"},{"floor":3,"key":"SkillPotion"},{"floor":11,"key":"Energy Potion"},{"floor":16,"key":"Fire Potion"}],"is_trial":false,"path_per_floor":["M","?","M","?","?","R","E","R","T","M","M","?","M","E","R","B",null],"character_chosen":"IRONCLAD","items_purchased":[],"campfire_rested":1,"item_purchase_floors":[],"current_hp_per_floor":[80,80,80,80,60,60,37,61,61,65,71,71,77,68,68,23,23],"gold":368,"neow_bonus":"REMOVE_CARD","is_prod":false,"is_daily":false,"chose_seed":false,"campfire_upgraded":2,"win_rate":0,"timestamp":1546219086,"path_taken":["M","?","?","?","?","R","E","R","T","M","M","?","?","E","R","BOSS"],"build_version":"2018-12-20","purchased_purges":0,"victory":false,"max_hp_per_floor":[80,80,80,80,80,80,80,80,80,80,80,80,80,80,80,80,80],"card_choices":[{"not_picked":["Flame Barrier","Whirlwind"],"picked":"Inflame","floor":1},{"not_picked":["Heavy Blade","Flame Barrier"],"picked":"Shrug It Off","floor":3},{"not_picked":["Wild Strike","Disarm"],"picked":"Power Through","floor":7},{"not_picked":["Wild Strike","Rupture"],"picked":"Anger","floor":10},{"not_picked":["Thunderclap","Reckless Charge"],"picked":"Cleave","floor":11},{"not_picked":["Thunderclap","Anger"],"picked":"Iron Wave","floor":13},{"not_picked":["Cleave","Anger"],"picked":"Headbutt","floor":14},{"not_picked":["Berserk","Limit Break"],"picked":"Feed","floor":16}],"player_experience":89959,"relics_obtained":[{"floor":7,"key":"Calipers"},{"floor":14,"key":"Dream Catcher"}],"event_choices":[{"damage_healed":0,"gold_gain":0,"player_choice":"0 cards matched","damage_taken":0,"max_hp_gain":0,"max_hp_loss":0,"event_name":"Match and Keep!","floor":2,"gold_loss":0,"cards_obtained":[]},{"cards_removed":["Strike_R"],"damage_healed":0,"gold_gain":0,"player_choice":"Card Removal","damage_taken":0,"max_hp_gain":0,"max_hp_loss":0,"event_name":"The Cleric","floor":4,"gold_loss":50},{"damage_healed":0,"gold_gain":0,"player_choice":"Take Damage","damage_taken":20,"relics_obtained":["Golden Idol"],"max_hp_gain":0,"max_hp_loss":0,"event_name":"Golden Idol","floor":5,"gold_loss":0},{"damage_healed":0,"gold_gain":0,"player_choice":"Ignored","damage_taken":0,"max_hp_gain":0,"max_hp_loss":0,"event_name":"NoteForYourself","floor":12,"gold_loss":0}],"is_beta":false,"boss_relics":[{"not_picked":["Lizard Tail","Fusion Hammer"],"picked":"Pandora\u0027s Box"}],"items_purged_floors":[],"is_endless":false,"potions_floor_spawned":[1,3,11,16],"ascension_level":0}