{"gold_per_floor":[116,116,127,76,76,76,109,109,156,181,181,196,196,196,196,273,273,292,322,322,336,354,354,365,51,51,51,62,62,92,108,108,108],"floor_reached":33,"playtime":2038,"items_purged":[],"score":631,"play_id":"afe7d86e-bcb0-4c31-beb4-f5b34de15c39","local_time":"20190205052203","is_ascension_mode":true,"campfire_choices":[{"data":"Uppercut","floor":6.0,"key":"SMITH"},{"data":"Inflame","floor":8.0,"key":"SMITH"},{"data":"Feed","floor":11.0,"key":"SMITH"},{"data":"Shrug It Off","floor":13.0,"key":"SMITH"},{"floor":15.0,"key":"REST"},{"data":"Disarm","floor":23.0,"key":"SMITH"},{"floor":27.0,"key":"REST"},{"floor":29.0,"key":"REST"},{"floor":32,"key":"REST"}],"neow_cost":"NONE","seed_source_timestamp":360595824223700,"circlet_count":0,"master_deck":["AscendersBane","Strike_R","Strike_R","Strike_R","Defend_R","Defend_R","Defend_R","Defend_R","Bash","Uppercut+1","Twin Strike","Shrug It Off+1","Inflame+1","Feed+1","Intimidate","Offering","Shrug It Off","Ghostly Armor","Disarm+1","Pummel","Headbutt","Disarm","Dropkick","Battle Trance","Headbutt"],"special_seed":0,"relics":["Black Blood","NeowsBlessing","Matryoshka","Dream Catcher","Vajra","Art of War","Orichalcum","Red Mask","Nunchaku","WingedGreaves","Juzu Bracelet","Frozen Egg 2","Ancient Tea Set"],"potions_floor_usage":[33],"damage_taken":[{"damage":0.0,"enemies":"Cultist","floor":1.0,"turns":1.0},{"damage":0.0,"enemies":"Small Slimes","floor":3.0,"turns":1.0},{"damage":0.0,"enemies":"Gremlin Nob","floor":7.0,"turns":1.0},{"damage":47.0,"enemies":"3 Sentries","floor":10.0,"turns":10.0},{"damage":3.0,"enemies":"Jaw Worm","floor":12.0,"turns":3.0},{"damage":49.0,"enemies":"Hexaghost","floor":16.0,"turns":10.0},{"damage":13.0,"enemies":"Shell Parasite","floor":18.0,"turns":5.0},{"damage":45.0,"enemies":"Masked Bandits","floor":19.0,"turns":5.0},{"damage":9.0,"enemies":"Chosen","floor":21.0,"turns":6.0},{"damage":27.0,"enemies":"Snecko","floor":22.0,"turns":6.0},{"damage":21.0,"enemies":"Centurion and Healer","floor":24.0,"turns":10.0},{"damage":25.0,"enemies":"Sentry and Sphere","floor":28.0,"turns":6.0},{"damage":40,"enemies":"Book of Stabbing","floor":30,"turns":9},{"damage":24,"enemies":"Cultist and Chosen","floor":31,"turns":9},{"damage":80,"enemies":"Champ","floor":33,"turns":13}],"seed_played":"2655467845672847414","potions_obtained":[{"floor":1.0,"key":"Dexterity Potion"},{"floor":7.0,"key":"BloodPotion"},{"floor":10.0,"key":"Weak Potion"},{"floor":22.0,"key":"SpeedPotion"},{"floor":30,"key":"Poison Potion"},{"floor":31,"key":"Block Potion"}],"is_trial":false,"path_per_floor":["M","?","M","$","?","R","E","R","T","E","R","M","R","?","R","B",null,"M","?","?","M","M","R","M","$","T","R","M","R","E","M","R","B"],"character_chosen":"IRONCLAD","items_purchased":["Shrug It Off","WingedGreaves"],"campfire_rested":4,"item_purchase_floors":[4,25],"current_hp_per_floor":[74,74,75,75,57,57,63,63,63,29,29,36,36,36,59,20,67,68,37,37,42,29,29,22,22,22,52,41,73,47,37,71,0],"gold":108,"neow_bonus":"THREE_ENEMY_KILL","is_prod":false,"is_daily":false,"chose_seed":false,"campfire_upgraded":5,"win_rate":0,"timestamp":1549362123,"path_taken":["M","?","?","?","?","R","E","R","T","E","R","M","R","?","R","BOSS","M","?","?","M","?","R","M","$","T","R","M","R","E","M","R","BOSS"],"build_version":"2019-01-23","purchased_purges":0,"victory":false,"max_hp_per_floor":[75,75,75,75,75,75,75,75,75,75,75,79,79,79,79,83,83,87,91,91,95,99,99,103,103,103,103,107,107,111,115,115,115],"card_choices":[{"not_picked":["Evolve","True Grit"],"picked":"Uppercut","floor":1.0},{"not_picked":["Clothesline","Blood for Blood"],"picked":"Twin Strike","floor":3.0},{"not_picked":["Perfected Strike","Anger"],"picked":"Inflame","floor":7.0},{"not_picked":["Power Through","Clash"],"picked":"Feed","floor":10.0},{"not_picked":["Wild Strike","Infernal Blade","Fire Breathing"],"picked":"SKIP","floor":12.0},{"not_picked":["Ghostly Armor","Warcry"],"picked":"Intimidate","floor":15.0},{"not_picked":["Barricade","Impervious"],"picked":"Offering","floor":16.0},{"not_picked":["Perfected Strike","Blood for Blood"],"picked":"Shrug It Off","floor":18.0},{"not_picked":["Thunderclap","Wild Strike"],"picked":"Ghostly Armor","floor":19.0},{"not_picked":["Flex","Searing Blow+1","Rage"],"picked":"SKIP","floor":21.0},{"not_picked":["Burning Pact","Juggernaut"],"picked":"Disarm","floor":22.0},{"not_picked":["Anger","Second Wind"],"picked":"Pummel","floor":24.0},{"not_picked":["Body Slam","Iron Wave"],"picked":"Headbutt","floor":27.0},{"not_picked":["Seeing Red","Dropkick"],"picked":"Disarm","floor":28.0},{"not_picked":["Wild Strike+1","Exhume"],"picked":"Dropkick","floor":30},{"not_picked":["Rampage","Shrug It Off"],"picked":"Battle Trance","floor":31},{"not_picked":["Armaments","Power Through"],"picked":"Headbutt","floor":32}],"player_experience":1108011,"relics_obtained":[{"floor":7.0,"key":"Dream Catcher"},{"floor":9.0,"key":"Vajra"},{"floor":9.0,"key":"Art of War"},{"floor":10.0,"key":"Orichalcum"},{"floor":19.0,"key":"Red Mask"},{"floor":26.0,"key":"Juzu Bracelet"},{"floor":26.0,"key":"Frozen Egg 2"},{"floor":30,"key":"Ancient Tea Set"}],"event_choices":[{"cards_removed":["Strike_R"],"damage_healed":0.0,"max_hp_gain":0.0,"max_hp_loss":0.0,"gold_gain":0.0,"event_name":"Purifier","player_choice":"Purged","floor":2.0,"gold_loss":0.0,"damage_taken":0.0},{"damage_healed":0.0,"max_hp_gain":0.0,"max_hp_loss":0.0,"gold_gain":0.0,"event_name":"Scrap Ooze","player_choice":"Success","floor":5.0,"gold_loss":0.0,"damage_taken":18.0,"relics_obtained":["Matryoshka"]},{"cards_removed":["Strike_R"],"damage_healed":0.0,"max_hp_gain":0.0,"max_hp_loss":0.0,"gold_gain":0.0,"event_name":"Purifier","player_choice":"Purged","floor":14.0,"gold_loss":0.0,"damage_taken":0.0},{"damage_healed":0.0,"max_hp_gain":0.0,"max_hp_loss":0.0,"gold_gain":0.0,"event_name":"Masked Bandits","player_choice":"Fought Bandits","floor":19.0,"gold_loss":0.0,"damage_taken":0.0},{"damage_healed":0.0,"max_hp_gain":0.0,"max_hp_loss":0.0,"gold_gain":0.0,"event_name":"WeMeetAgain","player_choice":"Gave Potion","floor":20.0,"gold_loss":0.0,"damage_taken":0.0,"relics_obtained":["Nunchaku"]}],"is_beta":false,"boss_relics":[{"not_picked":["Orrery","Lizard Tail"],"picked":"Black Blood"}],"items_purged_floors":[],"is_endless":false,"potions_floor_spawned":[1,7,10,12,22,30,31],"killed_by":"Champ","ascension_level":19}