{"gold_per_floor":[114,124,141,158,169,195,195,230,254,267,278,278,278,12,12,113,113,53],"floor_reached":18,"playtime":1836,"items_purged":["Strike_G"],"score":174,"play_id":"38ec2ab5-7b0a-46af-bfb8-f6c04491e498","local_time":"20190107225055","is_ascension_mode":false,"campfire_choices":[{"floor":7,"key":"REST"},{"floor":12,"key":"REST"},{"data":"Wraith Form v2","floor":15,"key":"SMITH"}],"neow_cost":"TEN_PERCENT_HP_LOSS","seed_source_timestamp":50375116296600,"circlet_count":0,"master_deck":["Defend_G","Defend_G","Defend_G","Defend_G","Defend_G","Strike_G","Strike_G","Strike_G","Survivor","Neutralize","Wraith Form v2+1","Noxious Fumes","Infinite Blades","Poisoned Stab","Backstab","Noxious Fumes","Catalyst","Deflect","Flying Knee","Well Laid Plans","Catalyst","Adrenaline","Regret","Writhe","Injury"],"relics":["Ring of the Snake","Orichalcum","Ornamental Fan","Bronze Scales","Potion Belt","Calling Bell","Boot","Question Card","WingedGreaves"],"potions_floor_usage":[4,6,8,16],"damage_taken":[{"damage":0,"enemies":"Cultist","floor":1,"turns":5},{"damage":9,"enemies":"2 Louse","floor":2,"turns":3},{"damage":3,"enemies":"Jaw Worm","floor":3,"turns":5},{"damage":16,"enemies":"Large Slime","floor":4,"turns":6},{"damage":24,"enemies":"Lots of Slimes","floor":5,"turns":5},{"damage":8,"enemies":"Gremlin Nob","floor":6,"turns":5},{"damage":5,"enemies":"Lagavulin","floor":8,"turns":7},{"damage":1,"enemies":"3 Louse","floor":10,"turns":2},{"damage":1,"enemies":"2 Fungi Beasts","floor":11,"turns":3},{"damage":10,"enemies":"Slime Boss","floor":16,"turns":10}],"seed_played":"5862871511316608752","potions_obtained":[{"floor":1,"key":"Strength Potion"},{"floor":2,"key":"Strength Potion"},{"floor":5,"key":"Energy Potion"},{"floor":8,"key":"GhostInAJar"},{"floor":11,"key":"Ancient Potion"}],"is_trial":false,"path_per_floor":["M","M","M","M","M","E","R","E","T","M","M","R","?","$","R","B",null,"M"],"character_chosen":"THE_SILENT","items_purchased":["Catalyst","Potion Belt"],"campfire_rested":2,"item_purchase_floors":[14,14],"current_hp_per_floor":[63,54,51,35,11,3,21,16,16,15,14,32,32,32,32,22,63,47],"gold":53,"neow_bonus":"THREE_RARE_CARDS","is_prod":false,"is_daily":false,"chose_seed":false,"campfire_upgraded":1,"win_rate":0,"timestamp":1546872655,"path_taken":["M","M","M","?","M","E","R","E","T","M","M","R","?","?","R","BOSS","M"],"build_version":"2019-01-03v4","purchased_purges":1,"victory":false,"max_hp_per_floor":[63,63,63,63,63,63,63,63,63,63,63,63,63,63,63,63,63,63],"card_choices":[{"not_picked":["Doppelganger","Glass Knife"],"picked":"Wraith Form v2","floor":0},{"not_picked":["PiercingWail","Crippling Poison"],"picked":"Noxious Fumes","floor":1},{"not_picked":["PiercingWail","Tactician"],"picked":"Infinite Blades","floor":2},{"not_picked":["Finisher","Choke"],"picked":"Poisoned Stab","floor":3},{"not_picked":["PiercingWail","Flying Knee"],"picked":"Backstab","floor":4},{"not_picked":["Heel Hook","Blade Dance"],"picked":"Noxious Fumes","floor":5},{"not_picked":["Bane","Distraction"],"picked":"Catalyst","floor":6},{"not_picked":["Tactician","Dodge and Roll"],"picked":"Deflect","floor":8},{"not_picked":["Riddle With Holes","Reflex"],"picked":"Flying Knee","floor":10},{"not_picked":["Choke","Slice"],"picked":"Well Laid Plans","floor":11},{"not_picked":["Venomology","Wraith Form v2"],"picked":"Adrenaline","floor":16}],"player_experience":110957,"relics_obtained":[{"floor":6,"key":"Orichalcum"},{"floor":8,"key":"Ornamental Fan"},{"floor":9,"key":"Bronze Scales"},{"floor":17,"key":"Boot"},{"floor":17,"key":"Question Card"},{"floor":17,"key":"WingedGreaves"}],"event_choices":[{"cards_removed":["Strike_G"],"damage_healed":0,"gold_gain":0,"player_choice":"Forget","damage_taken":0,"max_hp_gain":0,"max_hp_loss":0,"event_name":"Living Wall","floor":13,"gold_loss":0}],"is_beta":false,"boss_relics":[{"not_picked":["Cursed Key","Ring of the Serpent"],"picked":"Calling Bell"}],"items_purged_floors":[14],"is_endless":false,"potions_floor_spawned":[1,2,5,8,11],"killed_by":"2 Thieves","ascension_level":0}