{"gold_per_floor":[11,31,31,206,156,156,186,203,227,227,283,283,299,14,14,115,115,130,10,21,21,21,21,40,40,90,22,42,42,2,2,2,104,104,116,136,152,52,0,0,19,19,46,46,46,60,60,92,92,92],"floor_reached":50,"playtime":3289,"items_purged":["Strike_B","Creative AI"],"score":466,"play_id":"bf4c1f84-1fce-4af4-a514-c91739d2411c","local_time":"20190110232434","is_ascension_mode":false,"campfire_choices":[{"data":"Zap","floor":6,"key":"SMITH"},{"data":"Tempest","floor":10,"key":"SMITH"},{"floor":12,"key":"REST"},{"data":"White Noise","floor":15,"key":"SMITH"},{"data":"Echo Form","floor":23,"key":"SMITH"},{"floor":32,"key":"REST"},{"data":"White Noise","floor":40,"key":"SMITH"},{"floor":42,"key":"REST"},{"floor":47,"key":"REST"},{"floor":49,"key":"REST"}],"neow_cost":"NO_GOLD","seed_source_timestamp":52974052815900,"circlet_count":0,"master_deck":["Zap+1","Dualcast","Ball Lightning","Turbo","Chill","Tempest+1","White Noise+1","Thunder Strike+1","Loop","BootSequence","Doom and Gloom+1","Gash+1","White Noise+1","Go for the Eyes+1","Hologram","Impatience","Echo Form+1","Conserve Battery","Defragment","Defragment","White Noise+1","BootSequence+1","Seek","Beam Cell+1","Cold Snap+1","Bandage Up","Turbo","Sunder+1"],"relics":["Cracked Core","WingedGreaves","Regal Pillow","Oddly Smooth Stone","Molten Egg 2","ClockworkSouvenir","Pandora\u0027s Box","MutagenicStrength","Dream Catcher","Bronze Scales","White Beast Statue","Red Mask","Happy Flower","Centennial Puzzle"],"potions_floor_usage":[11,24,33,37,41,46,48,48,50],"damage_taken":[{"damage":7,"enemies":"Jaw Worm","floor":1,"turns":4},{"damage":0,"enemies":"Small Slimes","floor":2,"turns":2},{"damage":29,"enemies":"3 Sentries","floor":7,"turns":6},{"damage":7,"enemies":"2 Louse","floor":8,"turns":2},{"damage":15,"enemies":"3 Sentries","floor":11,"turns":6},{"damage":16,"enemies":"Large Slime","floor":13,"turns":2},{"damage":23,"enemies":"Slime Boss","floor":16,"turns":8},{"damage":10,"enemies":"Shell Parasite","floor":18,"turns":3},{"damage":0,"enemies":"Chosen","floor":20,"turns":4},{"damage":9,"enemies":"Snake Plant","floor":24,"turns":4},{"damage":26,"enemies":"Cultist and Chosen","floor":28,"turns":7},{"damage":29,"enemies":"Champ","floor":33,"turns":7},{"damage":32,"enemies":"3 Darklings","floor":35,"turns":5},{"damage":7,"enemies":"Orb Walker","floor":36,"turns":3},{"damage":8,"enemies":"Maw","floor":37,"turns":6},{"damage":35,"enemies":"3 Darklings","floor":41,"turns":4},{"damage":30,"enemies":"Spire Growth","floor":46,"turns":5},{"damage":17,"enemies":"Giant Head","floor":48,"turns":8},{"damage":96,"enemies":"Awakened One","floor":50,"turns":7}],"seed_played":"-2763820254766144393","potions_obtained":[{"floor":8,"key":"Fire Potion"},{"floor":13,"key":"SteroidPotion"},{"floor":18,"key":"Block Potion"},{"floor":24,"key":"FairyPotion"},{"floor":33,"key":"LiquidBronze"},{"floor":35,"key":"SkillPotion"},{"floor":36,"key":"AttackPotion"},{"floor":37,"key":"Swift Potion"},{"floor":41,"key":"LiquidBronze"},{"floor":46,"key":"SkillPotion"},{"floor":48,"key":"FearPotion"}],"is_trial":false,"path_per_floor":["M","M","?","?","?","R","E","M","T","R","?","R","M","$","R","B",null,"M","$","M","?","?","R","M","$","T","$","M","?","$","?","R","B",null,"M","M","M","$","?","R","M","R","T","?","?","M","R","E","R","B"],"character_chosen":"DEFECT","items_purchased":["ClockworkSouvenir","Hologram","Impatience","Defragment","Defragment"],"campfire_rested":5,"item_purchase_floors":[14,19,19,27,30],"current_hp_per_floor":[68,68,68,68,68,68,39,32,32,32,17,54,38,38,38,15,75,65,65,65,51,51,51,42,42,42,42,16,16,16,16,55,26,80,48,41,33,33,33,33,8,47,47,47,47,21,60,51,80,0],"gold":92,"neow_bonus":"ONE_RARE_RELIC","is_prod":false,"is_daily":false,"chose_seed":false,"campfire_upgraded":5,"win_rate":0,"timestamp":1547133874,"path_taken":["M","M","?","?","?","R","E","M","T","R","?","R","M","$","R","BOSS","M","$","M","?","?","R","M","?","T","$","?","?","$","?","R","BOSS","M","M","M","$","?","R","M","R","T","?","?","M","R","E","R","BOSS"],"build_version":"2019-01-03v4","purchased_purges":2,"victory":false,"max_hp_per_floor":[75,75,75,75,75,75,75,75,75,75,75,75,75,75,75,75,75,75,75,75,80,80,80,80,80,80,80,80,80,80,80,80,80,80,80,80,80,80,80,80,80,80,80,80,80,80,80,80,80,80],"card_choices":[{"not_picked":["Leap","Scrape"],"picked":"Ball Lightning","floor":1},{"not_picked":["Compile Driver","Cold Snap"],"picked":"Turbo","floor":2},{"not_picked":["Redo","Biased Cognition"],"picked":"Chill","floor":7},{"not_picked":["Rebound","Storm"],"picked":"Tempest","floor":8},{"not_picked":["Gash+1","Stack"],"picked":"Ball Lightning+1","floor":11},{"not_picked":["Compile Driver+1","Cold Snap+1"],"picked":"White Noise","floor":13},{"not_picked":["Meteor Strike+1","Hyperbeam+1"],"picked":"Thunder Strike+1","floor":16},{"not_picked":["BootSequence","Gash+1"],"picked":"Go for the Eyes+1","floor":18},{"not_picked":["Conserve Battery","Turbo"],"picked":"Echo Form","floor":20},{"not_picked":["Darkness+1","Stack"],"picked":"Conserve Battery","floor":24},{"not_picked":["Steam+1","Force Field","Sweeping Beam+1"],"picked":"SKIP","floor":28},{"not_picked":["Compile Driver+1","Consume"],"picked":"BootSequence+1","floor":32},{"not_picked":["Multi-Cast","Creative AI"],"picked":"Seek","floor":33},{"not_picked":["Loop+1","Rebound+1","Steam"],"picked":"SKIP","floor":35},{"not_picked":["Blizzard+1","Reprogram+1"],"picked":"Beam Cell+1","floor":36},{"not_picked":["Coolheaded+1","Beam Cell+1","Blizzard+1"],"picked":"SKIP","floor":37},{"not_picked":["Chill","Sweeping Beam+1","Hologram+1"],"picked":"SKIP","floor":41},{"not_picked":["Redo","Lockon+1"],"picked":"Cold Snap+1","floor":42},{"not_picked":["Purity","Enlightenment"],"picked":"Bandage Up","floor":45},{"not_picked":["Steam","Conserve Battery"],"picked":"Turbo","floor":46},{"not_picked":["Barrage+1","Hyperbeam+1"],"picked":"Sunder+1","floor":47},{"not_picked":["Reprogram+1","Capacitor+1","Skim"],"picked":"SKIP","floor":48}],"player_experience":176701,"relics_obtained":[{"floor":7,"key":"Regal Pillow"},{"floor":9,"key":"Oddly Smooth Stone"},{"floor":26,"key":"Dream Catcher"},{"floor":43,"key":"Happy Flower"},{"floor":48,"key":"Centennial Puzzle"}],"event_choices":[{"cards_removed":["Strike_B"],"damage_healed":0,"gold_gain":0,"player_choice":"Forget","damage_taken":0,"max_hp_gain":0,"max_hp_loss":0,"event_name":"Living Wall","floor":3,"gold_loss":0},{"damage_healed":0,"gold_gain":175,"player_choice":"AGREE","damage_taken":0,"max_hp_gain":0,"max_hp_loss":0,"event_name":"Liars Game","floor":4,"gold_loss":0,"cards_obtained":["Doubt"]},{"cards_removed":["Doubt"],"damage_healed":0,"gold_gain":0,"player_choice":"Card Removal","damage_taken":0,"max_hp_gain":0,"max_hp_loss":0,"event_name":"The Cleric","floor":5,"gold_loss":50},{"damage_healed":0,"gold_gain":0,"player_choice":"Searched \u00272\u0027 times","damage_taken":0,"relics_obtained":["Molten Egg 2"],"max_hp_gain":0,"max_hp_loss":0,"event_name":"Dead Adventurer","floor":11,"gold_loss":0},{"damage_healed":0,"gold_gain":0,"player_choice":"Shed Blood","damage_taken":19,"max_hp_gain":5,"max_hp_loss":0,"event_name":"Forgotten Altar","floor":21,"gold_loss":0},{"damage_healed":0,"gold_gain":0,"player_choice":"Inject Mutagens","damage_taken":0,"relics_obtained":["MutagenicStrength"],"max_hp_gain":0,"max_hp_loss":0,"event_name":"Drug Dealer","floor":22,"gold_loss":0},{"damage_healed":0,"gold_gain":0,"player_choice":"Opened","damage_taken":0,"relics_obtained":["Bronze Scales"],"max_hp_gain":0,"max_hp_loss":0,"event_name":"The Mausoleum","floor":29,"gold_loss":0},{"damage_healed":0,"gold_gain":0,"player_choice":"Copied","damage_taken":0,"max_hp_gain":0,"max_hp_loss":0,"event_name":"Duplicator","floor":31,"gold_loss":0,"cards_obtained":["White Noise"]},{"damage_healed":0,"gold_gain":0,"player_choice":"Paid","damage_taken":0,"relics_obtained":["Red Mask"],"max_hp_gain":0,"max_hp_loss":0,"event_name":"Tomb of Lord Red Mask","floor":39,"gold_loss":52},{"cards_removed":["Ball Lightning"],"damage_healed":0,"gold_gain":0,"player_choice":"Removed Attack","damage_taken":0,"max_hp_gain":0,"max_hp_loss":0,"event_name":"Falling","floor":44,"gold_loss":0},{"damage_healed":0,"gold_gain":0,"player_choice":"Memory 1","damage_taken":0,"max_hp_gain":0,"max_hp_loss":0,"event_name":"SensoryStone","floor":45,"gold_loss":0}],"is_beta":false,"boss_relics":[{"not_picked":["Runic Pyramid","Astrolabe"],"picked":"Pandora\u0027s Box"},{"not_picked":["Orrery","Black Star"],"picked":"White Beast Statue"}],"items_purged_floors":[14,38],"is_endless":false,"potions_floor_spawned":[8,13,18,24,33,35,36,37,41,46,48],"killed_by":"Awakened One","ascension_level":0}