{"gold_per_floor":[109,109,120,136,11,41,41,25,25,3,3,3,14,14,14,114,114,124,124,135,135,151,151,186,186,186,186,186,204,221,235,235,338,338,349,401,74,74,93,93,121,121,121,138,138,158,189,200,200,200],"floor_reached":51,"playtime":5583,"items_purged":[],"score":812,"play_id":"c5888798-5fa0-4e4d-be70-eb13dfc1f66e","local_time":"20181029061444","is_ascension_mode":true,"campfire_choices":[{"data":"Zap","floor":7,"key":"SMITH"},{"data":"Scrape","floor":11,"key":"SMITH"},{"floor":15,"key":"REST"},{"floor":23,"key":"REST"},{"data":"Machine Learning","floor":25,"key":"SMITH"},{"data":"Zap","floor":27,"key":"SMITH"},{"floor":32,"key":"REST"},{"data":"Defragment","floor":40,"key":"SMITH"},{"data":"Buffer","floor":42,"key":"SMITH"},{"data":"Go for the Eyes","floor":49,"key":"SMITH"}],"neow_cost":"NONE","seed_source_timestamp":1281047321501404,"circlet_count":0,"master_deck":["Strike_B+1","Strike_B+1","Strike_B+1","Defend_B+1","Defend_B+1","Defend_B+1","Defend_B+1","Zap+1","Dualcast","Cold Snap","Gash+1","Coolheaded","Scrape+1","Conserve Battery","BootSequence","Gash","Chill","Machine Learning+1","Skim+1","Hologram","Zap+1","Defragment+1","Reprogram","Scrape","Buffer+1","Finesse","Swift Strike+1","Go for the Eyes+1","Reboot","Defragment+1","Beam Cell+1"],"relics":["Cracked Core","Vajra","Bag of Marbles","Meat on the Bone","Nuclear Battery","Mummified Hand","Pantograph","Sozu","Strawberry","Frozen Egg 2","Whetstone","Dream Catcher","Prayer Wheel"],"potions_floor_usage":[6,16,16,18,22,24,44],"damage_taken":[{"damage":0,"enemies":"Small Slimes","floor":1,"turns":3},{"damage":4,"enemies":"Cultist","floor":3,"turns":4},{"damage":7,"enemies":"Jaw Worm","floor":4,"turns":3},{"damage":29,"enemies":"3 Sentries","floor":6,"turns":5},{"damage":12,"enemies":"Exordium Thugs","floor":8,"turns":4},{"damage":0,"enemies":"Red Slaver","floor":13,"turns":2},{"damage":13,"enemies":"The Guardian","floor":16,"turns":11},{"damage":0,"enemies":"Chosen","floor":18,"turns":4},{"damage":23,"enemies":"Colosseum Slavers","floor":19,"turns":5},{"damage":1,"enemies":"2 Thieves","floor":20,"turns":4},{"damage":35,"enemies":"Snecko","floor":22,"turns":7},{"damage":15,"enemies":"Book of Stabbing","floor":24,"turns":5},{"damage":14,"enemies":"Snake Plant","floor":29,"turns":4},{"damage":0,"enemies":"Centurion and Healer","floor":30,"turns":5},{"damage":26,"enemies":"Snecko","floor":31,"turns":6},{"damage":53,"enemies":"Collector","floor":33,"turns":11},{"damage":4,"enemies":"3 Shapes","floor":35,"turns":4},{"damage":3,"enemies":"Orb Walker","floor":39,"turns":3},{"damage":7,"enemies":"Nemesis","floor":41,"turns":9},{"damage":0,"enemies":"Spire Growth","floor":44,"turns":5},{"damage":6,"enemies":"3 Darklings","floor":46,"turns":5},{"damage":14,"enemies":"Reptomancer","floor":47,"turns":8},{"damage":0,"enemies":"Jaw Worm Horde","floor":48,"turns":6},{"damage":58,"enemies":"Awakened One","floor":50,"turns":12}],"seed_played":"-7348879579470108277","potions_obtained":[{"floor":2,"key":"LiquidBronze"},{"floor":2,"key":"Fire Potion"},{"floor":2,"key":"SneckoOil"},{"floor":3,"key":"AttackPotion"},{"floor":16,"key":"Fruit Juice"},{"floor":18,"key":"FocusPotion"},{"floor":20,"key":"Block Potion"},{"floor":22,"key":"FairyPotion"},{"floor":33,"key":"EssenceOfSteel"}],"is_trial":false,"path_per_floor":["M","?","M","M","$","E","R","M","T","$","R","?","M","$","R","B",null,"M","?","M","?","M","R","E","R","T","R","?","M","M","M","R","B",null,"M","T","$","?","M","R","E","R","T","M","?","M","E","M","R","B"],"character_chosen":"DEFECT","items_purchased":["Scrape","Conserve Battery","Gash","Frozen Egg 2","Finesse"],"campfire_rested":3,"item_purchase_floors":[5,5,10,37,37],"current_hp_per_floor":[75,75,71,64,64,35,35,23,23,23,23,23,35,35,57,49,80,80,57,56,56,33,57,42,42,42,42,42,40,52,38,62,39,80,76,83,83,83,80,80,73,73,73,73,73,67,53,53,53,32],"gold":200,"neow_bonus":"RANDOM_COMMON_RELIC","is_prod":false,"is_daily":false,"chose_seed":false,"campfire_upgraded":7,"win_rate":0,"timestamp":1540808084,"path_taken":["M","?","M","?","$","E","R","M","T","?","R","?","M","$","R","BOSS","M","?","M","?","M","R","E","R","T","R","?","M","?","M","R","BOSS","M","?","?","?","M","R","E","R","T","M","?","M","E","M","R","BOSS"],"build_version":"2018-10-25v2","purchased_purges":0,"victory":true,"max_hp_per_floor":[75,75,75,75,75,75,75,75,75,75,75,75,75,75,75,80,80,80,80,80,80,80,80,80,80,80,80,80,80,80,80,80,80,80,80,87,87,87,87,87,87,87,87,87,87,87,87,87,87,87],"card_choices":[{"not_picked":["Force Field","Tempest"],"picked":"Cold Snap","floor":1},{"not_picked":["Hologram","Turbo"],"picked":"Gash","floor":3},{"not_picked":["Conserve Battery","Steam Power"],"picked":"Coolheaded","floor":4},{"not_picked":["Ball Lightning","White Noise","Stack"],"picked":"SKIP","floor":6},{"not_picked":["Leap","Reprogram"],"picked":"BootSequence","floor":8},{"not_picked":["Aggregate","Barrage"],"picked":"Chill","floor":13},{"not_picked":["Meteor Strike","Amplify"],"picked":"Machine Learning","floor":16},{"not_picked":["Sweeping Beam","Stack+1"],"picked":"Skim+1","floor":18},{"not_picked":["Genetic Algorithm","Barrage"],"picked":"Hologram","floor":20},{"not_picked":["Conserve Battery","Ball Lightning","Steam"],"picked":"SKIP","floor":22},{"not_picked":["Leap","Hologram"],"picked":"Defragment","floor":24},{"not_picked":["Ball Lightning","Tempest","Fission"],"picked":"SKIP","floor":29},{"not_picked":["Lockon+1","Sweeping Beam"],"picked":"Reprogram","floor":30},{"not_picked":["Sweeping Beam","Compile Driver"],"picked":"Scrape","floor":31},{"not_picked":["Biased Cognition","Rainbow"],"picked":"Buffer","floor":33},{"not_picked":["Barrage","Conserve Battery+1","Hello World"],"picked":"SKIP","floor":35},{"not_picked":["Apotheosis","Mind Blast"],"picked":"Swift Strike","floor":38},{"not_picked":["Cold Snap","Recycle"],"picked":"Go for the Eyes","floor":39},{"not_picked":["Leap+1","Stack","Turbo"],"picked":"SKIP","floor":41},{"not_picked":["Gash","Steam Power+1"],"picked":"Reboot","floor":44},{"not_picked":["Turbo","Self Repair+1"],"picked":"Defragment+1","floor":46},{"not_picked":["Ball Lightning","Conserve Battery+1","Reprogram"],"picked":"SKIP","floor":47},{"not_picked":["Go for the Eyes","Thunder Strike"],"picked":"Beam Cell+1","floor":48},{"not_picked":["Streamline+1","Consume+1","Turbo+1"],"picked":"SKIP","floor":48}],"player_experience":241278,"relics_obtained":[{"floor":6,"key":"Bag of Marbles"},{"floor":9,"key":"Meat on the Bone"},{"floor":24,"key":"Mummified Hand"},{"floor":26,"key":"Pantograph"},{"floor":36,"key":"Strawberry"},{"floor":41,"key":"Whetstone"},{"floor":43,"key":"Dream Catcher"},{"floor":47,"key":"Prayer Wheel"}],"event_choices":[{"damage_healed":0,"gold_gain":0,"player_choice":"Got Potions","damage_taken":0,"max_hp_gain":0,"max_hp_loss":0,"event_name":"The Lab","floor":2,"gold_loss":0},{"damage_healed":0,"gold_gain":0,"player_choice":"Leave","damage_taken":0,"max_hp_gain":0,"max_hp_loss":0,"event_name":"The Cleric","floor":12,"gold_loss":0},{"damage_healed":0,"gold_gain":0,"player_choice":"Fight","damage_taken":0,"max_hp_gain":0,"max_hp_loss":0,"event_name":"Colosseum","floor":19,"gold_loss":0},{"damage_healed":0,"gold_gain":0,"player_choice":"Fled From Nobs","damage_taken":0,"max_hp_gain":0,"max_hp_loss":0,"event_name":"Colosseum","floor":19,"gold_loss":0},{"damage_healed":0,"gold_gain":0,"player_choice":"1 cards matched","damage_taken":0,"max_hp_gain":0,"max_hp_loss":0,"event_name":"Match and Keep!","floor":21,"gold_loss":0,"cards_obtained":["Zap"]},{"damage_healed":0,"gold_gain":0,"player_choice":"Simplicity","damage_taken":0,"max_hp_gain":0,"max_hp_loss":0,"event_name":"Back to Basics","floor":28,"gold_loss":0,"cards_upgraded":["Strike_B","Strike_B","Strike_B","Strike_B","Defend_B","Defend_B","Defend_B","Defend_B"]},{"damage_healed":0,"gold_gain":0,"player_choice":"Memory 1","damage_taken":0,"max_hp_gain":0,"max_hp_loss":0,"event_name":"SensoryStone","floor":38,"gold_loss":0},{"cards_removed":["Strike_B"],"damage_healed":0,"gold_gain":0,"player_choice":"Offered Basic","damage_taken":0,"max_hp_gain":0,"max_hp_loss":0,"event_name":"Bonfire Elementals","floor":45,"gold_loss":0}],"is_beta":false,"boss_relics":[{"not_picked":["Lizard Tail","Tiny House"],"picked":"Nuclear Battery"},{"not_picked":["Velvet Choker","White Beast Statue"],"picked":"Sozu"}],"items_purged_floors":[],"is_endless":false,"potions_floor_spawned":[3,16,18,20,22,33,35,39,46,47],"ascension_level":4}