{"gold_per_floor":[216,227,19,294,29,57,71,71,96,19,31,47,76,90,90,192,192,205,215,40,40,52,52,86,86,86,102,133,133],"floor_reached":29,"playtime":1318,"items_purged":["Regret","Strike_R"],"score":275,"play_id":"742ba017-e9f7-418f-addd-397aea0455e9","local_time":"20190131170346","is_ascension_mode":false,"campfire_choices":[{"data":"Inflame","floor":8,"key":"SMITH"},{"data":"Bloodletting","floor":15,"key":"SMITH"},{"floor":23,"key":"REST"}],"neow_cost":"NONE","seed_source_timestamp":245278017518763,"circlet_count":0,"master_deck":["Strike_R","Defend_R","Defend_R","Defend_R","Defend_R","Bash","Inflame+1","Heavy Blade","Shockwave","Battle Trance","Rampage","Brutality","Disarm","Headbutt","Pummel","Bloodletting+1","Barricade","Headbutt+1","Juggernaut+1","Warcry+1","Flex","Whirlwind","Havoc+1"],"relics":["Burning Blood","Sling","Pen Nib","Blood Vial","Self Forming Clay","Astrolabe","Champion Belt","Darkstone Periapt","Question Card","Vajra"],"potions_floor_usage":[12,12,14,24,28],"damage_taken":[{"damage":0,"enemies":"2 Louse","floor":1,"turns":2},{"damage":1,"enemies":"Cultist","floor":2,"turns":4},{"damage":13,"enemies":"Lagavulin","floor":6,"turns":5},{"damage":2,"enemies":"Small Slimes","floor":7,"turns":3},{"damage":21,"enemies":"Exordium Thugs","floor":11,"turns":3},{"damage":12,"enemies":"Gremlin Gang","floor":12,"turns":3},{"damage":21,"enemies":"3 Sentries","floor":13,"turns":5},{"damage":1,"enemies":"Exordium Wildlife","floor":14,"turns":2},{"damage":38,"enemies":"Hexaghost","floor":16,"turns":7},{"damage":17,"enemies":"Chosen","floor":18,"turns":4},{"damage":11,"enemies":"3 Byrds","floor":19,"turns":5},{"damage":15,"enemies":"Snake Plant","floor":22,"turns":4},{"damage":58,"enemies":"Slavers","floor":24,"turns":7},{"damage":21,"enemies":"Centurion and Healer","floor":27,"turns":5},{"damage":18,"enemies":"Gremlin Leader","floor":28,"turns":4},{"damage":0,"enemies":"Shelled Parasite and Fungi","floor":29,"turns":1}],"seed_played":"-414475744299645881","potions_obtained":[{"floor":6,"key":"Poison Potion"},{"floor":7,"key":"Regen Potion"},{"floor":11,"key":"BloodPotion"},{"floor":12,"key":"BloodPotion"},{"floor":13,"key":"Ancient Potion"},{"floor":19,"key":"SmokeBomb"},{"floor":22,"key":"FearPotion"}],"is_trial":false,"path_per_floor":["M","M","$","?","$","E","M","R","T","$","M","M","E","M","R","B",null,"M","M","$","?","M","R","E","T","T","M","E","M"],"character_chosen":"IRONCLAD","items_purchased":["Sling","Shockwave","Battle Trance","Rampage","Disarm","Whirlwind"],"campfire_rested":1,"item_purchase_floors":[3,5,5,5,10,20],"current_hp_per_floor":[80,80,80,80,80,73,77,77,77,77,64,68,55,70,70,40,80,69,66,66,51,44,69,34,34,34,21,11,13],"gold":133,"neow_bonus":"HUNDRED_GOLD","is_prod":false,"is_daily":false,"chose_seed":false,"campfire_upgraded":2,"win_rate":0,"timestamp":1548954226,"path_taken":["M","M","$","?","$","E","?","R","T","$","M","M","E","M","R","BOSS","M","M","$","?","M","R","E","?","T","?","E","M"],"build_version":"2019-01-23","purchased_purges":2,"victory":false,"max_hp_per_floor":[80,80,80,80,80,80,80,80,80,80,80,80,80,80,80,80,80,80,80,80,85,85,85,85,85,85,85,85,85],"card_choices":[{"not_picked":["Thunderclap","Metallicize"],"picked":"Inflame","floor":1},{"not_picked":["Reckless Charge","Sever Soul"],"picked":"Heavy Blade","floor":2},{"not_picked":["Infernal Blade","Pommel Strike"],"picked":"Brutality","floor":6},{"not_picked":["Rage","Infernal Blade","Clothesline"],"picked":"SKIP","floor":7},{"not_picked":["Sword Boomerang","Wild Strike"],"picked":"Headbutt","floor":11},{"not_picked":["Anger","Warcry","Twin Strike"],"picked":"SKIP","floor":12},{"not_picked":["Iron Wave","Bludgeon"],"picked":"Pummel","floor":13},{"not_picked":["Clothesline","Ghostly Armor"],"picked":"Bloodletting","floor":14},{"not_picked":["Impervious","Immolate"],"picked":"Barricade","floor":16},{"not_picked":["Second Wind","Sword Boomerang+1"],"picked":"Flex","floor":18},{"not_picked":["Body Slam","Hemokinesis","Shrug It Off"],"picked":"SKIP","floor":19},{"not_picked":["True Grit","Combust+1","Dual Wield"],"picked":"SKIP","floor":22},{"not_picked":["Dark Embrace","Clash","Clothesline"],"picked":"SKIP","floor":24},{"not_picked":["Battle Trance","Fire Breathing","Pommel Strike"],"picked":"Havoc+1","floor":27},{"not_picked":["Sword Boomerang","Entrench+1","Clothesline","Searing Blow+1"],"picked":"SKIP","floor":28}],"player_experience":791809,"relics_obtained":[{"floor":6,"key":"Pen Nib"},{"floor":9,"key":"Blood Vial"},{"floor":13,"key":"Self Forming Clay"},{"floor":24,"key":"Champion Belt"},{"floor":25,"key":"Darkstone Periapt"},{"floor":26,"key":"Question Card"},{"floor":28,"key":"Vajra"}],"event_choices":[{"damage_healed":0,"gold_gain":275,"player_choice":"Desecrate","damage_taken":0,"max_hp_gain":0,"max_hp_loss":0,"event_name":"Golden Shrine","floor":4,"gold_loss":0,"cards_obtained":["Regret"]},{"damage_healed":0,"gold_gain":0,"player_choice":"Shed Blood","damage_taken":20,"max_hp_gain":5,"max_hp_loss":0,"event_name":"Forgotten Altar","floor":21,"gold_loss":0}],"is_beta":true,"boss_relics":[{"not_picked":["Runic Cube","Lizard Tail"],"picked":"Astrolabe"}],"items_purged_floors":[5,20],"is_endless":false,"potions_floor_spawned":[6,7,11,12,13,19,22],"killed_by":"Shelled Parasite and Fungi","ascension_level":0}