{"gold_per_floor":[112,112,112,287,287,321,331,331,356,381,381,393,215,231,231,330,330,330],"floor_reached":18,"playtime":661,"items_purged":["Doubt"],"score":226,"play_id":"4dc4fb25-eead-4563-9aa4-7a2e00994ce9","local_time":"20190205090955","is_ascension_mode":true,"campfire_choices":[{"data":"Shrug It Off","floor":8,"key":"SMITH"},{"floor":11,"key":"REST"},{"floor":15,"key":"REST"}],"neow_cost":"NONE","seed_source_timestamp":975011153309446,"circlet_count":0,"master_deck":["Strike_R","Strike_R","Strike_R","Strike_R","Defend_R","Defend_R","Defend_R","Defend_R","Bash","Shrug It Off+1","Battle Trance+1","Hemokinesis","Warcry+1","Blood for Blood","Flex+1","Barricade"],"relics":["Burning Blood","NeowsBlessing","Toxic Egg 2","Strawberry","Bag of Preparation","Odd Mushroom","Cursed Key"],"potions_floor_usage":[10,12,12],"damage_taken":[{"damage":0,"enemies":"2 Louse","floor":1,"turns":1},{"damage":0,"enemies":"3 Sentries","floor":6,"turns":1},{"damage":0,"enemies":"Small Slimes","floor":7,"turns":1},{"damage":81,"enemies":"The Mushroom Lair","floor":10,"turns":8},{"damage":26,"enemies":"Jaw Worm","floor":12,"turns":3},{"damage":18,"enemies":"Exordium Wildlife","floor":14,"turns":3},{"damage":38,"enemies":"Slime Boss","floor":16,"turns":10},{"damage":22,"enemies":"Shell Parasite","floor":18,"turns":3}],"seed_played":"-7286912587467300337","potions_obtained":[{"floor":6,"key":"Fruit Juice"},{"floor":7,"key":"BloodPotion"},{"floor":10,"key":"LiquidBronze"},{"floor":14,"key":"EssenceOfSteel"}],"is_trial":false,"path_per_floor":["M","?","?","?","T","E","M","R","T","?","R","M","$","M","R","B",null,"M"],"character_chosen":"IRONCLAD","items_purchased":["Warcry+1","Blood for Blood"],"campfire_rested":2,"item_purchase_floors":[13,13],"current_hp_per_floor":[80,85,78,78,78,91,92,92,92,26,53,38,38,26,55,23,97,75],"gold":330,"neow_bonus":"THREE_ENEMY_KILL","is_prod":false,"is_daily":false,"chose_seed":false,"campfire_upgraded":1,"win_rate":0,"timestamp":1549325395,"path_taken":["M","?","?","?","?","E","?","R","T","?","R","M","$","M","R","BOSS","M"],"build_version":"2019-01-23","purchased_purges":1,"victory":false,"max_hp_per_floor":[80,85,85,85,85,92,92,92,92,92,92,97,97,97,97,97,97,97],"card_choices":[{"not_picked":["Flex","Pommel Strike"],"picked":"Shrug It Off","floor":1},{"not_picked":["Sword Boomerang","Bludgeon","Second Wind+1"],"picked":"SKIP","floor":6},{"not_picked":["Flex+1","Clothesline"],"picked":"Battle Trance+1","floor":7},{"not_picked":["Pommel Strike","Sword Boomerang"],"picked":"Hemokinesis","floor":10},{"not_picked":["Pummel","Heavy Blade","Rupture"],"picked":"SKIP","floor":12},{"not_picked":["Twin Strike","Metallicize"],"picked":"Flex+1","floor":14},{"not_picked":["Double Tap+1","Berserk"],"picked":"Barricade","floor":16}],"player_experience":187896,"relics_obtained":[{"floor":5,"key":"Toxic Egg 2"},{"floor":6,"key":"Strawberry"},{"floor":9,"key":"Bag of Preparation"},{"floor":10,"key":"Odd Mushroom"}],"event_choices":[{"damage_healed":0,"gold_gain":0,"player_choice":"Donut","damage_taken":0,"max_hp_gain":5,"max_hp_loss":0,"event_name":"Big Fish","floor":2,"gold_loss":0},{"cards_removed":["Strike_R"],"damage_healed":0,"gold_gain":0,"player_choice":"Card Removal","damage_taken":7,"max_hp_gain":0,"max_hp_loss":0,"event_name":"Golden Wing","floor":3,"gold_loss":0},{"damage_healed":0,"gold_gain":175,"player_choice":"AGREE","damage_taken":0,"max_hp_gain":0,"max_hp_loss":0,"event_name":"Liars Game","floor":4,"gold_loss":0,"cards_obtained":["Doubt"]},{"damage_healed":0,"gold_gain":0,"player_choice":"Fought Mushrooms","damage_taken":0,"max_hp_gain":0,"max_hp_loss":0,"event_name":"Mushrooms","floor":10,"gold_loss":0}],"is_beta":false,"boss_relics":[{"not_picked":["Velvet Choker","Philosopher\u0027s Stone"],"picked":"Cursed Key"}],"items_purged_floors":[13],"is_endless":false,"potions_floor_spawned":[6,7,10,14],"killed_by":"Shell Parasite","ascension_level":2}