{"gold_per_floor":[113,113,129,141,154,154,183,201,201,201,201,171],"floor_reached":12,"playtime":379,"items_purged":[],"score":80,"play_id":"486608bd-1f38-4e62-a5b4-6e7fe53c1850","local_time":"20180715220805","is_ascension_mode":false,"campfire_choices":[{"data":"Perfected Strike","floor":6,"key":"SMITH"}],"neow_cost":"NONE","seed_source_timestamp":48247985362875,"circlet_count":0,"master_deck":["Strike_R","Strike_R","Strike_R","Strike_R","Strike_R","Defend_R","Defend_R","Defend_R","Bash","Thunderclap","Perfected Strike+1","Seeing Red","Entrench","Spot Weakness","Flex","Decay"],"relics":["Eternal Feather","Mango","Mercury Hourglass"],"potions_floor_usage":[7],"damage_taken":[{"damage":6,"enemies":"Cultist","floor":1,"turns":3},{"damage":11,"enemies":"Jaw Worm","floor":3,"turns":2},{"damage":9,"enemies":"Small Slimes","floor":4,"turns":3},{"damage":18,"enemies":"Exordium Thugs","floor":5,"turns":4},{"damage":31,"enemies":"Lagavulin","floor":7,"turns":7},{"damage":6,"enemies":"2 Fungi Beasts","floor":8,"turns":2},{"damage":12,"enemies":"Looter","floor":12,"turns":2}],"seed_played":"-4987473017104568153","potions_obtained":[{"floor":5,"key":"AttackPotion"},{"floor":7,"key":"FearPotion"}],"is_trial":false,"path_per_floor":["M","?","M","M","M","R","E","M","T","?","?"],"character_chosen":"IRONCLAD","items_purchased":[],"campfire_rested":0,"item_purchase_floors":[],"current_hp_per_floor":[74,74,63,54,36,40,23,17,17,10,10,0],"gold":171,"neow_bonus":"BOSS_RELIC","is_prod":false,"is_daily":false,"chose_seed":false,"campfire_upgraded":1,"win_rate":0.0,"timestamp":1531663685,"path_taken":["M","?","M","M","M","R","E","M","T","?","?","M"],"build_version":"2018-07-12","purchased_purges":0,"victory":false,"max_hp_per_floor":[80,80,80,80,80,80,94,94,94,94,94,94],"card_choices":[{"not_picked":["Shrug It Off","Clash"],"picked":"Bloodletting","floor":1},{"not_picked":["Heavy Blade","Anger"],"picked":"Perfected Strike","floor":3},{"not_picked":["Body Slam","Second Wind"],"picked":"Seeing Red","floor":4},{"not_picked":["Power Through","Carnage"],"picked":"Entrench","floor":5},{"not_picked":["Iron Wave","Carnage"],"picked":"Spot Weakness","floor":7},{"not_picked":["Iron Wave","Uppercut"],"picked":"Flex","floor":8}],"player_experience":13801,"relics_obtained":[{"floor":7,"key":"Mango"},{"floor":9,"key":"Mercury Hourglass"}],"event_choices":[{"event_name":"Living Wall","player_choice":"Change","floor":2,"damage_taken":0},{"event_name":"Golden Wing","player_choice":"Card Removal","floor":10,"damage_taken":0},{"event_name":"Wheel of Change","player_choice":"Curse","floor":11,"damage_taken":0}],"boss_relics":[],"items_purged_floors":[],"is_endless":false,"potions_floor_spawned":[5,7],"killed_by":"Looter","ascension_level":0}