{"gold_per_floor":[114,129,129,79,4,4,19,19,44,59,59,59,97,116,116,241,241,260,260,260,13,32,32,70,70,120,120,139,177,196,196],"floor_reached":31,"playtime":1475,"items_purged":["Warcry","Injury"],"score":373,"play_id":"5d3792d3-c6bb-4f23-8aad-9cda0440b245","local_time":"20190127210928","daily_mods":["Insanity","ControlledChaos","Elite Swarm"],"is_ascension_mode":false,"campfire_choices":[{"data":"Bloodletting","floor":6,"key":"SMITH"},{"data":"Armaments","floor":8,"key":"SMITH"},{"data":"Armaments","floor":12,"key":"SMITH"},{"data":"Corruption","floor":15,"key":"SMITH"},{"data":"True Grit","floor":23,"key":"SMITH"},{"data":"True Grit","floor":25,"key":"SMITH"},{"data":"Bloodletting","floor":27,"key":"SMITH"}],"neow_cost":"","seed_source_timestamp":0,"circlet_count":0,"master_deck":["Flame Barrier","Entrench","Thunderclap","Pummel","Iron Wave","Anger","Twin Strike","Heavy Blade","Wild Strike","Sever Soul","Power Through","Burning Pact","Pommel Strike","Thunderclap","True Grit+1","Shrug It Off","Armaments+1","Flex","Bloodletting+1","Intimidate","Cleave","Iron Wave","Clothesline","Armaments+1","Twin Strike","Bloodletting+1","Cleave","Reckless Charge","Body Slam","Havoc","Anger","Clothesline","Wild Strike","Battle Trance","Pummel","Heavy Blade","Combust","Corruption+1","Flex","Heavy Blade","Heavy Blade","Clash","Flex","True Grit+1","Entrench","Fire Breathing","Shrug It Off","Flex","Feed","Immolate","Seeing Red","Immolate","Entrench+1","Corruption","Battle Trance","Dark Embrace","Exhume","Shrug It Off"],"special_seed":17923,"relics":["Burning Blood","Frozen Eye","Art of War","Golden Idol","Mummified Hand","Philosopher\u0027s Stone","MutagenicStrength","Dodecahedron","Oddly Smooth Stone","Charon\u0027s Ashes"],"potions_floor_usage":[16,24,28,29,29],"damage_taken":[{"damage":11,"enemies":"Jaw Worm","floor":1,"turns":2},{"damage":4,"enemies":"2 Louse","floor":2,"turns":2},{"damage":0,"enemies":"Small Slimes","floor":7,"turns":3},{"damage":0,"enemies":"2 Fungi Beasts","floor":10,"turns":1},{"damage":19,"enemies":"Lagavulin","floor":13,"turns":6},{"damage":20,"enemies":"Looter","floor":14,"turns":3},{"damage":43,"enemies":"The Guardian","floor":16,"turns":10},{"damage":11,"enemies":"Chosen","floor":18,"turns":3},{"damage":27,"enemies":"Shell Parasite","floor":22,"turns":3},{"damage":26,"enemies":"Gremlin Leader","floor":24,"turns":4},{"damage":15,"enemies":"Chosen and Byrds","floor":28,"turns":4},{"damage":13,"enemies":"Slavers","floor":29,"turns":3},{"damage":16,"enemies":"Snecko","floor":30,"turns":3},{"damage":18,"enemies":"Gremlin Leader","floor":31,"turns":1}],"seed_played":"-4277099179774056171","potions_obtained":[{"floor":1,"key":"Explosive Potion"},{"floor":2,"key":"Block Potion"},{"floor":16,"key":"Dexterity Potion"},{"floor":18,"key":"Strength Potion"},{"floor":24,"key":"Explosive Potion"}],"is_trial":false,"path_per_floor":["M","M","?","?","$","R","M","R","T","M","?","R","E","M","R","B",null,"M","?","?","$","M","R","E","R","T","R","M","E","M","E"],"character_chosen":"IRONCLAD","items_purchased":["Corruption","Battle Trance"],"campfire_rested":0,"item_purchase_floors":[21,21],"current_hp_per_floor":[75,77,70,70,70,70,76,76,76,80,80,80,67,56,56,19,83,78,78,78,78,60,60,40,40,40,40,31,24,14,0],"gold":196,"neow_bonus":"","is_prod":false,"is_daily":true,"chose_seed":false,"campfire_upgraded":7,"win_rate":0,"timestamp":1548594568,"path_taken":["M","M","?","?","$","R","M","R","T","M","?","R","E","M","R","BOSS","M","?","?","$","M","R","E","R","T","R","?","E","M","E"],"build_version":"2019-01-23","purchased_purges":2,"victory":false,"max_hp_per_floor":[80,80,80,80,80,80,80,80,80,80,80,80,80,83,83,83,83,83,83,83,83,86,86,86,86,86,86,86,86,86,86],"card_choices":[{"not_picked":["Iron Wave","Shockwave"],"picked":"Shrug It Off","floor":1},{"not_picked":["Clash","Warcry"],"picked":"Flex","floor":2},{"not_picked":["Clothesline","Iron Wave","Blood for Blood"],"picked":"SKIP","floor":7},{"not_picked":["Anger","Fire Breathing"],"picked":"Feed","floor":10},{"not_picked":["Fiend Fire","Double Tap"],"picked":"Immolate","floor":13},{"not_picked":["Armaments","True Grit"],"picked":"Seeing Red","floor":14},{"not_picked":["Offering","Berserk"],"picked":"Immolate","floor":16},{"not_picked":["Power Through","Searing Blow"],"picked":"Entrench+1","floor":18},{"not_picked":["Reckless Charge","Cleave","Pommel Strike+1"],"picked":"SKIP","floor":22},{"not_picked":["Juggernaut","Berserk"],"picked":"Dark Embrace","floor":24},{"not_picked":["Flame Barrier","Pommel Strike","Sever Soul"],"picked":"SKIP","floor":28},{"not_picked":["Feed","Reaper"],"picked":"Exhume","floor":29},{"not_picked":["Rampage","Seeing Red"],"picked":"Shrug It Off","floor":30}],"player_experience":282596,"relics_obtained":[{"floor":9,"key":"Art of War"},{"floor":13,"key":"Mummified Hand"},{"floor":24,"key":"Dodecahedron"},{"floor":26,"key":"Oddly Smooth Stone"},{"floor":29,"key":"Charon\u0027s Ashes"}],"event_choices":[{"cards_removed":["Warcry"],"damage_healed":0,"gold_gain":0,"player_choice":"Card Removal","damage_taken":7,"max_hp_gain":0,"max_hp_loss":0,"event_name":"Golden Wing","floor":3,"gold_loss":0},{"cards_removed":["Warcry"],"damage_healed":0,"gold_gain":0,"player_choice":"Card Removal","damage_taken":0,"max_hp_gain":0,"max_hp_loss":0,"event_name":"The Cleric","floor":4,"gold_loss":50},{"damage_healed":0,"gold_gain":0,"player_choice":"Take Wound","damage_taken":0,"relics_obtained":["Golden Idol"],"max_hp_gain":0,"max_hp_loss":0,"event_name":"Golden Idol","floor":11,"gold_loss":0,"cards_obtained":["Injury"]},{"cards_removed":["Headbutt"],"damage_healed":0,"gold_gain":0,"player_choice":"Elegance","damage_taken":0,"max_hp_gain":0,"max_hp_loss":0,"event_name":"Back to Basics","floor":19,"gold_loss":0},{"damage_healed":0,"gold_gain":0,"player_choice":"Inject Mutagens","damage_taken":0,"relics_obtained":["MutagenicStrength"],"max_hp_gain":0,"max_hp_loss":0,"event_name":"Drug Dealer","floor":20,"gold_loss":0}],"is_beta":false,"boss_relics":[{"not_picked":["Black Star","Coffee Dripper"],"picked":"Philosopher\u0027s Stone"}],"items_purged_floors":[5,21],"is_endless":false,"potions_floor_spawned":[1,2,16,18,24],"killed_by":"Gremlin Leader","ascension_level":0}