{"gold_per_floor":[368,58,70,87,97,97,132,132,132,167,167,192,192,207,207,302,302,320,235,235,325,19,19,30,30,30,57,57,77,105,15,15,118,118,137,153,453,466,481,481,396,42,42,58,58,158,37,52,52,52],"floor_reached":51,"playtime":4090,"items_purged":["Strike_G","Endless Agony","Quick Slash","Infinite Blades+1","Cloak And Dagger","Dodge and Roll"],"score":868,"play_id":"2b62a5c0-87b0-4fb2-a304-61f1b6ea0f09","local_time":"20190112225155","is_ascension_mode":true,"campfire_choices":[{"data":"Neutralize","floor":6,"key":"SMITH"},{"data":"Deadly Poison","floor":8,"key":"SMITH"},{"floor":13,"key":"REST"},{"data":"Terror","floor":15,"key":"SMITH"},{"data":"Bullet Time","floor":23,"key":"SMITH"},{"data":"Expertise","floor":25,"key":"SMITH"},{"data":"Adrenaline","floor":28,"key":"SMITH"},{"data":"Dash","floor":32,"key":"SMITH"},{"data":"Predator","floor":40,"key":"SMITH"},{"data":"Malaise","floor":45,"key":"SMITH"},{"data":"Catalyst","floor":49,"key":"SMITH"}],"neow_cost":"TEN_PERCENT_HP_LOSS","seed_source_timestamp":44232020297200,"circlet_count":0,"master_deck":["Survivor","Neutralize+1","Backflip","Deadly Poison+1","Deadly Poison","Terror+1","Predator+1","Dash+1","Bullet Time+1","A Thousand Cuts+1","Backflip","Envenom+1","Adrenaline+1","Adrenaline","After Image+1","Choke","Envenom+1","Expertise+1","Dark Shackles","Well Laid Plans+1","Infinite Blades+1","Footwork+1","Bullet Time","Acrobatics+1","Catalyst+1","Malaise+1","Catalyst","Predator+1"],"relics":["Ring of the Snake","DollysMirror","Pantograph","Frozen Egg 2","Mercury Hourglass","NlothsMask","Ornamental Fan","Pandora\u0027s Box","Smiling Mask","Matryoshka","Bottled Lightning","Boot","Happy Flower","Busted Crown","Snake Skull","Mummified Hand","Shuriken","Du-Vu Doll"],"potions_floor_usage":[12,16,33,38,39,50,50],"damage_taken":[{"damage":0,"enemies":"Jaw Worm","floor":1,"turns":5},{"damage":0,"enemies":"Cultist","floor":3,"turns":3},{"damage":3,"enemies":"2 Louse","floor":4,"turns":3},{"damage":2,"enemies":"2 Fungi Beasts","floor":5,"turns":4},{"damage":17,"enemies":"Lagavulin","floor":7,"turns":6},{"damage":0,"enemies":"Gremlin Nob","floor":10,"turns":3},{"damage":10,"enemies":"3 Sentries","floor":12,"turns":6},{"damage":9,"enemies":"Red Slaver","floor":14,"turns":3},{"damage":6,"enemies":"Slime Boss","floor":16,"turns":6},{"damage":0,"enemies":"Shell Parasite","floor":18,"turns":2},{"damage":0,"enemies":"Spheric Guardian","floor":24,"turns":3},{"damage":0,"enemies":"Gremlin Leader","floor":27,"turns":5},{"damage":6,"enemies":"Snake Plant","floor":29,"turns":3},{"damage":0,"enemies":"Book of Stabbing","floor":30,"turns":4},{"damage":0,"enemies":"Collector","floor":33,"turns":6},{"damage":0,"enemies":"3 Shapes","floor":35,"turns":3},{"damage":0,"enemies":"3 Darklings","floor":36,"turns":3},{"damage":7,"enemies":"Jaw Worm Horde","floor":38,"turns":4},{"damage":0,"enemies":"Sphere and 2 Shapes","floor":39,"turns":3},{"damage":0,"enemies":"4 Shapes","floor":44,"turns":2},{"damage":0,"enemies":"Mind Bloom Boss Battle","floor":46,"turns":3},{"damage":11,"enemies":"Jaw Worm Horde","floor":48,"turns":3},{"damage":9,"enemies":"Time Eater","floor":50,"turns":6}],"seed_played":"-2941082045539408572","potions_obtained":[{"floor":5,"key":"SmokeBomb"},{"floor":10,"key":"Block Potion"},{"floor":12,"key":"Dexterity Potion"},{"floor":14,"key":"Swift Potion"},{"floor":18,"key":"SteroidPotion"},{"floor":33,"key":"Weak Potion"},{"floor":35,"key":"PowerPotion"},{"floor":38,"key":"PowerPotion"},{"floor":46,"key":"GhostInAJar"}],"is_trial":false,"path_per_floor":["M","$","M","M","M","R","E","R","T","E","?","E","R","M","R","B",null,"M","?","?","?","$","R","M","R","T","E","R","M","E","$","R","B",null,"M","M","?","M","M","R","$","$","T","M","R","?","$","M","R","B",null],"character_chosen":"THE_SILENT","items_purchased":["Deadly Poison","DollysMirror","Matryoshka","Infinite Blades+1","Catalyst","Malaise","Snake Skull","Catalyst"],"campfire_rested":1,"item_purchase_floors":[2,2,22,31,41,42,42,47],"current_hp_per_floor":[63,63,63,60,58,58,41,41,41,41,41,31,49,40,40,57,63,63,63,63,45,45,45,45,45,45,45,45,39,39,39,39,63,63,63,63,63,56,56,56,56,56,56,56,56,63,63,52,52,54],"gold":52,"neow_bonus":"TWO_FIFTY_GOLD","is_prod":false,"is_daily":false,"chose_seed":false,"campfire_upgraded":10,"win_rate":0,"timestamp":1547304715,"path_taken":["M","$","M","M","M","R","E","R","T","E","?","E","R","?","R","BOSS","M","?","?","?","$","R","M","R","T","E","R","?","E","?","R","BOSS","M","M","?","M","M","R","?","$","T","M","R","?","$","M","R","BOSS"],"build_version":"2019-01-10","purchased_purges":6,"victory":true,"max_hp_per_floor":[63,63,63,63,63,63,63,63,63,63,63,63,63,63,63,63,63,63,63,63,63,63,63,63,63,63,63,63,63,63,63,63,63,63,63,63,63,63,63,63,63,63,63,63,63,63,63,63,63,63],"card_choices":[{"not_picked":["Slice","Outmaneuver"],"picked":"Backflip","floor":1},{"not_picked":["Dagger Spray","Eviscerate"],"picked":"Terror","floor":3},{"not_picked":["Dagger Throw","Sucker Punch"],"picked":"Predator","floor":4},{"not_picked":["Reflex","Masterful Stab"],"picked":"Dash","floor":5},{"not_picked":["Deflect","Underhanded Strike"],"picked":"Bullet Time","floor":7},{"not_picked":["PiercingWail","Tools of the Trade+1"],"picked":"A Thousand Cuts+1","floor":10},{"not_picked":["Dagger Throw","Quick Slash"],"picked":"Dodge and Roll","floor":12},{"not_picked":["Expertise","Infinite Blades+1"],"picked":"Backflip","floor":14},{"not_picked":["Storm of Steel","Corpse Explosion"],"picked":"Envenom+1","floor":16},{"not_picked":["Backflip+1","Flying Knee"],"picked":"Cloak And Dagger","floor":18},{"not_picked":["Deflect+1","Dagger Spray+1"],"picked":"Well Laid Plans+1","floor":24},{"not_picked":["Outmaneuver","Prepared"],"picked":"Infinite Blades+1","floor":27},{"not_picked":["Blur+1","Tactician"],"picked":"Footwork+1","floor":29},{"not_picked":["Dagger Throw","Underhanded Strike","Choke+1"],"picked":"SKIP","floor":30},{"not_picked":["A Thousand Cuts+1","Wraith Form v2+1"],"picked":"Bullet Time","floor":33},{"not_picked":["Endless Agony+1"],"picked":"SKIP","floor":35},{"not_picked":["Prepared"],"picked":"SKIP","floor":36},{"not_picked":["Deadly Poison"],"picked":"SKIP","floor":38},{"not_picked":[],"picked":"Acrobatics+1","floor":39},{"not_picked":["Infinite Blades+1"],"picked":"SKIP","floor":44},{"not_picked":[],"picked":"Predator+1","floor":48}],"player_experience":214352,"relics_obtained":[{"floor":7,"key":"Pantograph"},{"floor":9,"key":"Frozen Egg 2"},{"floor":10,"key":"Mercury Hourglass"},{"floor":12,"key":"Ornamental Fan"},{"floor":26,"key":"Bottled Lightning"},{"floor":27,"key":"Boot"},{"floor":30,"key":"Happy Flower"},{"floor":43,"key":"Mummified Hand"},{"floor":43,"key":"Shuriken"},{"floor":46,"key":"Du-Vu Doll"}],"event_choices":[{"damage_healed":0,"gold_gain":0,"player_choice":"Trade","damage_taken":0,"relics_obtained":["NlothsMask"],"max_hp_gain":0,"max_hp_loss":0,"event_name":"FaceTrader","floor":11,"gold_loss":0},{"damage_healed":0,"gold_gain":0,"player_choice":"Obtained Relic","damage_taken":0,"relics_obtained":["Smiling Mask"],"max_hp_gain":0,"max_hp_loss":0,"event_name":"Addict","floor":19,"gold_loss":85},{"cards_removed":["Setup"],"damage_healed":0,"gold_gain":0,"player_choice":"Elegance","damage_taken":0,"max_hp_gain":0,"max_hp_loss":0,"event_name":"Back to Basics","floor":20,"gold_loss":0},{"damage_healed":0,"gold_gain":90,"player_choice":"CARD GOLD ","damage_taken":18,"max_hp_gain":0,"max_hp_loss":0,"event_name":"Knowing Skull","floor":21,"potions_obtained":[],"gold_loss":0,"cards_obtained":["Dark Shackles"]},{"damage_healed":0,"gold_gain":300,"player_choice":"Gold","damage_taken":0,"max_hp_gain":0,"max_hp_loss":0,"event_name":"Wheel of Change","floor":37,"gold_loss":0},{"damage_healed":0,"gold_gain":0,"player_choice":"Fight","damage_taken":0,"max_hp_gain":0,"max_hp_loss":0,"event_name":"MindBloom","floor":46,"gold_loss":0}],"is_beta":false,"boss_relics":[{"not_picked":["HoveringKite","Runic Pyramid"],"picked":"Pandora\u0027s Box"},{"not_picked":["Calling Bell","Empty Cage"],"picked":"Busted Crown"}],"items_purged_floors":[2,22,31,41,42,47],"is_endless":false,"potions_floor_spawned":[5,10,12,14,18,33,35,38,46],"ascension_level":1}