{"gold_per_floor":[109,109,22,37,37,37,70,90,90,90,119,119,138,58,58,135,135,145,145,159,159,59,85,85,113,139,139,139,139,139,152,152,225,225,244,34,50,50,65,65,92,92,92,92,106,119,153,153,153,153],"floor_reached":51,"playtime":3602,"items_purged":["Shame"],"score":1461,"play_id":"112b4e42-8fcb-43fb-9305-a3eae7bb1776","local_time":"20181231134802","is_ascension_mode":true,"campfire_choices":[{"data":"Defragment","floor":6.0,"key":"SMITH"},{"data":"Zap","floor":10.0,"key":"SMITH"},{"floor":15.0,"key":"REST"},{"floor":24,"key":"REST"},{"data":"Defragment","floor":27,"key":"SMITH"},{"data":"Coolheaded","floor":30,"key":"SMITH"},{"floor":32,"key":"REST"},{"floor":40,"key":"REST"},{"data":"Reboot","floor":42,"key":"SMITH"},{"data":"Creative AI","floor":44,"key":"SMITH"},{"data":"Chill","floor":49,"key":"SMITH"}],"neow_cost":"NONE","seed_source_timestamp":0,"circlet_count":0,"master_deck":["AscendersBane","Strike_B","Strike_B","Defend_B","Defend_B","Defend_B","Defend_B","Zap+1","Dualcast","Steam","Defragment+1","Creative AI+1","Capacitor+1","Defragment+1","Stack","Ball Lightning","Reboot+1","Coolheaded+1","Compile Driver","Glacier","Ball Lightning","Glacier","Core Surge","Go for the Eyes+1","Chill+1"],"special_seed":0,"relics":["Cracked Core","NeowsBlessing","Singing Bowl","Orichalcum","Vajra","Bronze Scales","Orrery","Kunai","Mercury Hourglass","Gambling Chip","Happy Flower","Nuclear Battery","Runic Capacitor","Sundial","DataDisk","Potion Belt"],"potions_floor_usage":[23,38],"damage_taken":[{"damage":0.0,"enemies":"Cultist","floor":1.0,"turns":1.0},{"damage":0.0,"enemies":"Small Slimes","floor":4.0,"turns":1.0},{"damage":0.0,"enemies":"Lagavulin","floor":7.0,"turns":1.0},{"damage":3.0,"enemies":"Jaw Worm","floor":8.0,"turns":6.0},{"damage":22.0,"enemies":"3 Sentries","floor":11.0,"turns":11.0},{"damage":14.0,"enemies":"Exordium Wildlife","floor":13.0,"turns":4.0},{"damage":28.0,"enemies":"Hexaghost","floor":16.0,"turns":9.0},{"damage":0.0,"enemies":"Chosen","floor":18.0,"turns":5.0},{"damage":14.0,"enemies":"Spheric Guardian","floor":20.0,"turns":4.0},{"damage":36,"enemies":"Gremlin Leader","floor":23,"turns":7},{"damage":20,"enemies":"Book of Stabbing","floor":25,"turns":5},{"damage":17,"enemies":"Shelled Parasite and Fungi","floor":31,"turns":6},{"damage":37,"enemies":"Collector","floor":33,"turns":10},{"damage":9,"enemies":"3 Shapes","floor":35,"turns":5},{"damage":28,"enemies":"3 Darklings","floor":37,"turns":5},{"damage":2,"enemies":"Writhing Mass","floor":38,"turns":6},{"damage":0,"enemies":"Maw","floor":39,"turns":9},{"damage":0,"enemies":"Giant Head","floor":41,"turns":11},{"damage":2,"enemies":"Sphere and 2 Shapes","floor":45,"turns":4},{"damage":23,"enemies":"3 Darklings","floor":46,"turns":7},{"damage":0,"enemies":"Nemesis","floor":47,"turns":9},{"damage":5,"enemies":"Donu and Deca","floor":50,"turns":14}],"seed_played":"-8868329758088279332","potions_obtained":[{"floor":1.0,"key":"SmokeBomb"},{"floor":7.0,"key":"SteroidPotion"},{"floor":16.0,"key":"LiquidBronze"},{"floor":31,"key":"FairyPotion"},{"floor":39,"key":"Fire Potion"},{"floor":47,"key":"Strength Potion"}],"is_trial":false,"path_per_floor":["M","T","$","M","?","R","E","M","T","R","E","?","M","$","R","B",null,"M","$","M","?","$","E","R","E","T","R","?","?","R","M","R","B",null,"M","$","M","M","M","R","E","R","T","R","M","M","E","?","R","B",null],"character_chosen":"DEFECT","items_purchased":["Defragment","Stack","Ball Lightning","Ball Lightning","Runic Capacitor"],"campfire_rested":4,"item_purchase_floors":[3,14,14,22,36],"current_hp_per_floor":[64,64,64,66,66,66,68,65,65,65,43,43,31,31,54,26,70,70,70,58,58,58,24,50,30,30,30,30,30,30,15,41,4,68,61,61,35,33,35,63,63,63,63,63,63,42,42,42,42,37],"gold":153,"neow_bonus":"THREE_ENEMY_KILL","is_prod":false,"is_daily":false,"chose_seed":false,"campfire_upgraded":7,"win_rate":0,"timestamp":1546282082,"path_taken":["M","?","$","M","?","R","E","M","T","R","E","?","M","$","R","BOSS","M","$","M","?","$","E","R","E","T","R","?","?","R","M","R","BOSS","M","?","M","M","M","R","E","R","T","R","M","M","E","?","R","BOSS"],"build_version":"2018-12-20","purchased_purges":1,"victory":true,"max_hp_per_floor":[71,71,71,73,73,73,75,75,75,75,75,75,77,77,77,77,83,83,83,85,85,85,87,87,87,87,87,87,87,87,89,89,89,89,91,91,93,93,95,95,95,95,95,95,97,99,99,94,94,94],"card_choices":[{"not_picked":["Lockon","Leap"],"picked":"Steam","floor":1.0},{"not_picked":["Stack","Melter","Go for the Eyes"],"picked":"Singing Bowl","floor":4.0},{"not_picked":["Redo","Turbo","Rebound"],"picked":"Singing Bowl","floor":7.0},{"not_picked":["Tempest","Auto Shields"],"picked":"Capacitor","floor":8.0},{"not_picked":["Creative AI","Conserve Battery"],"picked":"Defragment","floor":11.0},{"not_picked":["Hello World","Reprogram","Cold Snap"],"picked":"Singing Bowl","floor":13.0},{"not_picked":["All For One","Multi-Cast"],"picked":"Reboot","floor":16.0},{"not_picked":["Chill","Leap"],"picked":"Coolheaded","floor":17.0},{"not_picked":["Gash","Barrage","Sunder"],"picked":"Singing Bowl","floor":17.0},{"not_picked":["Ball Lightning","Stack","White Noise"],"picked":"Singing Bowl","floor":17.0},{"not_picked":["Steam Power","Rip and Tear","Capacitor"],"picked":"Singing Bowl","floor":17.0},{"not_picked":["Lockon","Leap"],"picked":"Compile Driver","floor":17.0},{"not_picked":["Barrage","Cold Snap"],"picked":"Glacier","floor":18.0},{"not_picked":["Stack","Compile Driver","Turbo+1"],"picked":"Singing Bowl","floor":20.0},{"not_picked":["Hologram","Darkness","Go for the Eyes"],"picked":"Singing Bowl","floor":23},{"not_picked":["Redo","Force Field"],"picked":"Glacier","floor":25},{"not_picked":["Doom and Gloom","Ball Lightning","Streamline"],"picked":"Singing Bowl","floor":31},{"not_picked":["Thunder Strike","Biased Cognition"],"picked":"Core Surge","floor":33},{"not_picked":["Go for the Eyes","Coolheaded","Ball Lightning"],"picked":"Singing Bowl","floor":35},{"not_picked":["Lockon+1","Coolheaded+1","Steam"],"picked":"Singing Bowl","floor":37},{"not_picked":["Melter","Reinforced Body","Ball Lightning"],"picked":"Singing Bowl","floor":39},{"not_picked":["Leap+1","Streamline"],"picked":"Go for the Eyes+1","floor":41},{"not_picked":["Skim","Rebound","Conserve Battery"],"picked":"Singing Bowl","floor":45},{"not_picked":["Conserve Battery","Go for the Eyes","Hologram+1"],"picked":"Singing Bowl","floor":46},{"not_picked":["Go for the Eyes+1","Core Surge"],"picked":"Chill","floor":47}],"player_experience":884349,"relics_obtained":[{"floor":2.0,"key":"Singing Bowl"},{"floor":7.0,"key":"Orichalcum"},{"floor":9.0,"key":"Vajra"},{"floor":11.0,"key":"Bronze Scales"},{"floor":23,"key":"Mercury Hourglass"},{"floor":25,"key":"Gambling Chip"},{"floor":26,"key":"Happy Flower"},{"floor":41,"key":"Sundial"},{"floor":43,"key":"DataDisk"},{"floor":47,"key":"Potion Belt"}],"event_choices":[{"damage_healed":0.0,"max_hp_gain":0.0,"max_hp_loss":0.0,"gold_gain":0.0,"cards_transformed":["Strike_B"],"event_name":"Living Wall","player_choice":"Change","floor":5.0,"gold_loss":0.0,"damage_taken":0.0,"cards_obtained":["Creative AI"]},{"cards_removed":["Strike_B"],"damage_healed":0.0,"max_hp_gain":0.0,"max_hp_loss":0.0,"gold_gain":0.0,"event_name":"Bonfire Elementals","player_choice":"Offered Basic","floor":12.0,"gold_loss":0.0,"damage_taken":0.0},{"damage_healed":0.0,"max_hp_gain":0.0,"max_hp_loss":0.0,"gold_gain":0.0,"event_name":"Addict","player_choice":"Stole Relic","floor":21.0,"gold_loss":0.0,"damage_taken":0.0,"relics_obtained":["Kunai"],"cards_obtained":["Shame"]},{"damage_healed":0,"gold_gain":0,"player_choice":"Ignored","damage_taken":0,"max_hp_gain":0,"max_hp_loss":0,"event_name":"Vampires","floor":28,"gold_loss":0},{"damage_healed":0,"gold_gain":0,"player_choice":"Upgraded","damage_taken":0,"max_hp_gain":0,"max_hp_loss":0,"event_name":"Upgrade Shrine","floor":29,"gold_loss":0,"cards_upgraded":["Capacitor"]},{"damage_healed":0,"gold_gain":0,"player_choice":"Max HP","damage_taken":0,"max_hp_gain":0,"max_hp_loss":5,"event_name":"Winding Halls","floor":48,"gold_loss":0}],"is_beta":false,"boss_relics":[{"not_picked":["Velvet Choker","Empty Cage"],"picked":"Orrery"},{"not_picked":["Philosopher\u0027s Stone","Lizard Tail"],"picked":"Nuclear Battery"}],"items_purged_floors":[22],"is_endless":false,"potions_floor_spawned":[1,7,11,16,18,20,31,33,39,41,46,47],"ascension_level":17}