{"gold_per_floor":[114,114,114,129,144,144,174,174,199,199,214,244,259,9,9,109,109,124,124,24,54,69,69],"floor_reached":23,"playtime":1859,"items_purged":["Bash"],"score":219,"play_id":"d8b5245c-b336-46fd-9210-6a86305bb78c","local_time":"20190111101646","daily_mods":["Chimera","ControlledChaos","DeadlyEvents"],"is_ascension_mode":false,"campfire_choices":[{"data":"Aggregate","floor":6.0,"key":"SMITH"},{"data":"Turbo","floor":8.0,"key":"SMITH"},{"data":"Zap","floor":10.0,"key":"SMITH"},{"data":"Survivor","floor":15,"key":"SMITH"}],"neow_cost":"","seed_source_timestamp":0,"circlet_count":0,"master_deck":["Survivor+1","Zap+1","Strike_G","Strike_B","Defend_R","Defend_G","Defend_B","Aggregate+1","Turbo+1","Hologram","Stack","Double Energy","Hologram+1"],"special_seed":17907,"relics":["Cracked Core","Frozen Eye","FossilizedHelix","Orichalcum","Gremlin Horn","Matryoshka","Inserter","Omamori","Ornamental Fan"],"potions_floor_usage":[16],"damage_taken":[{"damage":1.0,"enemies":"Jaw Worm","floor":1.0,"turns":4.0},{"damage":5.0,"enemies":"Small Slimes","floor":4.0,"turns":3.0},{"damage":0.0,"enemies":"Cultist","floor":5.0,"turns":4.0},{"damage":10.0,"enemies":"Gremlin Nob","floor":7.0,"turns":3.0},{"damage":0,"enemies":"Blue Slaver","floor":11,"turns":3},{"damage":12,"enemies":"Lagavulin","floor":12,"turns":8},{"damage":0,"enemies":"Red Slaver","floor":13,"turns":4},{"damage":14,"enemies":"Hexaghost","floor":16,"turns":9},{"damage":10,"enemies":"Spheric Guardian","floor":18,"turns":4},{"damage":46,"enemies":"Book of Stabbing","floor":21,"turns":6},{"damage":9,"enemies":"3 Byrds","floor":22,"turns":5},{"damage":13,"enemies":"Slavers","floor":23,"turns":1}],"seed_played":"3536575198636057260","potions_obtained":[{"floor":1.0,"key":"Poison Potion"},{"floor":3.0,"key":"FearPotion"},{"floor":3.0,"key":"Weak Potion"},{"floor":3.0,"key":"Fire Potion"},{"floor":7.0,"key":"SteroidPotion"},{"floor":12,"key":"SpeedPotion"},{"floor":22,"key":"LiquidBronze"}],"is_trial":false,"path_per_floor":["M","?","?","M","M","R","E","R","T","R","M","E","M","$","R","B",null,"M","?","$","E","M","E"],"character_chosen":"DEFECT","items_purchased":["Matryoshka","Stack"],"campfire_rested":0,"item_purchase_floors":[14,20],"current_hp_per_floor":[74,67,67,62,62,62,52,52,52,52,52,40,40,40,40,26,75,65,65,65,19,10,0],"gold":69,"neow_bonus":"","is_prod":false,"is_daily":true,"chose_seed":false,"campfire_upgraded":4,"win_rate":0,"timestamp":1547173006,"path_taken":["M","?","?","M","M","R","E","R","T","R","M","?","M","$","R","BOSS","M","?","$","?","?","E"],"build_version":"2019-01-10","purchased_purges":1,"victory":false,"max_hp_per_floor":[75,75,75,75,75,75,75,75,75,75,75,75,75,75,75,75,75,75,75,75,75,75,75],"card_choices":[{"not_picked":["Reprogram","Leap","Defragment"],"picked":"SKIP","floor":1.0},{"not_picked":["Streamline","Gash"],"picked":"Aggregate","floor":4.0},{"not_picked":["Conserve Battery","Leap"],"picked":"Turbo","floor":5.0},{"not_picked":["Capacitor","Melter","Doom and Gloom"],"picked":"SKIP","floor":7.0},{"not_picked":["Sweeping Beam","Stack","Barrage"],"picked":"SKIP","floor":11},{"not_picked":["Scrape","Barrage","Electrodynamics"],"picked":"SKIP","floor":12},{"not_picked":["Coolheaded","Redo","BootSequence"],"picked":"SKIP","floor":13},{"not_picked":["Melter","Ball Lightning+1"],"picked":"Hologram","floor":18},{"not_picked":["Heatsinks","Core Surge"],"picked":"Double Energy","floor":21},{"not_picked":["Stack","Go for the Eyes"],"picked":"Hologram+1","floor":22}],"player_experience":183232,"relics_obtained":[{"floor":7.0,"key":"FossilizedHelix"},{"floor":9.0,"key":"Orichalcum"},{"floor":12,"key":"Gremlin Horn"},{"floor":21,"key":"Ornamental Fan"}],"event_choices":[{"cards_removed":["Strike_R"],"damage_healed":0.0,"max_hp_gain":0.0,"max_hp_loss":0.0,"gold_gain":0.0,"event_name":"Golden Wing","player_choice":"Card Removal","floor":2.0,"gold_loss":0.0,"damage_taken":7.0},{"damage_healed":0.0,"max_hp_gain":0.0,"max_hp_loss":0.0,"gold_gain":0.0,"event_name":"Lab","player_choice":"Got Potions","floor":3.0,"gold_loss":0.0,"damage_taken":0.0},{"damage_healed":0,"gold_gain":0,"player_choice":"Gave Potion","damage_taken":0,"relics_obtained":["Omamori"],"max_hp_gain":0,"max_hp_loss":0,"event_name":"WeMeetAgain","floor":19,"gold_loss":0}],"is_beta":false,"boss_relics":[{"not_picked":["Empty Cage","FrozenCore"],"picked":"Inserter"}],"items_purged_floors":[20],"is_endless":false,"potions_floor_spawned":[1,7,12,22],"killed_by":"Slavers","ascension_level":0}