{"gold_per_floor":[109,124,49,63,138,164,164,181,208,208,220,240,240,251,251,251],"floor_reached":16,"playtime":589,"items_purged":["Strike_B"],"score":104,"play_id":"5ab29dad-ee2d-48ba-8790-4cb69a540ef1","local_time":"20190116115137","is_ascension_mode":false,"campfire_choices":[{"data":"Zap","floor":7,"key":"SMITH"},{"data":"Dualcast","floor":10,"key":"SMITH"},{"floor":15,"key":"REST"}],"neow_cost":"NONE","seed_source_timestamp":8664407001699,"circlet_count":0,"master_deck":["Strike_B","Strike_B","Strike_B","Defend_B","Defend_B","Defend_B","Defend_B","Zap+1","Dualcast+1","Go for the Eyes","Turbo+1","White Noise","White Noise","Compile Driver","Seek","Steam Power"],"relics":["Cracked Core","PreservedInsect","Smiling Mask","Art of War"],"potions_floor_usage":[8,16,16,16],"damage_taken":[{"damage":0,"enemies":"Cultist","floor":1,"turns":3},{"damage":0,"enemies":"Small Slimes","floor":2,"turns":2},{"damage":1,"enemies":"2 Louse","floor":4,"turns":2},{"damage":15,"enemies":"Lagavulin","floor":6,"turns":7},{"damage":0,"enemies":"Lots of Slimes","floor":8,"turns":2},{"damage":11,"enemies":"Red Slaver","floor":11,"turns":4},{"damage":9,"enemies":"Exordium Thugs","floor":12,"turns":4},{"damage":4,"enemies":"Blue Slaver","floor":14,"turns":4},{"damage":47,"enemies":"Hexaghost","floor":16,"turns":11}],"seed_played":"-1791560801008131643","potions_obtained":[{"floor":6,"key":"Explosive Potion"},{"floor":11,"key":"SkillPotion"},{"floor":12,"key":"Fire Potion"},{"floor":14,"key":"SkillPotion"}],"is_trial":false,"path_per_floor":["M","M","$","M","?","E","R","M","T","R","M","M","?","M","R","B"],"character_chosen":"DEFECT","items_purchased":[],"campfire_rested":1,"item_purchase_floors":[],"current_hp_per_floor":[75,75,75,74,63,48,48,48,48,48,37,28,28,24,46,0],"gold":251,"neow_bonus":"RANDOM_COMMON_RELIC","is_prod":false,"is_daily":false,"chose_seed":false,"campfire_upgraded":2,"win_rate":0,"timestamp":1547610697,"path_taken":["M","?","$","M","?","E","R","M","T","R","M","M","?","?","R","BOSS"],"build_version":"2019-01-10","purchased_purges":1,"victory":false,"max_hp_per_floor":[75,75,75,75,75,75,75,75,75,75,75,75,75,75,75,75],"card_choices":[{"not_picked":["Skim","Lockon"],"picked":"Go for the Eyes","floor":1},{"not_picked":["Streamline","Beam Cell"],"picked":"Turbo","floor":2},{"not_picked":["Lockon","Self Repair"],"picked":"White Noise","floor":4},{"not_picked":["Blizzard","Barrage"],"picked":"White Noise","floor":6},{"not_picked":["Rebound","Redo","Force Field"],"picked":"SKIP","floor":8},{"not_picked":["Leap","Rip and Tear"],"picked":"Compile Driver","floor":11},{"not_picked":["Cold Snap","Fusion"],"picked":"Seek","floor":12},{"not_picked":["Aggregate","Redo"],"picked":"Steam Power","floor":14}],"player_experience":254395,"relics_obtained":[{"floor":6,"key":"Smiling Mask"},{"floor":9,"key":"Art of War"}],"event_choices":[{"damage_healed":0,"gold_gain":75,"player_choice":"Gather Gold","damage_taken":11,"max_hp_gain":0,"max_hp_loss":0,"event_name":"World of Goop","floor":5,"gold_loss":0},{"damage_healed":0,"gold_gain":0,"player_choice":"Upgraded","damage_taken":0,"max_hp_gain":0,"max_hp_loss":0,"event_name":"Upgrade Shrine","floor":13,"gold_loss":0,"cards_upgraded":["Turbo"]}],"is_beta":false,"boss_relics":[],"items_purged_floors":[3],"is_endless":false,"potions_floor_spawned":[6,11,12,14],"killed_by":"Hexaghost","ascension_level":0}