{"gold_per_floor":[10,27,27,41,17,17,46,46,46,46,61,91,91,122,122,227,227,238,257,5,5,16,16,51,62,114,145,157,35,35,35,35,132,132,152,162,47,61,80,80,111,111,138,172,72,72,8,18,18,18],"floor_reached":50,"playtime":4125,"items_purged":["Regret","Strike_G","Parasite"],"score":755,"play_id":"a6e39aa5-2997-4ba7-b9cb-02bd77922cdf","local_time":"20190112214304","is_ascension_mode":true,"campfire_choices":[{"data":"Neutralize","floor":6,"key":"SMITH"},{"data":"Cloak And Dagger","floor":8,"key":"SMITH"},{"data":"Cloak And Dagger","floor":10,"key":"SMITH"},{"data":"Footwork","floor":15,"key":"SMITH"},{"data":"A Thousand Cuts","floor":23,"key":"SMITH"},{"data":"Cloak And Dagger","floor":30,"key":"SMITH"},{"data":"Dodge and Roll","floor":32,"key":"SMITH"},{"data":"PiercingWail","floor":40,"key":"SMITH"},{"data":"Cloak And Dagger","floor":42,"key":"SMITH"},{"floor":46,"key":"REST"},{"data":"Infinite Blades","floor":49,"key":"SMITH"}],"neow_cost":"NO_GOLD","seed_source_timestamp":40074178694700,"circlet_count":0,"master_deck":["Defend_G","Defend_G","Defend_G","Defend_G","Defend_G","Strike_G","Strike_G","Survivor","Neutralize+1","Dodge and Roll+1","Backstab","Well Laid Plans","Cloak And Dagger+1","Cloak And Dagger+1","Acrobatics","Footwork+1","A Thousand Cuts+1","Distraction+1","Acrobatics","Cloak And Dagger+1","PiercingWail+1","Escape Plan+1","Cloak And Dagger+1","Infinite Blades+1"],"relics":["Ring of the Snake","Mercury Hourglass","The Courier","Odd Mushroom","Singing Bowl","Busted Crown","Ninja Scroll","Nloth\u0027s Gift","Turnip","PreservedInsect","Tingsha","WristBlade","Lantern","Sundial","Regal Pillow","Bronze Scales"],"potions_floor_usage":[7,12,16,27,33,33,36,44,44,44,50,50],"damage_taken":[{"damage":3,"enemies":"Cultist","floor":1,"turns":5},{"damage":10,"enemies":"2 Louse","floor":2,"turns":3},{"damage":0,"enemies":"Small Slimes","floor":4,"turns":6},{"damage":4,"enemies":"3 Sentries","floor":7,"turns":8},{"damage":2,"enemies":"Looter","floor":11,"turns":3},{"damage":8,"enemies":"The Mushroom Lair","floor":12,"turns":3},{"damage":1,"enemies":"Lagavulin","floor":14,"turns":9},{"damage":9,"enemies":"The Guardian","floor":16,"turns":16},{"damage":2,"enemies":"3 Byrds","floor":18,"turns":5},{"damage":2,"enemies":"Shell Parasite","floor":19,"turns":6},{"damage":10,"enemies":"Snecko","floor":22,"turns":5},{"damage":21,"enemies":"Slavers","floor":24,"turns":3},{"damage":0,"enemies":"3 Cultists","floor":25,"turns":4},{"damage":3,"enemies":"Gremlin Leader","floor":27,"turns":4},{"damage":0,"enemies":"Centurion and Healer","floor":28,"turns":5},{"damage":4,"enemies":"Collector","floor":33,"turns":6},{"damage":0,"enemies":"Orb Walker","floor":35,"turns":3},{"damage":5,"enemies":"3 Shapes","floor":36,"turns":3},{"damage":18,"enemies":"Writhing Mass","floor":38,"turns":5},{"damage":0,"enemies":"Maw","floor":39,"turns":7},{"damage":12,"enemies":"Nemesis","floor":41,"turns":5},{"damage":0,"enemies":"Giant Head","floor":44,"turns":6},{"damage":0,"enemies":"3 Darklings","floor":48,"turns":3},{"damage":102,"enemies":"Time Eater","floor":50,"turns":10}],"seed_played":"3083760691605104862","potions_obtained":[{"floor":1,"key":"PowerPotion"},{"floor":11,"key":"SkillPotion"},{"floor":12,"key":"EssenceOfSteel"},{"floor":16,"key":"GamblersBrew"},{"floor":19,"key":"GamblersBrew"},{"floor":24,"key":"Block Potion"},{"floor":25,"key":"AttackPotion"},{"floor":28,"key":"Poison Potion"},{"floor":33,"key":"Poison Potion"},{"floor":35,"key":"AttackPotion"},{"floor":41,"key":"Poison Potion"},{"floor":44,"key":"Fruit Juice"},{"floor":48,"key":"Weak Potion"}],"is_trial":false,"path_per_floor":["M","M","$","M","$","R","E","R","T","R","M","?","?","E","R","B",null,"M","M","$","?","M","R","E","M","T","E","M","$","R","?","R","B",null,"M","M","$","M","M","R","E","R","T","E","$","R","$","M","R","B"],"character_chosen":"THE_SILENT","items_purchased":["Cloak And Dagger","Ninja Scroll","Cloak And Dagger","Lantern","Infinite Blades"],"campfire_rested":1,"item_purchase_floors":[5,20,29,37,47],"current_hp_per_floor":[67,57,57,57,57,57,53,53,53,53,51,43,49,50,50,41,78,76,76,76,76,68,68,47,49,49,48,50,50,50,50,50,48,90,92,89,89,71,71,71,59,59,59,66,66,98,98,100,100,0],"gold":18,"neow_bonus":"REMOVE_TWO","is_prod":false,"is_daily":false,"chose_seed":false,"campfire_upgraded":10,"win_rate":0,"timestamp":1547300584,"path_taken":["M","M","?","M","$","R","E","R","T","R","?","?","?","E","R","BOSS","M","M","$","?","M","R","E","M","T","E","?","$","R","?","R","BOSS","M","M","$","M","M","R","E","R","T","E","$","R","?","M","R","BOSS"],"build_version":"2019-01-10","purchased_purges":3,"victory":false,"max_hp_per_floor":[70,70,70,70,70,70,70,70,70,70,70,70,76,78,78,78,78,78,80,80,80,82,82,82,84,84,86,88,88,88,88,88,90,90,92,94,94,94,94,94,94,94,94,101,98,98,98,100,100,100],"card_choices":[{"not_picked":["Blade Dance","Poisoned Stab"],"picked":"Dodge and Roll","floor":1},{"not_picked":["Dagger Spray","Outmaneuver"],"picked":"Backstab","floor":2},{"not_picked":["Underhanded Strike","Infinite Blades"],"picked":"Well Laid Plans","floor":4},{"not_picked":["Deflect","Dagger Throw"],"picked":"Cloak And Dagger","floor":7},{"not_picked":["Dodge and Roll","Slice"],"picked":"Acrobatics","floor":11},{"not_picked":["Slice","Die Die Die"],"picked":"Footwork","floor":12},{"not_picked":["Quick Slash","Poisoned Stab","Concentrate"],"picked":"Singing Bowl","floor":14},{"not_picked":["Bullet Time","Die Die Die"],"picked":"A Thousand Cuts","floor":16},{"not_picked":[],"picked":"Distraction","floor":18},{"not_picked":["Catalyst"],"picked":"Singing Bowl","floor":19},{"not_picked":["Underhanded Strike"],"picked":"Singing Bowl","floor":22},{"not_picked":[],"picked":"Acrobatics","floor":24},{"not_picked":["Outmaneuver"],"picked":"Singing Bowl","floor":25},{"not_picked":["Slice"],"picked":"Singing Bowl","floor":27},{"not_picked":["Prepared"],"picked":"Singing Bowl","floor":28},{"not_picked":["Storm of Steel"],"picked":"Singing Bowl","floor":33},{"not_picked":["Dodge and Roll+1"],"picked":"Singing Bowl","floor":35},{"not_picked":["Flechettes+1"],"picked":"Singing Bowl","floor":36},{"not_picked":[],"picked":"PiercingWail","floor":38},{"not_picked":[],"picked":"Escape Plan+1","floor":39},{"not_picked":[],"picked":"Cloak And Dagger","floor":41},{"not_picked":["Prepared+1"],"picked":"Singing Bowl","floor":44},{"not_picked":["Dagger Throw+1"],"picked":"Singing Bowl","floor":48}],"player_experience":210227,"relics_obtained":[{"floor":7,"key":"Mercury Hourglass"},{"floor":9,"key":"The Courier"},{"floor":12,"key":"Odd Mushroom"},{"floor":14,"key":"Singing Bowl"},{"floor":24,"key":"Turnip"},{"floor":26,"key":"PreservedInsect"},{"floor":27,"key":"Tingsha"},{"floor":41,"key":"Sundial"},{"floor":43,"key":"Regal Pillow"},{"floor":44,"key":"Bronze Scales"}],"event_choices":[{"damage_healed":0,"gold_gain":0,"player_choice":"Fought Mushrooms","damage_taken":0,"max_hp_gain":0,"max_hp_loss":0,"event_name":"Mushrooms","floor":12,"gold_loss":0},{"damage_healed":0,"gold_gain":0,"player_choice":"Box","damage_taken":0,"relics_obtained":["Darkstone Periapt"],"max_hp_gain":0,"max_hp_loss":0,"event_name":"Big Fish","floor":13,"gold_loss":0,"cards_obtained":["Regret"]},{"damage_healed":0,"gold_gain":0,"player_choice":"Traded Relic","damage_taken":0,"relics_obtained":["Nloth\u0027s Gift"],"max_hp_gain":0,"max_hp_loss":0,"event_name":"N\u0027loth","floor":21,"relics_lost":["Darkstone Periapt"],"gold_loss":0},{"damage_healed":0,"gold_gain":0,"player_choice":"Upgraded","damage_taken":0,"max_hp_gain":0,"max_hp_loss":0,"event_name":"Upgrade Shrine","floor":31,"gold_loss":0,"cards_upgraded":["Distraction"]}],"is_beta":false,"boss_relics":[{"not_picked":["White Beast Statue","Snecko Eye"],"picked":"Busted Crown"},{"not_picked":["Runic Dome","Ring of the Serpent"],"picked":"WristBlade"}],"items_purged_floors":[20,29,45],"is_endless":false,"potions_floor_spawned":[1,11,12,16,19,24,25,28,33,35,41,44,48],"killed_by":"Time Eater","ascension_level":1}