{"gold_per_floor":[119,119,10,23,34,34,63,63,88,104,104,29,29,43,43,148,148,148,21,21,21,21,21,21,21,21,21,21,21,21,21,21,21,21,21,21,21,21,21,21,21,21,21,21,21,21],"floor_reached":46,"playtime":2940,"items_purged":["Strike_R","Strike_R"],"score":488,"play_id":"f1e5c27f-10dd-4ca0-aa9b-89505af5b203","local_time":"20181019174557","is_ascension_mode":false,"campfire_choices":[{"data":"Inflame","floor":6,"key":"SMITH"},{"data":"True Grit","floor":8,"key":"SMITH"},{"data":"Heavy Blade","floor":11,"key":"SMITH"},{"data":"Whirlwind","floor":15,"key":"SMITH"},{"data":"True Grit","floor":23,"key":"SMITH"},{"data":"Demon Form","floor":25,"key":"SMITH"},{"data":"Shockwave","floor":28,"key":"SMITH"},{"data":"Rampage","floor":32,"key":"SMITH"},{"floor":40,"key":"REST"}],"neow_cost":"NONE","seed_source_timestamp":25172135928300,"circlet_count":0,"master_deck":["Strike_R","Defend_R","Defend_R","Defend_R","Defend_R","Bash","Uppercut","Rampage+1","Inflame+1","Shockwave+1","Twin Strike","True Grit+1","Heavy Blade+1","Whirlwind+1","Demon Form+1","Heavy Blade+1","True Grit+1","Body Slam+1","Impervious","Bandage Up","Madness","Finesse","Evolve","Reaper"],"relics":["Burning Blood","Potion Belt","Bag of Preparation","Strawberry","Ectoplasm","Omamori","Anchor","Nunchaku","Mark of Pain","Ice Cream","Centennial Puzzle","Juzu Bracelet"],"potions_floor_usage":[21,21,24,33,33,42,45],"damage_taken":[{"damage":12,"enemies":"Cultist","floor":1,"turns":5},{"damage":0,"enemies":"Small Slimes","floor":4,"turns":3},{"damage":5,"enemies":"2 Louse","floor":5,"turns":3},{"damage":24,"enemies":"Gremlin Nob","floor":7,"turns":4},{"damage":7,"enemies":"Looter","floor":10,"turns":3},{"damage":8,"enemies":"3 Louse","floor":14,"turns":4},{"damage":19,"enemies":"Slime Boss","floor":16,"turns":8},{"damage":3,"enemies":"3 Byrds","floor":18,"turns":3},{"damage":23,"enemies":"Spheric Guardian","floor":21,"turns":4},{"damage":19,"enemies":"Snake Plant","floor":22,"turns":4},{"damage":0,"enemies":"Gremlin Leader","floor":24,"turns":4},{"damage":0,"enemies":"3 Cultists","floor":31,"turns":2},{"damage":19,"enemies":"Champ","floor":33,"turns":6},{"damage":15,"enemies":"3 Darklings","floor":35,"turns":4},{"damage":15,"enemies":"Mind Bloom Boss Battle","floor":37,"turns":6},{"damage":15,"enemies":"3 Shapes","floor":39,"turns":2},{"damage":19,"enemies":"3 Darklings","floor":42,"turns":3},{"damage":26,"enemies":"Sphere and 2 Shapes","floor":44,"turns":3},{"damage":49,"enemies":"Writhing Mass","floor":45,"turns":5},{"damage":34,"enemies":"4 Shapes","floor":46,"turns":3}],"seed_played":"2439866157142007134","potions_obtained":[{"floor":1,"key":"Energy Potion"},{"floor":4,"key":"PowerPotion"},{"floor":16,"key":"AttackPotion"},{"floor":18,"key":"Energy Potion"},{"floor":21,"key":"AttackPotion"},{"floor":35,"key":"Dexterity Potion"},{"floor":39,"key":"SkillPotion"},{"floor":44,"key":"SkillPotion"}],"is_trial":false,"path_per_floor":["M","?","$","M","M","R","E","R","T","M","R","$","?","M","R","B",null,"M","$","?","M","M","R","E","R","T","$","R","?","T","M","R","B",null,"M","?","?","T","M","R","$","M","T","M","M"],"character_chosen":"IRONCLAD","items_purchased":["Rampage","Inflame","True Grit"],"campfire_rested":1,"item_purchase_floors":[3,3,19],"current_hp_per_floor":[74,74,74,80,80,80,62,62,69,68,68,68,61,59,59,46,87,87,87,87,70,57,57,63,63,63,63,63,63,63,69,69,56,87,78,68,63,63,54,80,80,71,71,51,19,0],"gold":21,"neow_bonus":"RANDOM_COMMON_RELIC","is_prod":false,"is_daily":false,"chose_seed":false,"campfire_upgraded":8,"win_rate":0,"timestamp":1539942357,"path_taken":["M","?","$","M","M","R","E","R","T","M","R","?","?","M","R","BOSS","M","$","?","M","?","R","E","R","T","$","R","?","?","M","R","BOSS","M","?","?","?","M","R","?","M","T","M","M","M"],"build_version":"2018-10-18","purchased_purges":2,"victory":false,"max_hp_per_floor":[80,80,80,80,80,80,80,80,87,87,87,87,87,87,87,87,87,87,87,87,87,87,87,87,87,87,87,87,87,87,87,87,87,87,87,87,87,87,87,87,87,87,87,87,87,87],"card_choices":[{"not_picked":["Feel No Pain","Second Wind"],"picked":"Uppercut","floor":1},{"not_picked":["Infernal Blade","Seeing Red"],"picked":"Shockwave","floor":4},{"not_picked":["Sword Boomerang","Wild Strike"],"picked":"Twin Strike","floor":5},{"not_picked":["Fire Breathing","Perfected Strike"],"picked":"True Grit","floor":7},{"not_picked":["Feed","True Grit"],"picked":"Heavy Blade","floor":10},{"not_picked":["Wild Strike","Shrug It Off"],"picked":"Whirlwind","floor":14},{"not_picked":["Feed","Immolate"],"picked":"Demon Form","floor":16},{"not_picked":["Armaments","Power Through"],"picked":"Heavy Blade","floor":18},{"not_picked":["Headbutt+1","Cleave","Clash"],"picked":"SKIP","floor":21},{"not_picked":["Bloodletting","Metallicize","Anger"],"picked":"SKIP","floor":22},{"not_picked":["Thunderclap","Rage","Feed"],"picked":"SKIP","floor":24},{"not_picked":["Shockwave","Perfected Strike"],"picked":"Body Slam+1","floor":31},{"not_picked":["Berserk","Dark Embrace"],"picked":"Impervious","floor":33},{"not_picked":["Anger+1","Burning Pact+1","Perfected Strike+1"],"picked":"SKIP","floor":35},{"not_picked":["Finesse","Panacea"],"picked":"Bandage Up","floor":36},{"not_picked":["Magnetism","PanicButton"],"picked":"Madness","floor":36},{"not_picked":["Impatience","Sadistic Nature"],"picked":"Finesse","floor":36},{"not_picked":["Flex","Headbutt+1","Sever Soul"],"picked":"SKIP","floor":39},{"not_picked":["Warcry","Sword Boomerang+1"],"picked":"Evolve","floor":42},{"not_picked":["Flex+1","Headbutt+1"],"picked":"Reaper","floor":44},{"not_picked":["Sword Boomerang+1","Iron Wave","Warcry"],"picked":"SKIP","floor":45}],"player_experience":46912,"relics_obtained":[{"floor":7,"key":"Bag of Preparation"},{"floor":9,"key":"Strawberry"},{"floor":24,"key":"Omamori"},{"floor":26,"key":"Anchor"},{"floor":30,"key":"Nunchaku"},{"floor":37,"key":"Ice Cream"},{"floor":38,"key":"Centennial Puzzle"},{"floor":43,"key":"Juzu Bracelet"}],"event_choices":[{"cards_removed":["Strike_R"],"damage_healed":0,"gold_gain":0,"player_choice":"Purged","damage_taken":0,"max_hp_gain":0,"max_hp_loss":0,"event_name":"Purifier","floor":2,"gold_loss":0},{"cards_removed":["Strike_R"],"damage_healed":0,"gold_gain":0,"player_choice":"Card Removal","damage_taken":7,"max_hp_gain":0,"max_hp_loss":0,"event_name":"Golden Wing","floor":13,"gold_loss":0},{"damage_healed":0,"gold_gain":0,"player_choice":"Ignored","damage_taken":0,"max_hp_gain":0,"max_hp_loss":0,"event_name":"Ghosts","floor":20,"gold_loss":0},{"damage_healed":0,"gold_gain":0,"player_choice":"Forge","damage_taken":0,"max_hp_gain":0,"max_hp_loss":0,"event_name":"Accursed Blacksmith","floor":29,"gold_loss":0,"cards_upgraded":["Heavy Blade"]},{"damage_healed":0,"gold_gain":0,"player_choice":"Memory 3","damage_taken":10,"max_hp_gain":0,"max_hp_loss":0,"event_name":"SensoryStone","floor":36,"gold_loss":0},{"damage_healed":0,"gold_gain":0,"player_choice":"Fight","damage_taken":0,"max_hp_gain":0,"max_hp_loss":0,"event_name":"MindBloom","floor":37,"gold_loss":0}],"is_beta":false,"boss_relics":[{"not_picked":["Busted Crown","Runic Cube"],"picked":"Ectoplasm"},{"not_picked":["Eternal Feather","Black Star"],"picked":"Mark of Pain"}],"items_purged_floors":[12,19],"is_endless":false,"potions_floor_spawned":[1,4,16,18,21,35,39,44],"killed_by":"4 Shapes","ascension_level":0}