{"gold_per_floor":[112,112,30,43,61,95,95,61,61,93,113,127,127,157,157,157],"floor_reached":16,"playtime":804,"items_purged":[],"score":144,"play_id":"a7937b00-a44b-49f3-b2b6-6dd6e1ed5585","local_time":"20190205175522","is_ascension_mode":true,"campfire_choices":[{"floor":7,"key":"RECALL"},{"floor":15,"key":"REST"}],"neow_cost":"NONE","seed_source_timestamp":364076060795606,"circlet_count":0,"master_deck":["Strike_R","Strike_R","Strike_R","Strike_R","Defend_R","Defend_R","Defend_R","Defend_R","Bash","Flame Barrier","True Grit","Entrench","Clothesline","Inflame","Body Slam","Evolve","Inflame","Spot Weakness","Barricade"],"relics":["Burning Blood","NeowsBlessing","Bag of Preparation","Blue Candle","Anchor","Boot"],"potions_floor_usage":[6,10,14,14],"damage_taken":[{"damage":0,"enemies":"2 Louse","floor":1,"turns":1},{"damage":0,"enemies":"Jaw Worm","floor":4,"turns":1},{"damage":0,"enemies":"Cultist","floor":5,"turns":1},{"damage":38,"enemies":"Lagavulin","floor":6,"turns":5},{"damage":36,"enemies":"3 Sentries","floor":10,"turns":9},{"damage":6,"enemies":"3 Louse","floor":11,"turns":4},{"damage":3,"enemies":"Looter","floor":12,"turns":4},{"damage":16,"enemies":"Gremlin Nob","floor":14,"turns":4},{"damage":35,"enemies":"Hexaghost","floor":16,"turns":14}],"seed_played":"-3026460889564647316","potions_obtained":[{"floor":1,"key":"Poison Potion"},{"floor":5,"key":"Explosive Potion"},{"floor":11,"key":"Block Potion"},{"floor":12,"key":"Poison Potion"}],"is_trial":false,"path_per_floor":["M","?","$","M","M","E","R","$","T","E","M","M","T","E","R","B"],"character_chosen":"IRONCLAD","items_purchased":["True Grit","Entrench","Evolve"],"campfire_rested":1,"item_purchase_floors":[3,3,8],"current_hp_per_floor":[80,73,73,79,80,48,48,48,48,18,18,21,21,11,35,0],"gold":157,"neow_bonus":"THREE_ENEMY_KILL","is_prod":false,"is_daily":false,"chose_seed":false,"campfire_upgraded":0,"win_rate":0,"timestamp":1549385722,"path_taken":["M","?","?","M","M","E","R","$","T","E","M","?","?","E","R","BOSS"],"build_version":"2019-01-23","purchased_purges":0,"victory":false,"max_hp_per_floor":[80,80,80,80,80,80,80,80,80,80,80,80,80,80,80,80],"card_choices":[{"not_picked":["Twin Strike","Heavy Blade"],"picked":"Flame Barrier","floor":1},{"not_picked":["Heavy Blade","Perfected Strike"],"picked":"Clothesline","floor":4},{"not_picked":["Rage","Sentinel"],"picked":"Inflame","floor":5},{"not_picked":["Corruption","Battle Trance"],"picked":"Body Slam","floor":6},{"not_picked":["Heavy Blade","Sever Soul"],"picked":"Inflame","floor":10},{"not_picked":["Headbutt","Clothesline"],"picked":"Spot Weakness","floor":11},{"not_picked":["Seeing Red","Sentinel","Sever Soul"],"picked":"SKIP","floor":12},{"not_picked":["Clothesline","Warcry"],"picked":"Barricade","floor":14}],"player_experience":569828,"relics_obtained":[{"floor":6,"key":"Bag of Preparation"},{"floor":9,"key":"Blue Candle"},{"floor":10,"key":"Anchor"},{"floor":14,"key":"Boot"}],"event_choices":[{"cards_removed":["Strike_R"],"damage_healed":0,"gold_gain":0,"player_choice":"Card Removal","damage_taken":7,"max_hp_gain":0,"max_hp_loss":0,"event_name":"Golden Wing","floor":2,"gold_loss":0}],"is_beta":false,"boss_relics":[],"items_purged_floors":[],"is_endless":false,"potions_floor_spawned":[1,5,11,12],"killed_by":"Hexaghost","ascension_level":4}