{"gold_per_floor":[118,118,118,133,133,133,157,157,157,181,234,52,82],"floor_reached":13,"playtime":2505,"items_purged":[],"score":102,"play_id":"90832dfa-2840-40b5-92f1-4dcb7faf12c0","local_time":"20181126173451","is_ascension_mode":true,"campfire_choices":[{"data":"Conserve Battery","floor":6,"key":"SMITH"},{"data":"Hologram","floor":8,"key":"SMITH"}],"neow_cost":"NONE","seed_source_timestamp":2782554591640618,"circlet_count":0,"master_deck":["Strike_B","Strike_B","Strike_B","Strike_B","Defend_B","Defend_B","Defend_B","Defend_B","Zap+1","Dualcast","Amplify","Conserve Battery+1","Barrage","Hologram+1","Hello World","Magnetism"],"relics":["Cracked Core","Golden Idol","Darkstone Periapt","Mummified Hand","DataDisk"],"potions_floor_usage":[],"damage_taken":[{"damage":3,"enemies":"2 Louse","floor":1,"turns":3},{"damage":7,"enemies":"Jaw Worm","floor":4,"turns":4},{"damage":7,"enemies":"Small Slimes","floor":7,"turns":3},{"damage":14,"enemies":"3 Louse","floor":10,"turns":3},{"damage":28,"enemies":"Gremlin Nob","floor":13,"turns":3}],"seed_played":"8751254538885296422","potions_obtained":[{"floor":1,"key":"Weak Potion"}],"is_trial":false,"path_per_floor":["M","?","?","M","?","R","M","R","T","M","T","$","?"],"character_chosen":"DEFECT","items_purchased":["Magnetism"],"campfire_rested":0,"item_purchase_floors":[12],"current_hp_per_floor":[65,47,47,40,33,33,26,26,26,12,12,12,0],"gold":82,"neow_bonus":"ONE_RANDOM_RARE_CARD","is_prod":false,"is_daily":false,"chose_seed":false,"campfire_upgraded":2,"win_rate":0,"timestamp":1543271691,"path_taken":["M","?","?","M","?","R","M","R","T","M","?","$","?"],"build_version":"2018-11-15","purchased_purges":0,"victory":false,"max_hp_per_floor":[75,75,75,75,75,75,75,75,75,75,75,75,75],"card_choices":[{"not_picked":["Capacitor","Steam"],"picked":"Conserve Battery","floor":1},{"not_picked":["Leap","Sweeping Beam"],"picked":"Barrage","floor":4},{"not_picked":["Rip and Tear","Consume"],"picked":"Hologram","floor":7},{"not_picked":["Force Field","Turbo"],"picked":"Hello World","floor":10}],"player_experience":554890,"relics_obtained":[{"floor":9,"key":"Mummified Hand"},{"floor":11,"key":"DataDisk"}],"event_choices":[{"damage_healed":0,"gold_gain":0,"player_choice":"Take Damage","damage_taken":18,"relics_obtained":["Golden Idol"],"max_hp_gain":0,"max_hp_loss":0,"event_name":"Golden Idol","floor":2,"gold_loss":0},{"damage_healed":0,"gold_gain":0,"player_choice":"Grow","damage_taken":0,"max_hp_gain":0,"max_hp_loss":0,"event_name":"Living Wall","floor":3,"gold_loss":0,"cards_upgraded":["Zap"]},{"damage_healed":0,"gold_gain":0,"player_choice":"Success","damage_taken":7,"relics_obtained":["Darkstone Periapt"],"max_hp_gain":0,"max_hp_loss":0,"event_name":"Scrap Ooze","floor":5,"gold_loss":0},{"damage_healed":0,"gold_gain":30,"player_choice":"Searched \u00273\u0027 times","damage_taken":0,"max_hp_gain":0,"max_hp_loss":0,"event_name":"Dead Adventurer","floor":13,"gold_loss":0}],"is_beta":false,"boss_relics":[],"items_purged_floors":[],"is_endless":false,"potions_floor_spawned":[1],"killed_by":"Gremlin Nob","ascension_level":8}