{"gold_per_floor":[369,385,385,187,87,100,132,132,132,144,144,174,191,225,225,330,330,344,294,304,304,304,331,2,36,36,36,46,63,63,98,98,202,202,212,223,235,7,7,32,50,78,78,91,91,104,135,145,145,145],"floor_reached":51,"playtime":2834,"items_purged":["Strike_B","Strike_B","Defend_B","Defend_B"],"score":871,"play_id":"c6af0ba8-cf5c-4589-83b6-42a8755020c0","local_time":"20190206174118","is_ascension_mode":true,"campfire_choices":[{"data":"Defragment","floor":11.0,"key":"SMITH"},{"floor":15.0,"key":"REST"},{"data":"Electrodynamics","floor":30.0,"key":"SMITH"},{"floor":32.0,"key":"REST"},{"floor":49,"key":"REST"}],"neow_cost":"TEN_PERCENT_HP_LOSS","seed_source_timestamp":0,"circlet_count":0,"master_deck":["Defend_B","Zap","Dualcast","Static Discharge","Coolheaded+1","Gash","Defragment+1","Stack","Electrodynamics+1","Capacitor","Beam Cell","Self Repair","Core Surge","Chaos+1","Sunder+1","Capacitor+1","Go for the Eyes","Heatsinks","Conserve Battery+1","Leap","Conserve Battery+1","Gash+1","Gash","Machine Learning","Echo Form","BootSequence+1","Self Repair","FTL","Defragment","Consume+1","Chill","Consume","Enlightenment","Discovery","Barrage+1","Conserve Battery+1","Cold Snap+1"],"special_seed":0,"relics":["Cracked Core","Pocketwatch","Ice Cream","Meat on the Bone","Incense Burner","Dodecahedron","Astrolabe","Letter Opener","Vajra","Bottled Tornado","Pear","Omamori","Inserter","Mercury Hourglass","Bag of Preparation","Molten Egg 2","Ancient Tea Set"],"potions_floor_usage":[48,50],"damage_taken":[{"damage":0.0,"enemies":"Cultist","floor":1.0,"turns":2.0},{"damage":0.0,"enemies":"2 Louse","floor":2.0,"turns":3.0},{"damage":6.0,"enemies":"Jaw Worm","floor":6.0,"turns":3.0},{"damage":33.0,"enemies":"Gremlin Nob","floor":7.0,"turns":5.0},{"damage":0.0,"enemies":"Large Slime","floor":10.0,"turns":3.0},{"damage":8.0,"enemies":"Exordium Wildlife","floor":13.0,"turns":2.0},{"damage":6.0,"enemies":"Lagavulin","floor":14.0,"turns":5.0},{"damage":23.0,"enemies":"Slime Boss","floor":16.0,"turns":7.0},{"damage":4.0,"enemies":"Spheric Guardian","floor":18.0,"turns":4.0},{"damage":23.0,"enemies":"3 Byrds","floor":20.0,"turns":5.0},{"damage":17.0,"enemies":"Gremlin Leader","floor":23.0,"turns":5.0},{"damage":8.0,"enemies":"Book of Stabbing","floor":25.0,"turns":6.0},{"damage":3.0,"enemies":"Shelled Parasite and Fungi","floor":28.0,"turns":5.0},{"damage":1.0,"enemies":"Snake Plant","floor":29.0,"turns":4.0},{"damage":27.0,"enemies":"Slavers","floor":31.0,"turns":4.0},{"damage":40.0,"enemies":"Collector","floor":33.0,"turns":7.0},{"damage":17.0,"enemies":"3 Darklings","floor":35.0,"turns":5.0},{"damage":0.0,"enemies":"3 Shapes","floor":36.0,"turns":4.0},{"damage":37.0,"enemies":"Spire Growth","floor":37.0,"turns":5.0},{"damage":32.0,"enemies":"Reptomancer","floor":40.0,"turns":6.0},{"damage":11.0,"enemies":"Jaw Worm Horde","floor":41.0,"turns":2.0},{"damage":0.0,"enemies":"Nemesis","floor":42.0,"turns":9.0},{"damage":9.0,"enemies":"Writhing Mass","floor":44.0,"turns":6.0},{"damage":1.0,"enemies":"Transient","floor":46.0,"turns":5.0},{"damage":20.0,"enemies":"Giant Head","floor":47.0,"turns":8.0},{"damage":8,"enemies":"3 Darklings","floor":48,"turns":2},{"damage":8,"enemies":"Donu and Deca","floor":50,"turns":6}],"seed_played":"-1492506705029692725","potions_obtained":[{"floor":1.0,"key":"FocusPotion"},{"floor":13.0,"key":"Strength Potion"},{"floor":18.0,"key":"Strength Potion"},{"floor":28.0,"key":"SmokeBomb"},{"floor":31.0,"key":"SteroidPotion"},{"floor":33.0,"key":"Explosive Potion"},{"floor":36.0,"key":"Swift Potion"},{"floor":37.0,"key":"SpeedPotion"},{"floor":42.0,"key":"Fire Potion"},{"floor":46.0,"key":"PowerPotion"},{"floor":47.0,"key":"FocusPotion"},{"floor":48,"key":"FearPotion"}],"is_trial":false,"path_per_floor":["M","M","?","$","$","M","E","T","T","M","R","?","M","E","R","B",null,"M","?","M","?","?","E","$","E","T","$","M","M","R","E","R","B",null,"M","M","M","$","?","E","M","E","T","M","?","M","E","M","R","B",null],"character_chosen":"DEFECT","items_purchased":["Gash","Defragment","Vajra","Leap","FTL"],"campfire_rested":3,"item_purchase_floors":[4,4,24,24,38],"current_hp_per_floor":[68,68,68,68,68,62,29,29,29,41,41,41,45,39,59,36,68,68,68,52,40,64,54,54,53,63,63,67,73,73,53,77,49,83,73,80,50,50,50,44,45,66,66,71,66,79,73,65,83,75],"gold":145,"neow_bonus":"TWO_FIFTY_GOLD","is_prod":false,"is_daily":false,"chose_seed":false,"campfire_upgraded":2,"win_rate":0,"timestamp":1549496478,"path_taken":["M","?","?","?","$","M","E","?","T","M","R","?","M","E","R","BOSS","M","?","?","?","?","E","$","E","T","?","M","M","R","E","R","BOSS","M","M","M","$","?","E","M","E","T","?","?","M","E","M","R","BOSS"],"build_version":"2019-01-23","purchased_purges":4,"victory":true,"max_hp_per_floor":[68,68,68,68,68,68,68,68,68,68,68,68,68,68,68,68,68,68,68,68,73,73,73,73,73,83,83,83,83,83,83,83,83,83,83,83,83,83,83,83,83,83,83,83,83,83,83,83,83,83],"card_choices":[{"not_picked":["Double Energy","Beam Cell"],"picked":"Static Discharge","floor":1.0},{"not_picked":["Barrage","Go for the Eyes"],"picked":"Coolheaded","floor":2.0},{"not_picked":["Rebound","Fusion"],"picked":"Stack","floor":6.0},{"not_picked":["Blizzard","Static Discharge"],"picked":"Electrodynamics","floor":7.0},{"not_picked":["Fusion","Streamline"],"picked":"Capacitor","floor":10.0},{"not_picked":["Barrage","Doom and Gloom"],"picked":"Beam Cell","floor":13.0},{"not_picked":["Auto Shields","Doom and Gloom"],"picked":"Self Repair","floor":14.0},{"not_picked":["Hyperbeam","Fission"],"picked":"Core Surge","floor":16.0},{"not_picked":["Stack","Barrage"],"picked":"Go for the Eyes","floor":18.0},{"not_picked":["Stack","Self Repair"],"picked":"Heatsinks","floor":20.0},{"not_picked":["Storm","Reinforced Body+1"],"picked":"Conserve Battery+1","floor":23.0},{"not_picked":["Beam Cell+1","Seek"],"picked":"Conserve Battery+1","floor":25.0},{"not_picked":["Hologram+1","Compile Driver"],"picked":"Gash+1","floor":28.0},{"not_picked":["Redo","Hologram"],"picked":"Gash","floor":29.0},{"not_picked":["Sunder","Force Field"],"picked":"Machine Learning","floor":31.0},{"not_picked":["Machine Learning","Core Surge"],"picked":"Echo Form","floor":33.0},{"not_picked":["Turbo+1","Redo+1"],"picked":"BootSequence+1","floor":35.0},{"not_picked":["BootSequence","Tempest","Beam Cell"],"picked":"SKIP","floor":36.0},{"not_picked":["Static Discharge+1","Coolheaded"],"picked":"Self Repair","floor":37.0},{"not_picked":["Hello World","Recycle+1"],"picked":"Defragment","floor":40.0},{"not_picked":["Beam Cell+1","Undo"],"picked":"Consume+1","floor":41.0},{"not_picked":["Reboot","Compile Driver+1"],"picked":"Chill","floor":42.0},{"not_picked":["Compile Driver+1","Capacitor"],"picked":"Consume","floor":44.0},{"not_picked":["Swift Strike+1","Dramatic Entrance+1"],"picked":"Enlightenment","floor":45.0},{"not_picked":["Impatience","PanicButton"],"picked":"Discovery","floor":45.0},{"not_picked":["Force Field","Auto Shields"],"picked":"Barrage+1","floor":46.0},{"not_picked":["Turbo+1","Rainbow"],"picked":"Conserve Battery+1","floor":47.0},{"not_picked":["Recycle+1","Darkness+1"],"picked":"Cold Snap+1","floor":48}],"player_experience":117328,"relics_obtained":[{"floor":7.0,"key":"Pocketwatch"},{"floor":8.0,"key":"Ice Cream"},{"floor":9.0,"key":"Meat on the Bone"},{"floor":14.0,"key":"Dodecahedron"},{"floor":23.0,"key":"Letter Opener"},{"floor":25.0,"key":"Bottled Tornado"},{"floor":26.0,"key":"Pear"},{"floor":31.0,"key":"Omamori"},{"floor":40.0,"key":"Mercury Hourglass"},{"floor":42.0,"key":"Bag of Preparation"},{"floor":43.0,"key":"Molten Egg 2"},{"floor":47.0,"key":"Ancient Tea Set"}],"event_choices":[{"damage_healed":0.0,"max_hp_gain":0.0,"max_hp_loss":0.0,"gold_gain":0.0,"event_name":"Upgrade Shrine","player_choice":"Upgraded","floor":3.0,"gold_loss":0.0,"damage_taken":0.0,"cards_upgraded":["Coolheaded"]},{"damage_healed":0.0,"max_hp_gain":0.0,"max_hp_loss":0.0,"gold_gain":30.0,"event_name":"Dead Adventurer","player_choice":"Searched \u00273\u0027 times","floor":12.0,"gold_loss":0.0,"damage_taken":0.0,"relics_obtained":["Incense Burner"]},{"damage_healed":0.0,"max_hp_gain":0.0,"max_hp_loss":0.0,"gold_gain":0.0,"event_name":"The Joust","player_choice":"Bet on Murderer","floor":19.0,"gold_loss":50.0,"damage_taken":0.0},{"damage_healed":0.0,"max_hp_gain":5.0,"max_hp_loss":0.0,"gold_gain":0.0,"event_name":"Forgotten Altar","player_choice":"Shed Blood","floor":21.0,"gold_loss":0.0,"damage_taken":17.0},{"damage_healed":24.0,"max_hp_gain":0.0,"max_hp_loss":0.0,"gold_gain":0.0,"event_name":"The Library","player_choice":"Heal","floor":22.0,"gold_loss":0.0,"damage_taken":0.0},{"damage_healed":0.0,"max_hp_gain":0.0,"max_hp_loss":0.0,"gold_gain":0.0,"event_name":"SecretPortal","player_choice":"Ignored","floor":39.0,"gold_loss":0.0,"damage_taken":0.0},{"damage_healed":0.0,"max_hp_gain":0.0,"max_hp_loss":0.0,"gold_gain":0.0,"event_name":"SensoryStone","player_choice":"Memory 2","floor":45.0,"gold_loss":0.0,"damage_taken":5.0}],"is_beta":false,"boss_relics":[{"not_picked":["Philosopher\u0027s Stone","Pandora\u0027s Box"],"picked":"Astrolabe"},{"not_picked":["Empty Cage","Tiny House"],"picked":"Inserter"}],"items_purged_floors":[4,5,24,38],"is_endless":false,"potions_floor_spawned":[1,13,18,28,31,33,36,37,42,46,47,48],"ascension_level":1}