{"gold_per_floor":[114,62,80,80,80,114,114,141,141,141,161,171,203,220,220,220],"floor_reached":16,"playtime":1230,"items_purged":[],"score":174,"play_id":"9282f7e6-0877-40c8-bcb4-5e540e1a8816","local_time":"20190205225727","is_ascension_mode":true,"campfire_choices":[{"floor":7,"key":"RECALL"},{"floor":10,"key":"REST"},{"floor":15,"key":"REST"}],"neow_cost":"NONE","seed_source_timestamp":381776053912433,"circlet_count":0,"master_deck":["Defend_G","Defend_G","Defend_G","Defend_G","Defend_G","Strike_G","Strike_G","Strike_G","Survivor","Neutralize","Backflip","Dodge and Roll","Accuracy","Sucker Punch","Malaise","All Out Attack","Quick Slash","Wraith Form v2","Dagger Throw"],"relics":["Ring of the Snake","NeowsBlessing","Thread and Needle","Nunchaku","Art of War","Mango","Letter Opener"],"potions_floor_usage":[13,16,16,16],"damage_taken":[{"damage":0,"enemies":"Cultist","floor":1,"turns":1},{"damage":0,"enemies":"Jaw Worm","floor":3,"turns":1},{"damage":0,"enemies":"Gremlin Nob","floor":6,"turns":1},{"damage":63,"enemies":"3 Sentries","floor":8,"turns":26},{"damage":0,"enemies":"2 Louse","floor":11,"turns":4},{"damage":12,"enemies":"Lots of Slimes","floor":12,"turns":4},{"damage":20,"enemies":"Lagavulin","floor":13,"turns":13},{"damage":8,"enemies":"Exordium Wildlife","floor":14,"turns":6},{"damage":32,"enemies":"Slime Boss","floor":16,"turns":11}],"seed_played":"-5659621654235081440","potions_obtained":[{"floor":3,"key":"SpeedPotion"},{"floor":12,"key":"GhostInAJar"},{"floor":13,"key":"Block Potion"},{"floor":14,"key":"Explosive Potion"}],"is_trial":false,"path_per_floor":["M","?","M","?","?","E","R","E","T","R","M","M","E","M","R","B"],"character_chosen":"THE_SILENT","items_purchased":[],"campfire_rested":2,"item_purchase_floors":[],"current_hp_per_floor":[70,70,70,70,70,70,70,7,21,46,46,34,14,6,31,0],"gold":220,"neow_bonus":"THREE_ENEMY_KILL","is_prod":false,"is_daily":false,"chose_seed":false,"campfire_upgraded":0,"win_rate":0,"timestamp":1549403847,"path_taken":["M","?","?","?","?","E","R","E","T","R","?","M","E","M","R","BOSS"],"build_version":"2019-01-23","purchased_purges":0,"victory":false,"max_hp_per_floor":[70,70,70,70,70,70,70,70,84,84,84,84,84,84,84,84],"card_choices":[{"not_picked":["Finisher","Bane"],"picked":"Backflip","floor":1},{"not_picked":["Outmaneuver","Finisher"],"picked":"Dodge and Roll","floor":3},{"not_picked":["Slice","Flying Knee"],"picked":"Sucker Punch","floor":6},{"not_picked":["Outmaneuver","Deflect"],"picked":"Malaise","floor":8},{"not_picked":["Masterful Stab","Dagger Throw"],"picked":"All Out Attack","floor":11},{"not_picked":["Bane","Flying Knee"],"picked":"Quick Slash","floor":12},{"not_picked":["Dodge and Roll","Outmaneuver"],"picked":"Wraith Form v2","floor":13},{"not_picked":["Underhanded Strike","Dodge and Roll"],"picked":"Dagger Throw","floor":14}],"player_experience":575366,"relics_obtained":[{"floor":6,"key":"Nunchaku"},{"floor":8,"key":"Art of War"},{"floor":9,"key":"Mango"},{"floor":13,"key":"Letter Opener"}],"event_choices":[{"damage_healed":0,"gold_gain":0,"player_choice":"Paid Gold","damage_taken":0,"relics_obtained":["Thread and Needle"],"max_hp_gain":0,"max_hp_loss":0,"event_name":"WeMeetAgain","floor":2,"gold_loss":52},{"damage_healed":0,"gold_gain":0,"cards_transformed":["Strike_G"],"player_choice":"Change","damage_taken":0,"max_hp_gain":0,"max_hp_loss":0,"event_name":"Living Wall","floor":4,"gold_loss":0,"cards_obtained":["Accuracy"]},{"cards_removed":["Strike_G"],"damage_healed":0,"gold_gain":0,"player_choice":"Purged","damage_taken":0,"max_hp_gain":0,"max_hp_loss":0,"event_name":"Purifier","floor":5,"gold_loss":0}],"is_beta":false,"boss_relics":[],"items_purged_floors":[],"is_endless":false,"potions_floor_spawned":[3,12,13,14],"killed_by":"Slime Boss","ascension_level":4}