{"gold_per_floor":[114,133,233,252,270,270,301,301,350,381,393,424,436,448,460,472],"floor_reached":16,"playtime":776,"items_purged":[],"score":107,"play_id":"8a75c6cb-d4da-4447-9cd6-347f92f32a91","local_time":"20190112164211","is_ascension_mode":true,"campfire_choices":[{"data":"Blade Dance","floor":6,"key":"SMITH"},{"data":"Accuracy","floor":8,"key":"SMITH"},{"floor":11,"key":"REST"},{"data":"Storm of Steel","floor":13,"key":"SMITH"},{"data":"Neutralize","floor":15,"key":"SMITH"}],"neow_cost":"NONE","seed_source_timestamp":52246620837119,"circlet_count":0,"master_deck":["Defend_G","Defend_G","Defend_G","Defend_G","Defend_G","Strike_G","Strike_G","Strike_G","Strike_G","Strike_G","Survivor","Neutralize+1","Storm of Steel+1","Dagger Spray","Blade Dance+1","Quick Slash","PiercingWail","Accuracy+1","Backstab"],"relics":["Ring of the Snake","Mummified Hand","MawBank"],"potions_floor_usage":[7,16],"damage_taken":[{"damage":1,"enemies":"Jaw Worm","floor":1,"turns":6},{"damage":1,"enemies":"Cultist","floor":2,"turns":4},{"damage":2,"enemies":"2 Louse","floor":4,"turns":2},{"damage":3,"enemies":"Lots of Slimes","floor":5,"turns":2},{"damage":30,"enemies":"Lagavulin","floor":7,"turns":8},{"damage":0,"enemies":"Red Slaver","floor":10,"turns":3},{"damage":6,"enemies":"Blue Slaver","floor":12,"turns":3},{"damage":53,"enemies":"Hexaghost","floor":16,"turns":11}],"seed_played":"4292714576048886139","potions_obtained":[{"floor":1,"key":"SkillPotion"},{"floor":7,"key":"FearPotion"},{"floor":12,"key":"Explosive Potion"}],"is_trial":false,"path_per_floor":["M","M","?","M","M","R","E","R","T","M","R","M","R","?","R","B"],"character_chosen":"THE_SILENT","items_purchased":[],"campfire_rested":1,"item_purchase_floors":[],"current_hp_per_floor":[69,68,68,66,63,63,33,33,33,33,54,48,48,48,48,0],"gold":472,"neow_bonus":"ONE_RANDOM_RARE_CARD","is_prod":false,"is_daily":false,"chose_seed":false,"campfire_upgraded":4,"win_rate":0,"timestamp":1547278931,"path_taken":["M","M","?","M","M","R","E","R","T","?","R","M","R","?","R","BOSS"],"build_version":"2019-01-10","purchased_purges":0,"victory":false,"max_hp_per_floor":[70,70,70,70,70,70,70,70,70,70,70,70,70,70,70,70],"card_choices":[{"not_picked":["Prepared","Underhanded Strike"],"picked":"Dagger Spray","floor":1},{"not_picked":["Dagger Throw","After Image"],"picked":"Blade Dance","floor":2},{"not_picked":["Prepared","Bouncing Flask"],"picked":"Quick Slash","floor":4},{"not_picked":["Footwork","Acrobatics"],"picked":"PiercingWail","floor":5},{"not_picked":["Crippling Poison","Dagger Spray"],"picked":"Accuracy","floor":7},{"not_picked":["Concentrate","Slice","Outmaneuver"],"picked":"SKIP","floor":10},{"not_picked":["Tactician","Outmaneuver"],"picked":"Backstab","floor":12}],"player_experience":124750,"relics_obtained":[{"floor":7,"key":"Mummified Hand"},{"floor":9,"key":"MawBank"}],"event_choices":[{"damage_healed":0,"gold_gain":100,"player_choice":"Pray","damage_taken":0,"max_hp_gain":0,"max_hp_loss":0,"event_name":"Golden Shrine","floor":3,"gold_loss":0},{"damage_healed":0,"gold_gain":0,"player_choice":"Ignored","damage_taken":0,"max_hp_gain":0,"max_hp_loss":0,"event_name":"Liars Game","floor":14,"gold_loss":0}],"is_beta":false,"boss_relics":[],"items_purged_floors":[],"is_endless":false,"potions_floor_spawned":[1,7,12],"killed_by":"Hexaghost","ascension_level":1}