{"gold_per_floor":[109,123,134,144,154,154,164,62,116,116,116,126,145,157,157,254,254,269,449,128,140,157,157,190,203,203,203,203,203,220,220,220,220],"floor_reached":33,"playtime":2195,"items_purged":["Strike_B","Strike_B"],"score":342,"play_id":"f5dceb43-09be-4b62-b818-f4a24ff61a84","local_time":"20181122113116","is_ascension_mode":true,"campfire_choices":[{"data":"Zap","floor":6,"key":"SMITH"},{"data":"Zap","floor":11,"key":"SMITH"},{"floor":15,"key":"REST"},{"floor":23,"key":"REST"},{"floor":27,"key":"REST"},{"floor":32,"key":"REST"}],"neow_cost":"NONE","seed_source_timestamp":2616733618961714,"circlet_count":0,"master_deck":["Strike_B","Strike_B","Defend_B","Defend_B","Defend_B","Defend_B","Zap+1","Dualcast","Sweeping Beam","Conserve Battery","Cold Snap","Capacitor","Loop","Auto Shields","Coolheaded","Zap+1","White Noise","Barrage","Coolheaded","Fusion","Meteor Strike","Leap","Static Discharge","Leap","Coolheaded+1","Go for the Eyes"],"relics":["Cracked Core","Bag of Preparation","Sozu","DataDisk","Boot","Unceasing Top"],"potions_floor_usage":[13,22,25],"damage_taken":[{"damage":7,"enemies":"Small Slimes","floor":1,"turns":3},{"damage":1,"enemies":"Cultist","floor":2,"turns":4},{"damage":7,"enemies":"2 Louse","floor":3,"turns":2},{"damage":0,"enemies":"Large Slime","floor":4,"turns":7},{"damage":2,"enemies":"2 Fungi Beasts","floor":5,"turns":3},{"damage":10,"enemies":"3 Louse","floor":7,"turns":2},{"damage":4,"enemies":"Red Slaver","floor":12,"turns":4},{"damage":4,"enemies":"Blue Slaver","floor":13,"turns":5},{"damage":7,"enemies":"Lots of Slimes","floor":14,"turns":3},{"damage":24,"enemies":"The Guardian","floor":16,"turns":13},{"damage":7,"enemies":"Chosen","floor":18,"turns":6},{"damage":15,"enemies":"Shell Parasite","floor":21,"turns":7},{"damage":15,"enemies":"Snecko","floor":22,"turns":8},{"damage":13,"enemies":"Book of Stabbing","floor":24,"turns":7},{"damage":16,"enemies":"3 Cultists","floor":25,"turns":6},{"damage":9,"enemies":"Colosseum Slavers","floor":28,"turns":3},{"damage":13,"enemies":"Centurion and Healer","floor":30,"turns":13},{"damage":42,"enemies":"Collector","floor":33,"turns":5}],"seed_played":"7166822789769586428","potions_obtained":[{"floor":2,"key":"Block Potion"},{"floor":4,"key":"SpeedPotion"},{"floor":5,"key":"FairyPotion"},{"floor":14,"key":"Poison Potion"}],"is_trial":false,"path_per_floor":["M","M","M","M","M","R","M","$","T","?","R","M","M","M","R","B",null,"M","?","$","M","M","R","E","M","T","R","?","?","M","?","R","B"],"character_chosen":"DEFECT","items_purchased":["Coolheaded","DataDisk","Static Discharge"],"campfire_rested":4,"item_purchase_floors":[8,20,20],"current_hp_per_floor":[68,67,60,60,58,58,48,48,48,48,48,44,40,33,57,33,70,63,39,39,24,9,33,20,4,4,28,19,19,6,5,29,0],"gold":220,"neow_bonus":"TEN_PERCENT_HP_BONUS","is_prod":false,"is_daily":false,"chose_seed":false,"campfire_upgraded":2,"win_rate":0,"timestamp":1542904276,"path_taken":["M","M","M","M","M","R","M","$","T","?","R","M","?","M","R","BOSS","M","?","$","?","M","R","E","M","T","R","?","?","M","?","R","BOSS"],"build_version":"2018-11-15","purchased_purges":2,"victory":false,"max_hp_per_floor":[82,82,82,82,82,82,82,82,82,82,82,82,82,82,82,82,82,82,82,82,82,82,82,82,82,82,82,82,82,82,82,82,82],"card_choices":[{"not_picked":["Compile Driver","Redo"],"picked":"Sweeping Beam","floor":1},{"not_picked":["Sweeping Beam","Ball Lightning"],"picked":"Conserve Battery","floor":2},{"not_picked":["Rip and Tear","Leap"],"picked":"Cold Snap","floor":3},{"not_picked":["Coolheaded","Redo"],"picked":"Capacitor","floor":4},{"not_picked":["Meteor Strike","Darkness"],"picked":"Loop","floor":5},{"not_picked":["Gash","Turbo"],"picked":"Auto Shields","floor":7},{"not_picked":["Tempest","Rip and Tear"],"picked":"Barrage","floor":12},{"not_picked":["Leap","Rip and Tear"],"picked":"Coolheaded","floor":13},{"not_picked":["Force Field","Go for the Eyes"],"picked":"Fusion","floor":14},{"not_picked":["Buffer","Hyperbeam"],"picked":"Meteor Strike","floor":16},{"not_picked":["Barrage","BootSequence"],"picked":"Leap","floor":18},{"not_picked":["Streamline+1","Rip and Tear+1","Gash+1"],"picked":"SKIP","floor":21},{"not_picked":["Double Energy","Static Discharge"],"picked":"Leap","floor":22},{"not_picked":["Gash+1","Redo"],"picked":"Coolheaded+1","floor":24},{"not_picked":["Genetic Algorithm","Stack","Doom and Gloom"],"picked":"SKIP","floor":25},{"not_picked":["Hologram","Barrage+1"],"picked":"Go for the Eyes","floor":30}],"player_experience":448489,"relics_obtained":[{"floor":9,"key":"Bag of Preparation"},{"floor":24,"key":"Boot"},{"floor":26,"key":"Unceasing Top"}],"event_choices":[{"damage_healed":0,"gold_gain":0,"player_choice":"2 cards matched","damage_taken":0,"max_hp_gain":0,"max_hp_loss":0,"event_name":"Match and Keep!","floor":10,"gold_loss":0,"cards_obtained":["Zap","White Noise"]},{"damage_healed":0,"gold_gain":180,"player_choice":"GOLD GOLD ","damage_taken":24,"max_hp_gain":0,"max_hp_loss":0,"event_name":"Knowing Skull","floor":19,"potions_obtained":[],"gold_loss":0,"cards_obtained":[]},{"damage_healed":0,"gold_gain":0,"player_choice":"Fight","damage_taken":0,"max_hp_gain":0,"max_hp_loss":0,"event_name":"Colosseum","floor":28,"gold_loss":0},{"damage_healed":0,"gold_gain":0,"player_choice":"Fled From Nobs","damage_taken":0,"max_hp_gain":0,"max_hp_loss":0,"event_name":"Colosseum","floor":28,"gold_loss":0},{"damage_healed":0,"gold_gain":0,"player_choice":"Ignored","damage_taken":0,"max_hp_gain":0,"max_hp_loss":0,"event_name":"Vampires","floor":29,"gold_loss":0},{"damage_healed":0,"gold_gain":0,"player_choice":"Stopped","damage_taken":9,"max_hp_gain":0,"max_hp_loss":0,"event_name":"Cursed Tome","floor":31,"gold_loss":0}],"is_beta":false,"boss_relics":[{"not_picked":["Ectoplasm","Tiny House"],"picked":"Sozu"}],"items_purged_floors":[8,20],"is_endless":false,"potions_floor_spawned":[2,4,5,14,21,22,24],"killed_by":"Collector","ascension_level":6}