{"gold_per_floor":[116,128,53,29,29,29,61,79,79,79,89,101,119,145,145,219,219,235,253,268,268],"floor_reached":21,"playtime":976,"items_purged":[],"score":403,"play_id":"cb1f09d6-7b7a-485c-9383-5e5d27cf4f29","local_time":"20181220184347","is_ascension_mode":true,"campfire_choices":[{"data":"Streamline","floor":6.0,"key":"SMITH"},{"data":"Hologram","floor":10.0,"key":"SMITH"},{"data":"Chaos","floor":15.0,"key":"SMITH"}],"neow_cost":"NONE","seed_source_timestamp":0,"circlet_count":0,"master_deck":["AscendersBane","Strike_B","Strike_B","Strike_B","Defend_B","Defend_B","Defend_B","Defend_B","Zap","Dualcast","Streamline+1","Conserve Battery","Hologram+1","Ball Lightning","Go for the Eyes","Hologram","Glacier","Chaos+1","Thunder Strike","FTL+1","BootSequence","Steam"],"special_seed":0,"relics":["Cracked Core","NeowsBlessing","NlothsMask","Bottled Lightning","Cables","Cursed Key"],"potions_floor_usage":[19,21],"damage_taken":[{"damage":0.0,"enemies":"2 Louse","floor":1.0,"turns":1.0},{"damage":0.0,"enemies":"Jaw Worm","floor":2.0,"turns":1.0},{"damage":0.0,"enemies":"Gremlin Nob","floor":7.0,"turns":1.0},{"damage":1.0,"enemies":"Cultist","floor":8.0,"turns":3.0},{"damage":6.0,"enemies":"Blue Slaver","floor":11.0,"turns":2.0},{"damage":0.0,"enemies":"Exordium Wildlife","floor":12.0,"turns":2.0},{"damage":1.0,"enemies":"3 Louse","floor":13.0,"turns":3.0},{"damage":7.0,"enemies":"3 Sentries","floor":14.0,"turns":7.0},{"damage":16,"enemies":"The Guardian","floor":16,"turns":11},{"damage":4,"enemies":"Spheric Guardian","floor":18,"turns":5},{"damage":20,"enemies":"3 Byrds","floor":19,"turns":5},{"damage":35,"enemies":"Snecko","floor":20,"turns":5},{"damage":5,"enemies":"Shelled Parasite and Fungi","floor":21,"turns":3}],"seed_played":"1685587221270348328","potions_obtained":[{"floor":1.0,"key":"SpeedPotion"},{"floor":8.0,"key":"Energy Potion"},{"floor":11.0,"key":"EssenceOfSteel"},{"floor":14.0,"key":"Dexterity Potion"},{"floor":18,"key":"PowerPotion"}],"is_trial":false,"path_per_floor":["M","M","?","$","?","R","E","M","T","R","M","M","M","E","R","B",null,"M","M","M","M"],"character_chosen":"DEFECT","items_purchased":["Conserve Battery"],"campfire_rested":0,"item_purchase_floors":[4],"current_hp_per_floor":[64,64,64,64,64,64,64,63,63,63,57,57,56,49,49,33,62,58,38,3,0],"gold":268,"neow_bonus":"THREE_ENEMY_KILL","is_prod":false,"is_daily":false,"chose_seed":false,"campfire_upgraded":3,"win_rate":0,"timestamp":1545349427,"path_taken":["M","M","?","$","?","R","E","M","T","R","M","M","M","E","R","BOSS","M","M","M","?"],"build_version":"2018-12-13","purchased_purges":0,"victory":false,"max_hp_per_floor":[71,71,71,71,71,71,71,71,71,71,71,71,71,71,71,71,71,71,71,71,71],"card_choices":[{"not_picked":["Barrage","Redo","Aggregate"],"picked":"SKIP","floor":1.0},{"not_picked":["Go for the Eyes","Coolheaded"],"picked":"Streamline","floor":2.0},{"not_picked":["Skim","Hologram","Compile Driver"],"picked":"SKIP","floor":7.0},{"not_picked":["Skim","Compile Driver"],"picked":"Hologram","floor":7.0},{"not_picked":["Skim","Streamline"],"picked":"Ball Lightning","floor":8.0},{"not_picked":["Force Field","Streamline"],"picked":"Go for the Eyes","floor":11.0},{"not_picked":["Stack","Aggregate"],"picked":"Hologram","floor":12.0},{"not_picked":["Turbo","Steam"],"picked":"Glacier","floor":13.0},{"not_picked":["Redo","Static Discharge"],"picked":"Chaos","floor":14.0},{"not_picked":["Hyperbeam","Reboot"],"picked":"Thunder Strike","floor":16},{"not_picked":["Heatsinks","Steam Power"],"picked":"FTL+1","floor":18},{"not_picked":["Skim","Hologram"],"picked":"BootSequence","floor":19},{"not_picked":["Ball Lightning","Barrage+1"],"picked":"Steam","floor":20}],"player_experience":857853,"relics_obtained":[{"floor":7.0,"key":"Bottled Lightning"},{"floor":14.0,"key":"Cables"}],"event_choices":[{"cards_removed":["Strike_B"],"damage_healed":0.0,"max_hp_gain":0.0,"max_hp_loss":0.0,"gold_gain":0.0,"event_name":"The Cleric","player_choice":"Card Removal","floor":3.0,"gold_loss":75.0,"damage_taken":0.0},{"damage_healed":0.0,"max_hp_gain":0.0,"max_hp_loss":0.0,"gold_gain":0.0,"event_name":"FaceTrader","player_choice":"Trade","floor":5.0,"gold_loss":0.0,"damage_taken":0.0,"relics_obtained":["NlothsMask"]}],"is_beta":false,"boss_relics":[{"not_picked":["Calling Bell","Empty Cage"],"picked":"Cursed Key"}],"items_purged_floors":[],"is_endless":false,"potions_floor_spawned":[1,8,11,14,16,18],"killed_by":"Shelled Parasite and Fungi","ascension_level":17}