{"gold_per_floor":[111,111,121,86,86,113,93,121,121,121,132,132,161,161,161,260,260,272,283,134,160,135,135],"floor_reached":23,"playtime":1759,"items_purged":["Strike_B"],"score":357,"play_id":"f9a7afeb-8cfe-4290-8840-2eda33ed6418","local_time":"20181206194805","is_ascension_mode":true,"campfire_choices":[{"data":"Loop","floor":10,"key":"SMITH"},{"data":"Zap","floor":12,"key":"SMITH"},{"floor":15,"key":"REST"}],"neow_cost":"NONE","seed_source_timestamp":3081821295474537,"circlet_count":0,"master_deck":["AscendersBane","Defend_B","Defend_B","Defend_B+1","Defend_B","Zap+1","Dualcast","Streamline+1","Glacier","Loop+1","Hologram","Coolheaded","Core Surge+1","Creative AI","Ball Lightning+1","Leap","Go for the Eyes+1","Coolheaded"],"relics":["Cracked Core","NeowsBlessing","Meat on the Bone","Smiling Mask","Girya","Molten Egg 2","Strawberry","Empty Cage","Red Mask"],"potions_floor_usage":[13,13,18,21],"damage_taken":[{"damage":0,"enemies":"Cultist","floor":1,"turns":1},{"damage":0,"enemies":"2 Louse","floor":3,"turns":1},{"damage":0,"enemies":"Gremlin Nob","floor":6,"turns":1},{"damage":10,"enemies":"Lagavulin","floor":8,"turns":9},{"damage":0,"enemies":"Small Slimes","floor":11,"turns":5},{"damage":36,"enemies":"Gremlin Nob","floor":13,"turns":6},{"damage":19,"enemies":"The Guardian","floor":16,"turns":13},{"damage":12,"enemies":"Spheric Guardian","floor":18,"turns":8},{"damage":23,"enemies":"Chosen","floor":19,"turns":5},{"damage":24,"enemies":"Masked Bandits","floor":21,"turns":4},{"damage":42,"enemies":"Slavers","floor":23,"turns":3}],"seed_played":"6937067995586778260","potions_obtained":[{"floor":6,"key":"LiquidBronze"},{"floor":7,"key":"Regen Potion"},{"floor":8,"key":"EssenceOfSteel"},{"floor":16,"key":"EssenceOfSteel"}],"is_trial":false,"path_per_floor":["M","?","M","$","?","E","?","E","T","R","M","R","E","?","R","B",null,"M","M","$","?","$","E"],"character_chosen":"DEFECT","items_purchased":["Loop","Leap","PowerPotion","Coolheaded"],"campfire_rested":1,"item_purchase_floors":[4,20,20,22],"current_hp_per_floor":[68,68,68,68,53,53,53,43,43,43,43,43,33,33,57,50,74,62,51,51,39,39,0],"gold":135,"neow_bonus":"THREE_ENEMY_KILL","is_prod":false,"is_daily":false,"chose_seed":false,"campfire_upgraded":2,"win_rate":0,"timestamp":1544143685,"path_taken":["M","?","M","?","?","E","?","E","T","R","?","R","E","?","R","BOSS","M","M","$","?","$","E"],"build_version":"2018-11-15","purchased_purges":1,"victory":false,"max_hp_per_floor":[75,75,75,75,75,75,75,75,75,75,75,75,75,82,82,82,82,82,82,82,82,82,82],"card_choices":[{"not_picked":["Rebound","Hologram"],"picked":"Streamline","floor":1},{"not_picked":["Coolheaded","Chill"],"picked":"Glacier","floor":3},{"not_picked":["Gash","Undo"],"picked":"Hologram","floor":6},{"not_picked":["Rebound","Steam Power","Rip and Tear"],"picked":"SKIP","floor":8},{"not_picked":["Gash","Beam Cell"],"picked":"Coolheaded","floor":11},{"not_picked":["Cold Snap","Rip and Tear"],"picked":"Core Surge","floor":13},{"not_picked":["Hyperbeam+1","Reboot"],"picked":"Creative AI","floor":16},{"not_picked":["Beam Cell+1","Doom and Gloom+1"],"picked":"Ball Lightning+1","floor":18},{"not_picked":["Stack+1","Coolheaded","Genetic Algorithm"],"picked":"SKIP","floor":19},{"not_picked":["Double Energy+1","Lockon+1"],"picked":"Go for the Eyes+1","floor":21}],"player_experience":677215,"relics_obtained":[{"floor":6,"key":"Meat on the Bone"},{"floor":8,"key":"Smiling Mask"},{"floor":9,"key":"Girya"},{"floor":13,"key":"Molten Egg 2"},{"floor":21,"key":"Red Mask"}],"event_choices":[{"cards_removed":["Strike_B"],"damage_healed":0,"gold_gain":0,"player_choice":"Offered Basic","damage_taken":0,"max_hp_gain":0,"max_hp_loss":0,"event_name":"Bonfire Elementals","floor":2,"gold_loss":0},{"damage_healed":0,"gold_gain":0,"player_choice":"Entered Light","damage_taken":15,"max_hp_gain":0,"max_hp_loss":0,"event_name":"Shining Light","floor":5,"gold_loss":0,"cards_upgraded":["Streamline","Defend_B"]},{"damage_healed":0,"gold_gain":0,"player_choice":"Bought 1 Potion","damage_taken":0,"max_hp_gain":0,"max_hp_loss":0,"event_name":"The Woman in Blue","floor":7,"gold_loss":0},{"damage_healed":0,"gold_gain":0,"player_choice":"Success","damage_taken":7,"relics_obtained":["Strawberry"],"max_hp_gain":0,"max_hp_loss":0,"event_name":"Scrap Ooze","floor":14,"gold_loss":0},{"damage_healed":0,"gold_gain":0,"player_choice":"Fought Bandits","damage_taken":0,"max_hp_gain":0,"max_hp_loss":0,"event_name":"Masked Bandits","floor":21,"gold_loss":0}],"is_beta":false,"boss_relics":[{"not_picked":["Eternal Feather","Pandora\u0027s Box"],"picked":"Empty Cage"}],"items_purged_floors":[20],"is_endless":false,"potions_floor_spawned":[6,8,16],"killed_by":"Slavers","ascension_level":11}