{"gold_per_floor":[216,231,251,270,290,290,318,318,318,335,206,223,178],"floor_reached":13,"playtime":729,"items_purged":["Strike_R"],"score":89,"play_id":"3373dce4-179d-4394-aaf9-8810ae9d7783","local_time":"20181226085608","is_ascension_mode":false,"campfire_choices":[{"data":"Combust","floor":6,"key":"SMITH"},{"data":"Metallicize","floor":8,"key":"SMITH"}],"neow_cost":"NONE","seed_source_timestamp":32338815951890,"circlet_count":0,"master_deck":["Strike_R","Strike_R","Strike_R","Strike_R","Defend_R","Defend_R","Defend_R","Defend_R","Bash","Flame Barrier","Combust+1","Burning Pact","Metallicize+1","Seeing Red","Headbutt","Pommel Strike","Iron Wave","Feel No Pain"],"relics":["Burning Blood","Letter Opener","Ornamental Fan"],"potions_floor_usage":[7,7],"damage_taken":[{"damage":7,"enemies":"Small Slimes","floor":1,"turns":4},{"damage":5,"enemies":"2 Louse","floor":2,"turns":4},{"damage":6,"enemies":"Jaw Worm","floor":3,"turns":4},{"damage":2,"enemies":"2 Fungi Beasts","floor":4,"turns":3},{"damage":21,"enemies":"Gremlin Gang","floor":5,"turns":5},{"damage":18,"enemies":"Gremlin Nob","floor":7,"turns":5},{"damage":7,"enemies":"Looter","floor":10,"turns":3},{"damage":12,"enemies":"Large Slime","floor":12,"turns":6},{"damage":12,"enemies":"Exordium Thugs","floor":13,"turns":5}],"seed_played":"-4763596567678040933","potions_obtained":[{"floor":1,"key":"Strength Potion"},{"floor":3,"key":"Weak Potion"},{"floor":5,"key":"Energy Potion"}],"is_trial":false,"path_per_floor":["M","M","M","M","M","R","E","R","T","M","$","M","M"],"character_chosen":"IRONCLAD","items_purchased":["Iron Wave"],"campfire_rested":0,"item_purchase_floors":[11],"current_hp_per_floor":[79,80,80,80,65,65,53,53,53,52,52,46,34],"gold":178,"neow_bonus":"HUNDRED_GOLD","is_prod":false,"is_daily":false,"chose_seed":false,"campfire_upgraded":2,"win_rate":0,"timestamp":1545782168,"path_taken":["M","M","M","M","M","R","E","R","T","M","$","M","M"],"build_version":"2018-12-20","purchased_purges":1,"victory":false,"max_hp_per_floor":[80,80,80,80,80,80,80,80,80,80,80,80,80],"card_choices":[{"not_picked":["Clothesline","Rage"],"picked":"Flame Barrier","floor":1},{"not_picked":["Perfected Strike","Cleave"],"picked":"Combust","floor":2},{"not_picked":["Clash","Hemokinesis"],"picked":"Burning Pact","floor":3},{"not_picked":["Evolve","Thunderclap"],"picked":"Metallicize","floor":4},{"not_picked":["Body Slam","Carnage"],"picked":"Seeing Red","floor":5},{"not_picked":["Wild Strike","Cleave"],"picked":"Headbutt","floor":7},{"not_picked":["Seeing Red","Combust"],"picked":"Pommel Strike","floor":10},{"not_picked":["Dark Embrace","Flex"],"picked":"Feel No Pain","floor":12}],"player_experience":74981,"relics_obtained":[{"floor":7,"key":"Letter Opener"},{"floor":9,"key":"Ornamental Fan"}],"event_choices":[],"is_beta":false,"boss_relics":[],"items_purged_floors":[11],"is_endless":false,"potions_floor_spawned":[1,3,5],"killed_by":"Exordium Thugs","ascension_level":0}