{"gold_per_floor":[429,82,97,108,118,118,152,152,152,181,181,208,222,251,251,350,350,365,375,84,99,110,110,143,143,143,143,143,169,169,198,210,320,332,364,34,52,71,90,124,124,153,205,232,232,261,291,323,323,323],"floor_reached":51,"playtime":3973,"items_purged":["Bandage Up"],"score":1231,"play_id":"cc53d60a-9fc4-4698-908f-1d7ffd69a7f6","local_time":"20181215135522","daily_mods":["SealedDeck","Allstar","Red Cards","Colorless Cards","Heirloom","Time Dilation","Flight","DeadlyEvents","Elite Swarm","Lethality"],"is_ascension_mode":false,"campfire_choices":[{"data":"True Grit","floor":6,"key":"SMITH"},{"data":"Apotheosis","floor":8,"key":"SMITH"},{"data":"Demon Form","floor":11,"key":"SMITH"},{"data":"Secret Technique","floor":15,"key":"SMITH"},{"data":"True Grit","floor":23,"key":"SMITH"},{"floor":28,"key":"REST"},{"data":"Wraith Form v2","floor":30,"key":"PURGE"},{"data":"Trip","floor":32,"key":"PURGE"},{"data":"Cleave","floor":41,"key":"SMITH"},{"data":"1","floor":45,"key":"LIFT"},{"floor":49,"key":"REST"}],"neow_cost":"","seed_source_timestamp":0,"circlet_count":0,"master_deck":["Demon Form+1","Echo Form","Jack Of All Trades+1","Headbutt","Heavy Blade+1","Cleave","Iron Wave+1","Cleave+1","Body Slam","True Grit+1","Inflame","Good Instincts","Twin Strike","Body Slam+1","Headbutt","Body Slam","Apotheosis+1","Secret Technique+1","Shrug It Off+1","Cleave","True Grit+1","Body Slam+1","Cleave+1","Anger","Pommel Strike"],"relics":["Burning Blood","Old Coin","Bag of Preparation","Happy Flower","Smiling Mask","Pear","Prayer Wheel","Letter Opener","Black Star","Dodecahedron","Peace Pipe","War Paint","Ancient Tea Set","Lantern","FossilizedHelix","MawBank","Bottled Flame","Busted Crown","Brimstone","Oddly Smooth Stone","Matryoshka","Centennial Puzzle","Champion Belt","Blood Vial","Anchor","Boot","Girya","Regal Pillow","Dream Catcher","Orichalcum","Red Skull","Ice Cream","Whetstone","Pocketwatch"],"potions_floor_usage":[3,10,12,24,27,33,38,39,44,50],"damage_taken":[{"damage":26,"enemies":"2 Louse","floor":1,"turns":4},{"damage":9,"enemies":"Cultist","floor":3,"turns":3},{"damage":14,"enemies":"Jaw Worm","floor":4,"turns":2},{"damage":14,"enemies":"Large Slime","floor":5,"turns":3},{"damage":0,"enemies":"Gremlin Nob","floor":7,"turns":2},{"damage":17,"enemies":"3 Sentries","floor":10,"turns":5},{"damage":12,"enemies":"Lagavulin","floor":12,"turns":3},{"damage":18,"enemies":"Looter","floor":13,"turns":3},{"damage":0,"enemies":"Gremlin Nob","floor":14,"turns":1},{"damage":65,"enemies":"Hexaghost","floor":16,"turns":5},{"damage":1,"enemies":"Spheric Guardian","floor":18,"turns":4},{"damage":16,"enemies":"Chosen","floor":19,"turns":3},{"damage":36,"enemies":"Sentry and Sphere","floor":21,"turns":4},{"damage":23,"enemies":"Centurion and Healer","floor":22,"turns":3},{"damage":12,"enemies":"Gremlin Leader","floor":24,"turns":5},{"damage":27,"enemies":"Slavers","floor":27,"turns":2},{"damage":0,"enemies":"Gremlin Leader","floor":29,"turns":4},{"damage":0,"enemies":"Slavers","floor":31,"turns":1},{"damage":13,"enemies":"Collector","floor":33,"turns":5},{"damage":0,"enemies":"Orb Walker","floor":35,"turns":2},{"damage":8,"enemies":"3 Shapes","floor":37,"turns":2},{"damage":0,"enemies":"Transient","floor":38,"turns":5},{"damage":0,"enemies":"Spire Growth","floor":39,"turns":2},{"damage":0,"enemies":"Nemesis","floor":40,"turns":3},{"damage":0,"enemies":"Reptomancer","floor":42,"turns":1},{"damage":0,"enemies":"Nemesis","floor":44,"turns":2},{"damage":0,"enemies":"Giant Head","floor":46,"turns":4},{"damage":0,"enemies":"Reptomancer","floor":47,"turns":3},{"damage":48,"enemies":"Nemesis","floor":48,"turns":3},{"damage":65,"enemies":"Donu and Deca","floor":50,"turns":5}],"seed_played":"-8782088649076034218","potions_obtained":[{"floor":1,"key":"LiquidBronze"},{"floor":4,"key":"SneckoOil"},{"floor":5,"key":"AttackPotion"},{"floor":7,"key":"EssenceOfSteel"},{"floor":18,"key":"SteroidPotion"},{"floor":22,"key":"SmokeBomb"},{"floor":29,"key":"Poison Potion"},{"floor":31,"key":"FairyPotion"},{"floor":37,"key":"Block Potion"},{"floor":38,"key":"Fire Potion"},{"floor":40,"key":"SneckoOil"},{"floor":46,"key":"Strength Potion"},{"floor":47,"key":"SneckoOil"}],"is_trial":true,"path_per_floor":["M","$","M","M","M","R","E","R","T","E","R","E","M","E","R","B",null,"M","M","$","M","M","R","E","?","T","E","R","E","R","E","R","B",null,"M","$","M","M","M","E","R","E","T","E","R","E","E","E","R","B",null],"character_chosen":"IRONCLAD","items_purchased":["FairyPotion","Bag of Preparation","Twin Strike","Trip","Dodecahedron","Brimstone","Oddly Smooth Stone"],"campfire_rested":2,"item_purchase_floors":[2,2,2,2,20,36,36],"current_hp_per_floor":[64,64,65,57,49,49,59,59,59,62,62,60,54,60,60,7,90,90,80,80,50,33,33,27,27,27,15,42,48,48,54,54,47,90,90,90,88,90,90,90,90,90,90,90,90,90,90,48,90,31],"gold":323,"neow_bonus":"","is_prod":false,"is_daily":false,"chose_seed":false,"campfire_upgraded":6,"win_rate":0,"timestamp":1544853322,"path_taken":["M","$","M","M","M","R","E","R","T","E","R","E","M","E","R","BOSS","M","M","$","M","M","R","E","?","T","?","R","E","R","E","R","BOSS","M","$","M","M","M","E","R","E","T","E","R","E","E","E","R","BOSS"],"build_version":"2018-12-13","purchased_purges":1,"victory":true,"max_hp_per_floor":[80,80,80,80,80,80,80,80,80,90,90,90,90,90,90,90,90,90,90,90,90,90,90,90,90,90,90,90,90,90,90,90,90,90,90,90,90,90,90,90,90,90,90,90,90,90,90,90,90,90],"card_choices":[{"not_picked":["Thunderclap","True Grit"],"picked":"Good Instincts","floor":1},{"not_picked":["Uppercut","Purity"],"picked":"Body Slam","floor":3},{"not_picked":["Havoc","True Grit"],"picked":"Headbutt","floor":4},{"not_picked":["Dark Shackles","Evolve"],"picked":"Body Slam","floor":5},{"not_picked":["Fiend Fire","HandOfGreed"],"picked":"Apotheosis","floor":7},{"not_picked":["Magnetism","Violence","Panache"],"picked":"SKIP","floor":10},{"not_picked":["Thinking Ahead","Metamorphosis"],"picked":"Secret Technique","floor":12},{"not_picked":["Body Slam","Clash"],"picked":"Shrug It Off","floor":13},{"not_picked":["Carnage","Clash"],"picked":"Cleave","floor":13},{"not_picked":["Dark Embrace","Master of Strategy","Transmutation"],"picked":"SKIP","floor":14},{"not_picked":["Power Through","Havoc"],"picked":"True Grit","floor":18},{"not_picked":["Flame Barrier","Headbutt","Impatience"],"picked":"SKIP","floor":18},{"not_picked":["Wild Strike+1","Dark Shackles","Flex"],"picked":"SKIP","floor":19},{"not_picked":["Dark Shackles","Perfected Strike","Wild Strike"],"picked":"SKIP","floor":19},{"not_picked":["Wild Strike","True Grit","Havoc"],"picked":"SKIP","floor":21},{"not_picked":["True Grit","Forethought","Bludgeon"],"picked":"SKIP","floor":21},{"not_picked":["Flex","Cleave+1"],"picked":"Body Slam+1","floor":22},{"not_picked":["PanicButton","True Grit"],"picked":"Cleave+1","floor":22},{"not_picked":["Master of Strategy","Secret Technique","Reaper"],"picked":"SKIP","floor":24},{"not_picked":["Magnetism","Brutality","The Bomb"],"picked":"SKIP","floor":29},{"not_picked":["Bludgeon","Metamorphosis","Master of Strategy"],"picked":"SKIP","floor":31},{"not_picked":["Havoc"],"picked":"SKIP","floor":35},{"not_picked":["Purity"],"picked":"SKIP","floor":35},{"not_picked":[],"picked":"Anger","floor":37},{"not_picked":["Havoc+1"],"picked":"SKIP","floor":37},{"not_picked":[],"picked":"Pommel Strike","floor":38},{"not_picked":["Power Through"],"picked":"SKIP","floor":38},{"not_picked":["Reckless Charge"],"picked":"SKIP","floor":39},{"not_picked":["Flex"],"picked":"SKIP","floor":39},{"not_picked":["Master of Strategy"],"picked":"SKIP","floor":40},{"not_picked":["Immolate"],"picked":"SKIP","floor":42},{"not_picked":["Immolate"],"picked":"SKIP","floor":44},{"not_picked":["Offering"],"picked":"SKIP","floor":46},{"not_picked":["Apotheosis"],"picked":"SKIP","floor":47},{"not_picked":["Transmutation"],"picked":"SKIP","floor":48}],"player_experience":58541,"relics_obtained":[{"floor":7,"key":"Happy Flower"},{"floor":9,"key":"Smiling Mask"},{"floor":10,"key":"Pear"},{"floor":12,"key":"Prayer Wheel"},{"floor":14,"key":"Letter Opener"},{"floor":24,"key":"Peace Pipe"},{"floor":24,"key":"War Paint"},{"floor":26,"key":"Ancient Tea Set"},{"floor":29,"key":"Lantern"},{"floor":29,"key":"FossilizedHelix"},{"floor":31,"key":"MawBank"},{"floor":31,"key":"Bottled Flame"},{"floor":40,"key":"Matryoshka"},{"floor":40,"key":"Centennial Puzzle"},{"floor":42,"key":"Champion Belt"},{"floor":42,"key":"Blood Vial"},{"floor":43,"key":"Anchor"},{"floor":43,"key":"Boot"},{"floor":44,"key":"Girya"},{"floor":44,"key":"Regal Pillow"},{"floor":46,"key":"Dream Catcher"},{"floor":46,"key":"Orichalcum"},{"floor":47,"key":"Red Skull"},{"floor":47,"key":"Ice Cream"},{"floor":48,"key":"Whetstone"},{"floor":48,"key":"Pocketwatch"}],"event_choices":[{"damage_healed":0,"gold_gain":0,"player_choice":"Forge","damage_taken":0,"max_hp_gain":0,"max_hp_loss":0,"event_name":"Accursed Blacksmith","floor":25,"gold_loss":0,"cards_upgraded":["Heavy Blade"]}],"is_beta":false,"boss_relics":[{"not_picked":["Runic Cube","Empty Cage"],"picked":"Black Star"},{"not_picked":["Tiny House","Runic Dome"],"picked":"Busted Crown"}],"items_purged_floors":[20],"is_endless":false,"potions_floor_spawned":[1,4,5,7,18,22,29,31,37,38,40,46,47],"ascension_level":0}