{"gold_per_floor":[109,124,49,49,49,49,79,97,97,97,124,141,161,173,173,173],"floor_reached":16,"playtime":1016,"items_purged":["Strike_R"],"score":102,"play_id":"0d72d3b7-5207-4d1f-843c-d7746131cc2d","local_time":"20181019164228","is_ascension_mode":false,"campfire_choices":[{"data":"True Grit","floor":6,"key":"SMITH"},{"floor":10,"key":"REST"},{"data":"Body Slam","floor":15,"key":"SMITH"}],"neow_cost":"NONE","seed_source_timestamp":23296937831400,"circlet_count":0,"master_deck":["Strike_R","Strike_R","Strike_R","Strike_R","Defend_R","Defend_R","Defend_R","Defend_R","Bash","Blind","True Grit+1","Body Slam+1","True Grit","Cleave"],"relics":["Burning Blood","Matryoshka","Centennial Puzzle","Meat on the Bone","Pen Nib","Odd Mushroom"],"potions_floor_usage":[8,13,16,16],"damage_taken":[{"damage":4,"enemies":"Cultist","floor":1,"turns":3},{"damage":3,"enemies":"Jaw Worm","floor":2,"turns":4},{"damage":47,"enemies":"Lagavulin","floor":7,"turns":14},{"damage":0,"enemies":"2 Louse","floor":8,"turns":3},{"damage":35,"enemies":"The Mushroom Lair","floor":11,"turns":7},{"damage":7,"enemies":"Large Slime","floor":12,"turns":7},{"damage":10,"enemies":"Exordium Thugs","floor":13,"turns":6},{"damage":3,"enemies":"2 Fungi Beasts","floor":14,"turns":4},{"damage":73,"enemies":"The Guardian","floor":16,"turns":14}],"seed_played":"5150165041766341945","potions_obtained":[{"floor":2,"key":"Block Potion"},{"floor":7,"key":"GamblersBrew"},{"floor":12,"key":"Regen Potion"},{"floor":14,"key":"SpeedPotion"}],"is_trial":false,"path_per_floor":["M","M","$","?","$","R","E","M","T","R","?","M","M","M","R"],"character_chosen":"IRONCLAD","items_purchased":[],"campfire_rested":1,"item_purchase_floors":[],"current_hp_per_floor":[80,80,80,55,55,55,14,20,20,44,27,38,48,51,51,0],"gold":173,"neow_bonus":"RANDOM_COLORLESS","is_prod":false,"is_daily":false,"chose_seed":false,"campfire_upgraded":2,"win_rate":0,"timestamp":1539938548,"path_taken":["M","M","$","?","$","R","E","M","T","R","?","M","M","M","R","BOSS"],"build_version":"2018-10-18","purchased_purges":1,"victory":false,"max_hp_per_floor":[80,80,80,80,80,80,80,80,80,80,80,80,80,80,80,80],"card_choices":[{"not_picked":["Uppercut","Sentinel"],"picked":"True Grit","floor":1},{"not_picked":["Thunderclap","Infernal Blade","Flex"],"picked":"SKIP","floor":2},{"not_picked":["Dual Wield","Pummel","Berserk"],"picked":"SKIP","floor":7},{"not_picked":["Clothesline","Clash","Burning Pact"],"picked":"SKIP","floor":8},{"not_picked":["Uppercut","Ghostly Armor"],"picked":"Body Slam","floor":12},{"not_picked":["Twin Strike","Second Wind"],"picked":"True Grit","floor":13},{"not_picked":["Hemokinesis","Clothesline"],"picked":"Cleave","floor":14}],"player_experience":45057,"relics_obtained":[{"floor":7,"key":"Centennial Puzzle"},{"floor":9,"key":"Meat on the Bone"},{"floor":9,"key":"Pen Nib"},{"floor":11,"key":"Odd Mushroom"}],"event_choices":[{"damage_healed":0,"gold_gain":0,"player_choice":"Success","damage_taken":25,"relics_obtained":["Matryoshka"],"max_hp_gain":0,"max_hp_loss":0,"event_name":"Scrap Ooze","floor":4,"gold_loss":0},{"damage_healed":0,"gold_gain":0,"player_choice":"Fought Mushrooms","damage_taken":0,"max_hp_gain":0,"max_hp_loss":0,"event_name":"Mushrooms","floor":11,"gold_loss":0}],"is_beta":false,"boss_relics":[],"items_purged_floors":[3],"is_endless":false,"potions_floor_spawned":[2,7,12,14],"killed_by":"The Guardian","ascension_level":0}