{"gold_per_floor":[118,136,136,146,160,160,170,170,223,242,242,242,260,29,29,128,128,147,166,183,183,213,213,238,238,263,285,312,324,356,379,391,507,519,550,562,311,533,548,548,566,566,589,589,689,700,57,70,70,70],"floor_reached":50,"playtime":2341,"items_purged":["Regret","Strike_R"],"score":556,"play_id":"d5e621fd-9479-4dae-9437-10d6c676710d","local_time":"20190205051233","is_ascension_mode":true,"campfire_choices":[{"data":"Whirlwind","floor":6,"key":"SMITH"},{"data":"Inflame","floor":8,"key":"SMITH"},{"data":"Shockwave","floor":12,"key":"SMITH"},{"data":"Shrug It Off","floor":15,"key":"SMITH"},{"data":"Inflame","floor":23,"key":"SMITH"},{"floor":25,"key":"REST"},{"floor":32,"key":"REST"},{"data":"Bloodletting","floor":40,"key":"SMITH"},{"floor":42,"key":"REST"},{"data":"Offering","floor":44,"key":"SMITH"},{"floor":49,"key":"REST"}],"neow_cost":"NONE","seed_source_timestamp":959087814642944,"circlet_count":0,"master_deck":["Strike_R","Strike_R","Strike_R","Strike_R","Defend_R","Defend_R","Defend_R","Defend_R","Bash","Bloodletting+1","Shockwave+1","Whirlwind+1","Inflame+1","Impervious","Shrug It Off+1","Offering+1","Pommel Strike+1","Inflame+1","Offering","Demon Form","Warcry+1","Double Tap","Limit Break","Iron Wave+1","Metallicize+1","Shrug It Off","Chrysalis"],"relics":["Black Blood","NeowsBlessing","Red Skull","Matryoshka","Orichalcum","Philosopher\u0027s Stone","Red Mask","PreservedInsect","Paper Frog","MawBank","Gremlin Horn","Dodecahedron","Blood Vial","Champion Belt","Lee\u0027s Waffle","Self Forming Clay"],"potions_floor_usage":[5,7,22,22,22,24,30,48,50,50],"damage_taken":[{"damage":0,"enemies":"Jaw Worm","floor":1,"turns":1},{"damage":0,"enemies":"Cultist","floor":2,"turns":1},{"damage":0,"enemies":"2 Louse","floor":4,"turns":1},{"damage":11,"enemies":"2 Fungi Beasts","floor":5,"turns":3},{"damage":8,"enemies":"Looter","floor":7,"turns":2},{"damage":12,"enemies":"3 Louse","floor":10,"turns":3},{"damage":23,"enemies":"Exordium Wildlife","floor":13,"turns":4},{"damage":15,"enemies":"Slime Boss","floor":16,"turns":8},{"damage":9,"enemies":"Chosen","floor":18,"turns":4},{"damage":18,"enemies":"2 Thieves","floor":19,"turns":4},{"damage":17,"enemies":"Centurion and Healer","floor":20,"turns":2},{"damage":11,"enemies":"Masked Bandits","floor":22,"turns":3},{"damage":15,"enemies":"Book of Stabbing","floor":24,"turns":3},{"damage":21,"enemies":"Snecko","floor":27,"turns":5},{"damage":16,"enemies":"Cultist and Chosen","floor":28,"turns":4},{"damage":16,"enemies":"Centurion and Healer","floor":30,"turns":4},{"damage":6,"enemies":"3 Cultists","floor":31,"turns":1},{"damage":31,"enemies":"Collector","floor":33,"turns":5},{"damage":17,"enemies":"3 Shapes","floor":35,"turns":2},{"damage":23,"enemies":"3 Darklings","floor":39,"turns":3},{"damage":28,"enemies":"Writhing Mass","floor":41,"turns":3},{"damage":12,"enemies":"Mind Bloom Boss Battle","floor":45,"turns":5},{"damage":29,"enemies":"Sphere and 2 Shapes","floor":46,"turns":4},{"damage":27,"enemies":"Jaw Worm Horde","floor":48,"turns":3},{"damage":93,"enemies":"Awakened One","floor":50,"turns":7}],"seed_played":"8933206117317281886","potions_obtained":[{"floor":1,"key":"Explosive Potion"},{"floor":2,"key":"Regen Potion"},{"floor":5,"key":"Energy Potion"},{"floor":10,"key":"SpeedPotion"},{"floor":20,"key":"SpeedPotion"},{"floor":22,"key":"SteroidPotion"},{"floor":24,"key":"EssenceOfSteel"},{"floor":30,"key":"Block Potion"},{"floor":45,"key":"FearPotion"},{"floor":48,"key":"Dexterity Potion"}],"is_trial":false,"path_per_floor":["M","M","?","M","M","R","M","R","T","M","?","R","M","$","R","B",null,"M","M","M","?","?","R","E","R","T","M","M","?","M","M","R","B",null,"M","?","$","?","M","R","M","R","T","R","?","M","$","M","R","B"],"character_chosen":"IRONCLAD","items_purchased":["Orichalcum","Limit Break","Lee\u0027s Waffle","Chrysalis","Self Forming Clay"],"campfire_rested":4,"item_purchase_floors":[14,37,47,47,47],"current_hp_per_floor":[80,80,80,80,75,75,73,73,73,67,67,67,50,50,50,41,80,77,65,54,54,58,58,49,73,73,58,48,48,38,38,62,37,80,73,73,73,73,60,60,42,64,64,64,64,47,83,66,83,0],"gold":70,"neow_bonus":"THREE_ENEMY_KILL","is_prod":false,"is_daily":false,"chose_seed":false,"campfire_upgraded":7,"win_rate":0,"timestamp":1549311153,"path_taken":["M","M","?","?","M","R","M","R","T","M","?","R","M","$","R","BOSS","M","M","M","?","?","R","E","R","T","M","M","?","M","M","R","BOSS","M","?","$","?","M","R","M","R","T","R","?","M","$","M","R","BOSS"],"build_version":"2019-01-23","purchased_purges":2,"victory":false,"max_hp_per_floor":[80,80,80,80,80,80,80,80,80,80,80,80,80,80,80,80,80,80,80,80,80,80,80,80,80,80,80,80,80,80,80,80,80,80,80,76,76,76,76,76,76,76,76,76,76,76,83,83,83,83],"card_choices":[{"not_picked":["Armaments","Perfected Strike"],"picked":"Bloodletting","floor":1},{"not_picked":["Reckless Charge","Perfected Strike","Dropkick"],"picked":"SKIP","floor":2},{"not_picked":["Dropkick","Reckless Charge"],"picked":"Shockwave","floor":4},{"not_picked":["Shrug It Off","Twin Strike"],"picked":"Whirlwind","floor":5},{"not_picked":["Heavy Blade","Fire Breathing"],"picked":"Inflame","floor":7},{"not_picked":["Perfected Strike","Rampage"],"picked":"Impervious","floor":10},{"not_picked":["Body Slam","Wild Strike"],"picked":"Shrug It Off","floor":13},{"not_picked":["Exhume","Barricade"],"picked":"Offering","floor":16},{"not_picked":["Body Slam","Clash","Power Through+1"],"picked":"SKIP","floor":18},{"not_picked":["Twin Strike","Body Slam"],"picked":"Pommel Strike+1","floor":19},{"not_picked":["Pommel Strike","Body Slam+1","Thunderclap"],"picked":"SKIP","floor":20},{"not_picked":["Thunderclap","Body Slam+1"],"picked":"Offering","floor":22},{"not_picked":["Blood for Blood","Metallicize"],"picked":"Demon Form","floor":24},{"not_picked":["Carnage+1","Blood for Blood","Iron Wave"],"picked":"SKIP","floor":27},{"not_picked":["Rage","Sword Boomerang"],"picked":"Warcry+1","floor":28},{"not_picked":["Perfected Strike","Pommel Strike","Heavy Blade"],"picked":"SKIP","floor":30},{"not_picked":["Rupture+1","Anger","Infernal Blade"],"picked":"SKIP","floor":31},{"not_picked":["Fiend Fire","Berserk"],"picked":"Double Tap","floor":33},{"not_picked":["Clothesline+1","Clash+1","Thunderclap+1"],"picked":"SKIP","floor":35},{"not_picked":["True Grit","Combust+1","Armaments+1"],"picked":"SKIP","floor":39},{"not_picked":["Havoc","Headbutt"],"picked":"Iron Wave+1","floor":41},{"not_picked":["Warcry","Anger+1"],"picked":"Metallicize+1","floor":45},{"not_picked":["Sever Soul+1","Cleave+1"],"picked":"Shrug It Off","floor":46},{"not_picked":["True Grit","Evolve","Wild Strike+1"],"picked":"SKIP","floor":48}],"player_experience":178586,"relics_obtained":[{"floor":9,"key":"Red Skull"},{"floor":22,"key":"Red Mask"},{"floor":24,"key":"PreservedInsect"},{"floor":26,"key":"Paper Frog"},{"floor":26,"key":"MawBank"},{"floor":43,"key":"Dodecahedron"},{"floor":43,"key":"Blood Vial"},{"floor":45,"key":"Champion Belt"}],"event_choices":[{"damage_healed":0,"gold_gain":0,"player_choice":"Leave","damage_taken":0,"max_hp_gain":0,"max_hp_loss":0,"event_name":"FaceTrader","floor":3,"gold_loss":0},{"damage_healed":0,"gold_gain":0,"player_choice":"Box","damage_taken":0,"relics_obtained":["Matryoshka"],"max_hp_gain":0,"max_hp_loss":0,"event_name":"Big Fish","floor":11,"gold_loss":0,"cards_obtained":["Regret"]},{"damage_healed":0,"gold_gain":0,"player_choice":"Read","damage_taken":0,"max_hp_gain":0,"max_hp_loss":0,"event_name":"The Library","floor":21,"gold_loss":0,"cards_obtained":["Inflame"]},{"damage_healed":0,"gold_gain":0,"player_choice":"Fought Bandits","damage_taken":0,"max_hp_gain":0,"max_hp_loss":0,"event_name":"Masked Bandits","floor":22,"gold_loss":0},{"damage_healed":0,"gold_gain":0,"player_choice":"Opened","damage_taken":0,"relics_obtained":["Gremlin Horn"],"max_hp_gain":0,"max_hp_loss":0,"event_name":"The Mausoleum","floor":29,"gold_loss":0},{"damage_healed":0,"gold_gain":0,"player_choice":"Max HP","damage_taken":0,"max_hp_gain":0,"max_hp_loss":4,"event_name":"Winding Halls","floor":36,"gold_loss":0},{"damage_healed":0,"gold_gain":222,"player_choice":"Wore Mask","damage_taken":0,"max_hp_gain":0,"max_hp_loss":0,"event_name":"Tomb of Lord Red Mask","floor":38,"gold_loss":0},{"damage_healed":0,"gold_gain":0,"player_choice":"Fight","damage_taken":0,"max_hp_gain":0,"max_hp_loss":0,"event_name":"MindBloom","floor":45,"gold_loss":0}],"is_beta":false,"boss_relics":[{"not_picked":["Ectoplasm","Black Star"],"picked":"Philosopher\u0027s Stone"},{"not_picked":["Empty Cage","Calling Bell"],"picked":"Black Blood"}],"items_purged_floors":[14,37],"is_endless":false,"potions_floor_spawned":[1,2,5,10,20,22,24,30,45,48],"killed_by":"Awakened One","ascension_level":2}