{"gold_per_floor":[111,125,125,145,145,184,184,209,209,245,268,308,86,101,101,220,220,233,1,41,41,140,140,180,180,180,80,80,92,119,154,154,251,251,263,279,279,501,147,173,198,198,246,246,246,257,12,12,12,12],"floor_reached":51,"playtime":6446,"items_purged":["Strike_G","Defend_G","Bite"],"score":802,"play_id":"10d36ec9-85e5-4b47-8f5a-ae2ddbbf272b","local_time":"20190107210746","is_ascension_mode":false,"campfire_choices":[{"floor":7.0,"key":"REST"},{"floor":15.0,"key":"REST"},{"data":"Footwork","floor":23,"key":"SMITH"},{"data":"Well Laid Plans","floor":28,"key":"SMITH"},{"data":"Acrobatics","floor":32,"key":"SMITH"},{"data":"Adrenaline","floor":42,"key":"SMITH"},{"data":"Neutralize","floor":44,"key":"SMITH"},{"data":"Trip","floor":49,"key":"SMITH"}],"neow_cost":"NONE","seed_source_timestamp":0,"circlet_count":0,"master_deck":["Defend_G","Defend_G","Defend_G+1","Defend_G","Survivor","Neutralize+1","Infinite Blades+1","Backflip+1","Blur","Flying Knee","Acrobatics+1","Flying Knee","Footwork+1","Flash of Steel","Dagger Throw","Leg Sweep+1","Quick Slash","Good Instincts","Slice+1","Bite","Bite","Bite","Bite","Well Laid Plans+1","Adrenaline+1","Trip+1"],"special_seed":0,"relics":["Ring of the Snake","NeowsBlessing","Bloody Idol","Paper Crane","Tough Bandages","Thread and Needle","Strawberry","Lizard Tail","Vajra","Red Mask","Kunai","Blood Vial","Bronze Scales","Boot","Philosopher\u0027s Stone","War Paint","WingedGreaves","Centennial Puzzle","PreservedInsect","Bottled Tornado"],"potions_floor_usage":[18,24,46,46],"damage_taken":[{"damage":0.0,"enemies":"Small Slimes","floor":1.0,"turns":1.0},{"damage":0.0,"enemies":"Cultist","floor":2.0,"turns":1.0},{"damage":0.0,"enemies":"Jaw Worm","floor":4.0,"turns":1.0},{"damage":39.0,"enemies":"3 Sentries","floor":6.0,"turns":13.0},{"damage":6.0,"enemies":"Exordium Thugs","floor":8.0,"turns":7.0},{"damage":11.0,"enemies":"Lagavulin","floor":10.0,"turns":12.0},{"damage":0.0,"enemies":"Large Slime","floor":11.0,"turns":8.0},{"damage":7.0,"enemies":"Gremlin Nob","floor":12.0,"turns":5.0},{"damage":1.0,"enemies":"2 Fungi Beasts","floor":14.0,"turns":3.0},{"damage":19.0,"enemies":"Hexaghost","floor":16.0,"turns":15.0},{"damage":0,"enemies":"Chosen","floor":18,"turns":7},{"damage":47,"enemies":"Masked Bandits","floor":20,"turns":9},{"damage":0,"enemies":"Book of Stabbing","floor":24,"turns":7},{"damage":0,"enemies":"Shell Parasite","floor":29,"turns":7},{"damage":20,"enemies":"Gremlin Leader","floor":31,"turns":8},{"damage":13,"enemies":"Collector","floor":33,"turns":18},{"damage":0,"enemies":"Orb Walker","floor":35,"turns":4},{"damage":5,"enemies":"3 Darklings","floor":36,"turns":5},{"damage":0,"enemies":"Giant Head","floor":40,"turns":12},{"damage":0,"enemies":"4 Shapes","floor":46,"turns":4},{"damage":3,"enemies":"Donu and Deca","floor":50,"turns":16}],"seed_played":"-4441975714669409441","potions_obtained":[{"floor":8.0,"key":"EssenceOfSteel"},{"floor":11.0,"key":"Strength Potion"},{"floor":12.0,"key":"AttackPotion"},{"floor":16.0,"key":"Poison Potion"},{"floor":20,"key":"Strength Potion"},{"floor":24,"key":"SmokeBomb"},{"floor":36,"key":"Explosive Potion"}],"is_trial":false,"path_per_floor":["M","M","?","M","?","E","R","M","T","E","M","E","$","M","R","B",null,"M","$","?","?","?","R","E","?","T","$","R","M","T","E","R","B",null,"M","M","?","?","$","E","T","R","T","R","?","M","$","?","R","B",null],"character_chosen":"THE_SILENT","items_purchased":["Flash of Steel","Dagger Throw","Vajra","Good Instincts","War Paint","LiquidBronze","Bottled Tornado"],"campfire_rested":2,"item_purchase_floors":[13,13,19,19,39,39,47],"current_hp_per_floor":[70,70,70,70,53,14,35,29,29,18,18,18,18,17,40,21,77,77,77,30,30,30,30,40,40,40,40,40,53,53,46,46,50,53,53,53,53,53,53,53,53,53,53,53,53,53,53,53,53,53],"gold":12,"neow_bonus":"THREE_ENEMY_KILL","is_prod":false,"is_daily":false,"chose_seed":false,"campfire_upgraded":6,"win_rate":0.0,"timestamp":1546866466,"path_taken":["M","M","?","?","?","E","R","M","T","E","M","E","?","M","R","BOSS","M","$","?","?","?","R","E","?","T","$","R","M","?","E","R","BOSS","M","M","?","?","?","E","?","R","T","R","?","?","$","?","R","BOSS"],"build_version":"2019-01-03v4","purchased_purges":3,"victory":true,"max_hp_per_floor":[70,70,70,70,70,70,70,70,70,70,70,77,77,77,77,77,77,77,77,77,53,53,53,53,53,53,53,53,53,53,53,53,53,53,53,53,53,53,53,53,53,53,53,53,53,53,53,53,53,53],"card_choices":[{"not_picked":["PiercingWail","Quick Slash"],"picked":"Backflip","floor":1.0},{"not_picked":["Riddle With Holes","Dodge and Roll"],"picked":"Infinite Blades","floor":2.0},{"not_picked":["Sucker Punch","Prepared"],"picked":"Backflip","floor":4.0},{"not_picked":["Poisoned Stab","Prepared"],"picked":"Blur","floor":6.0},{"not_picked":["Backflip","Corpse Explosion"],"picked":"Flying Knee","floor":8.0},{"not_picked":["Calculated Gamble","PiercingWail"],"picked":"Acrobatics","floor":10.0},{"not_picked":["Outmaneuver","Choke"],"picked":"Flying Knee","floor":11.0},{"not_picked":["Acrobatics","Deadly Poison"],"picked":"Footwork","floor":12.0},{"not_picked":["Distraction","PiercingWail"],"picked":"Leg Sweep","floor":14.0},{"not_picked":["Crippling Poison","Distraction"],"picked":"Quick Slash","floor":18},{"not_picked":["Deadly Poison+1","PiercingWail+1"],"picked":"Slice+1","floor":20},{"not_picked":["Sucker Punch","Noxious Fumes"],"picked":"Well Laid Plans","floor":24},{"not_picked":["Prepared","Endless Agony","Bane"],"picked":"SKIP","floor":29},{"not_picked":["Escape Plan","Crippling Poison","Flying Knee+1"],"picked":"SKIP","floor":31},{"not_picked":["Bullet Time","A Thousand Cuts"],"picked":"Adrenaline","floor":33},{"not_picked":["Prepared+1","Flying Knee","Deadly Poison+1"],"picked":"SKIP","floor":35},{"not_picked":["Outmaneuver+1","Bouncing Flask","Dagger Throw+1"],"picked":"SKIP","floor":36},{"not_picked":["Dagger Spray+1","Night Terror","Dodge and Roll"],"picked":"SKIP","floor":40},{"not_picked":["Reflex+1","Finisher+1","Dagger Throw+1"],"picked":"SKIP","floor":46},{"not_picked":["Magnetism","PanicButton"],"picked":"Trip","floor":48}],"player_experience":100573,"relics_obtained":[{"floor":6.0,"key":"Paper Crane"},{"floor":9.0,"key":"Tough Bandages"},{"floor":10.0,"key":"Thread and Needle"},{"floor":12.0,"key":"Strawberry"},{"floor":20,"key":"Red Mask"},{"floor":24,"key":"Kunai"},{"floor":26,"key":"Blood Vial"},{"floor":30,"key":"Bronze Scales"},{"floor":31,"key":"Boot"},{"floor":40,"key":"WingedGreaves"},{"floor":41,"key":"Centennial Puzzle"},{"floor":43,"key":"PreservedInsect"}],"event_choices":[{"damage_healed":0.0,"max_hp_gain":0.0,"max_hp_loss":0.0,"gold_gain":0.0,"event_name":"Upgrade Shrine","player_choice":"Upgraded","floor":3.0,"gold_loss":0.0,"damage_taken":0.0,"cards_upgraded":["Infinite Blades"]},{"damage_healed":0.0,"max_hp_gain":0.0,"max_hp_loss":0.0,"gold_gain":0.0,"event_name":"Golden Idol","player_choice":"Take Damage","floor":5.0,"gold_loss":0.0,"damage_taken":17.0,"relics_obtained":["Golden Idol"]},{"damage_healed":0,"gold_gain":0,"player_choice":"Fought Bandits","damage_taken":0,"max_hp_gain":0,"max_hp_loss":0,"event_name":"Masked Bandits","floor":20,"gold_loss":0},{"damage_healed":0,"gold_gain":0,"player_choice":"Became a vampire","damage_taken":0,"max_hp_gain":0,"max_hp_loss":24,"event_name":"Vampires","floor":21,"gold_loss":0,"cards_obtained":["Bite","Bite","Bite","Bite","Bite"]},{"damage_healed":0,"gold_gain":99,"player_choice":"Stole From Cult","damage_taken":0,"max_hp_gain":0,"max_hp_loss":0,"event_name":"Nest","floor":22,"gold_loss":0},{"damage_healed":0,"gold_gain":0,"player_choice":"Gave Idol","damage_taken":0,"relics_obtained":["Bloody Idol"],"max_hp_gain":0,"max_hp_loss":0,"event_name":"Forgotten Altar","floor":25,"relics_lost":["Golden Idol"],"gold_loss":0},{"cards_removed":["Backflip"],"damage_healed":0,"gold_gain":0,"player_choice":"Removed Skill","damage_taken":0,"max_hp_gain":0,"max_hp_loss":0,"event_name":"Falling","floor":37,"gold_loss":0},{"damage_healed":0,"gold_gain":222,"player_choice":"Wore Mask","damage_taken":0,"max_hp_gain":0,"max_hp_loss":0,"event_name":"Tomb of Lord Red Mask","floor":38,"gold_loss":0},{"damage_healed":0,"gold_gain":0,"player_choice":"Upgraded","damage_taken":0,"max_hp_gain":0,"max_hp_loss":0,"event_name":"Upgrade Shrine","floor":45,"gold_loss":0,"cards_upgraded":["Leg Sweep"]},{"damage_healed":0,"gold_gain":0,"player_choice":"Memory 1","damage_taken":0,"max_hp_gain":0,"max_hp_loss":0,"event_name":"SensoryStone","floor":48,"gold_loss":0}],"is_beta":false,"boss_relics":[{"not_picked":["Ectoplasm","Coffee Dripper"],"picked":"Lizard Tail"},{"not_picked":["Velvet Choker","Tiny House"],"picked":"Philosopher\u0027s Stone"}],"items_purged_floors":[13,27,39],"is_endless":false,"potions_floor_spawned":[8,11,12,16,20,24,36,40],"ascension_level":0}