{"gold_per_floor":[19,30,43,43,60,71,71,71,117,117,133,133,163,183,183,283,283,296,309,309,327,230,230,241,95,118,135,169,187,187,187,187,283,283,301,317,317],"floor_reached":37,"playtime":2149,"items_purged":["Strike_B","Defend_B"],"score":395,"play_id":"6c84f36d-4c0b-445f-980d-9873e0df8447","local_time":"20181227071758","is_ascension_mode":false,"campfire_choices":[{"data":"Zap","floor":7,"key":"SMITH"},{"data":"Dualcast","floor":10,"key":"SMITH"},{"floor":12,"key":"REST"},{"data":"Sweeping Beam","floor":15,"key":"SMITH"},{"data":"Seek","floor":23,"key":"SMITH"},{"floor":30,"key":"REST"},{"floor":32,"key":"RECALL"}],"neow_cost":"NO_GOLD","seed_source_timestamp":111433224116498,"circlet_count":0,"master_deck":["Strike_B+1","Strike_B","Defend_B","Defend_B","Zap+1","Dualcast+1","Conserve Battery","Conserve Battery","Streamline","Compile Driver+1","Sweeping Beam+1","Core Surge","Conserve Battery","Seek+1","Redo+1","Static Discharge","Ball Lightning","Hologram","Ball Lightning","Leap","Leap","Coolheaded+1","Steam+1","Electrodynamics","Glacier+1"],"relics":["Cracked Core","Matryoshka","Whetstone","Girya","Pantograph","Letter Opener","Bag of Marbles","Meat on the Bone"],"potions_floor_usage":[16,16,16,24,28,33,37],"damage_taken":[{"damage":7,"enemies":"Small Slimes","floor":1,"turns":3},{"damage":3,"enemies":"Jaw Worm","floor":2,"turns":4},{"damage":0,"enemies":"Cultist","floor":3,"turns":4},{"damage":0,"enemies":"Exordium Thugs","floor":5,"turns":3},{"damage":18,"enemies":"Gremlin Gang","floor":6,"turns":4},{"damage":6,"enemies":"Large Slime","floor":11,"turns":3},{"damage":14,"enemies":"Lagavulin","floor":13,"turns":5},{"damage":6,"enemies":"Lots of Slimes","floor":14,"turns":3},{"damage":9,"enemies":"The Guardian","floor":16,"turns":9},{"damage":3,"enemies":"Spheric Guardian","floor":18,"turns":3},{"damage":18,"enemies":"2 Thieves","floor":19,"turns":4},{"damage":9,"enemies":"Snake Plant","floor":21,"turns":3},{"damage":10,"enemies":"Snecko","floor":24,"turns":4},{"damage":3,"enemies":"Cultist and Chosen","floor":27,"turns":4},{"damage":22,"enemies":"Slavers","floor":28,"turns":4},{"damage":9,"enemies":"Sentry and Sphere","floor":29,"turns":4},{"damage":54,"enemies":"Automaton","floor":33,"turns":10},{"damage":10,"enemies":"3 Darklings","floor":35,"turns":4},{"damage":7,"enemies":"Orb Walker","floor":36,"turns":3},{"damage":63,"enemies":"Maw","floor":37,"turns":9}],"seed_played":"5926196475230383673","potions_obtained":[{"floor":3,"key":"Explosive Potion"},{"floor":6,"key":"LiquidBronze"},{"floor":13,"key":"Explosive Potion"},{"floor":16,"key":"Dexterity Potion"},{"floor":18,"key":"Ancient Potion"},{"floor":24,"key":"SteroidPotion"},{"floor":33,"key":"SteroidPotion"},{"floor":36,"key":"SneckoOil"}],"is_trial":false,"path_per_floor":["M","M","M","?","M","M","R","?","T","R","M","R","E","M","R","B",null,"M","M","T","M","$","R","M","$","T","M","E","M","R","?","R","B",null,"M","M","M"],"character_chosen":"DEFECT","items_purchased":["Hologram","Leap"],"campfire_rested":2,"item_purchase_floors":[22,25],"current_hp_per_floor":[68,65,65,65,65,47,47,40,40,40,34,56,42,36,36,27,75,72,54,54,45,45,45,35,35,35,32,10,13,35,35,35,18,75,65,58,0],"gold":317,"neow_bonus":"REMOVE_TWO","is_prod":false,"is_daily":false,"chose_seed":false,"campfire_upgraded":4,"win_rate":0,"timestamp":1545862678,"path_taken":["M","M","M","?","M","M","R","?","T","R","M","R","E","?","R","BOSS","M","?","?","?","$","R","M","$","T","M","E","M","R","?","R","BOSS","M","?","M"],"build_version":"2018-12-20","purchased_purges":2,"victory":false,"max_hp_per_floor":[75,75,75,75,75,75,75,75,75,75,75,75,75,75,75,75,75,75,75,75,75,75,75,75,75,75,75,75,75,75,75,75,75,75,75,75,75],"card_choices":[{"not_picked":["Go for the Eyes","Rebound"],"picked":"Conserve Battery","floor":1},{"not_picked":["Hologram","Stack"],"picked":"Conserve Battery","floor":2},{"not_picked":["Hologram","Barrage"],"picked":"Streamline","floor":3},{"not_picked":["Genetic Algorithm","Hologram"],"picked":"Compile Driver","floor":5},{"not_picked":["Defragment","Reinforced Body","Storm"],"picked":"SKIP","floor":6},{"not_picked":["Hologram","Genetic Algorithm"],"picked":"Sweeping Beam","floor":11},{"not_picked":["Fusion","Double Energy"],"picked":"Core Surge","floor":13},{"not_picked":["Compile Driver","Rebound"],"picked":"Conserve Battery","floor":14},{"not_picked":["Meteor Strike","Rainbow"],"picked":"Seek","floor":16},{"not_picked":["Storm+1","Tempest"],"picked":"Redo+1","floor":18},{"not_picked":["Self Repair","Chill"],"picked":"Static Discharge","floor":19},{"not_picked":["Gash","Sweeping Beam"],"picked":"Ball Lightning","floor":21},{"not_picked":["Beam Cell","Go for the Eyes"],"picked":"Ball Lightning","floor":24},{"not_picked":["Aggregate+1","BootSequence"],"picked":"Leap","floor":27},{"not_picked":["Capacitor","Redo"],"picked":"Coolheaded+1","floor":28},{"not_picked":["Recycle","Fusion"],"picked":"Steam+1","floor":29},{"not_picked":["Multi-Cast","Meteor Strike"],"picked":"Electrodynamics","floor":33},{"not_picked":["Heatsinks","Rebound+1","Stack"],"picked":"SKIP","floor":35},{"not_picked":["Melter+1","Ball Lightning+1"],"picked":"Glacier+1","floor":36}],"player_experience":83876,"relics_obtained":[{"floor":9,"key":"Whetstone"},{"floor":13,"key":"Girya"},{"floor":20,"key":"Pantograph"},{"floor":20,"key":"Letter Opener"},{"floor":26,"key":"Bag of Marbles"},{"floor":28,"key":"Meat on the Bone"}],"event_choices":[{"damage_healed":0,"gold_gain":0,"player_choice":"Ignored","damage_taken":0,"max_hp_gain":0,"max_hp_loss":0,"event_name":"Golden Idol","floor":4,"gold_loss":0},{"damage_healed":0,"gold_gain":0,"player_choice":"Success","damage_taken":7,"relics_obtained":["Matryoshka"],"max_hp_gain":0,"max_hp_loss":0,"event_name":"Scrap Ooze","floor":8,"gold_loss":0},{"damage_healed":0,"gold_gain":0,"player_choice":"Leave","damage_taken":0,"max_hp_gain":0,"max_hp_loss":0,"event_name":"FaceTrader","floor":31,"gold_loss":0}],"is_beta":false,"boss_relics":[{"not_picked":["Sozu","Philosopher\u0027s Stone","Ectoplasm"]},{"not_picked":["Cursed Key","Velvet Choker","Snecko Eye"]}],"items_purged_floors":[22,25],"is_endless":false,"potions_floor_spawned":[3,6,13,16,18,24,33,36],"killed_by":"Maw","ascension_level":0}