{"gold_per_floor":[119,136,147,157,143,143,108,33,33,33,46,62,87,104,104,208,208,224,236,65,65,77,77,77,77,77,77],"floor_reached":27,"playtime":1647,"items_purged":["Strike_B","Strike_B"],"score":232,"play_id":"1248fc2c-c1a2-45cd-b6d5-b1329662df02","local_time":"20181227021145","is_ascension_mode":false,"campfire_choices":[{"data":"Zap","floor":6,"key":"SMITH"},{"data":"Dualcast","floor":10,"key":"SMITH"},{"data":"Go for the Eyes","floor":15,"key":"SMITH"},{"data":"Cold Snap","floor":23,"key":"SMITH"},{"floor":25,"key":"RECALL"}],"neow_cost":"NONE","seed_source_timestamp":93559486991009,"circlet_count":0,"master_deck":["Strike_B","Strike_B","Defend_B","Defend_B","Defend_B","Defend_B","Zap+1","Dualcast+1","FTL","Conserve Battery","Leap","Skim","Hologram","Go for the Eyes+1","Ball Lightning","Cold Snap+1","Cold Snap","All For One","Rebound","Cold Snap","Glacier","Cold Snap+1"],"relics":["Cracked Core","NeowsBlessing","Odd Mushroom","Lizard Tail","Toxic Egg 2"],"potions_floor_usage":[5,16,19,27,27],"damage_taken":[{"damage":0,"enemies":"Cultist","floor":1,"turns":1},{"damage":0,"enemies":"2 Louse","floor":2,"turns":1},{"damage":0,"enemies":"Small Slimes","floor":3,"turns":1},{"damage":9,"enemies":"2 Fungi Beasts","floor":4,"turns":3},{"damage":20,"enemies":"Exordium Thugs","floor":5,"turns":5},{"damage":3,"enemies":"3 Louse","floor":11,"turns":3},{"damage":4,"enemies":"Lots of Slimes","floor":12,"turns":4},{"damage":6,"enemies":"The Mushroom Lair","floor":13,"turns":4},{"damage":0,"enemies":"Large Slime","floor":14,"turns":4},{"damage":3,"enemies":"Slime Boss","floor":16,"turns":9},{"damage":19,"enemies":"2 Thieves","floor":18,"turns":4},{"damage":11,"enemies":"Shell Parasite","floor":19,"turns":5},{"damage":4,"enemies":"Cultist and Chosen","floor":22,"turns":8},{"damage":34,"enemies":"Slavers","floor":27,"turns":8}],"seed_played":"5365505261720411654","potions_obtained":[{"floor":2,"key":"Energy Potion"},{"floor":4,"key":"Explosive Potion"},{"floor":11,"key":"FearPotion"},{"floor":12,"key":"FocusPotion"},{"floor":13,"key":"EssenceOfSteel"},{"floor":18,"key":"EssenceOfSteel"},{"floor":19,"key":"SkillPotion"}],"is_trial":false,"path_per_floor":["M","M","M","M","M","R","?","$","T","R","M","M","?","M","R","B",null,"M","M","$","?","M","R","$","R","T","E"],"character_chosen":"DEFECT","items_purchased":["Glacier"],"campfire_rested":0,"item_purchase_floors":[20],"current_hp_per_floor":[75,75,75,66,46,46,64,64,64,64,61,57,51,51,51,48,75,56,45,45,45,41,41,41,41,41,7],"gold":77,"neow_bonus":"THREE_ENEMY_KILL","is_prod":false,"is_daily":false,"chose_seed":false,"campfire_upgraded":4,"win_rate":0,"timestamp":1545844305,"path_taken":["M","M","M","M","M","R","?","$","T","R","M","M","?","M","R","BOSS","M","M","$","?","?","R","$","R","T","E"],"build_version":"2018-12-20","purchased_purges":2,"victory":false,"max_hp_per_floor":[75,75,75,75,75,75,75,75,75,75,75,75,75,75,75,75,75,75,75,75,75,75,75,75,75,75,75],"card_choices":[{"not_picked":["Hologram","Beam Cell"],"picked":"FTL","floor":1},{"not_picked":["Rebound","Hologram"],"picked":"Conserve Battery","floor":2},{"not_picked":["Coolheaded","Steam"],"picked":"Leap","floor":3},{"not_picked":["Rebound","Beam Cell"],"picked":"Skim","floor":4},{"not_picked":["Sunder","Darkness"],"picked":"Hologram","floor":5},{"not_picked":["BootSequence","Conserve Battery"],"picked":"Go for the Eyes","floor":11},{"not_picked":["Hello World","Fusion"],"picked":"Ball Lightning","floor":12},{"not_picked":["Auto Shields","Steam"],"picked":"Cold Snap","floor":13},{"not_picked":["Compile Driver","Leap"],"picked":"Cold Snap","floor":14},{"not_picked":["Machine Learning","Hyperbeam"],"picked":"All For One","floor":16},{"not_picked":["Loop","Beam Cell"],"picked":"Rebound","floor":18},{"not_picked":["Force Field","Recycle"],"picked":"Cold Snap","floor":19},{"not_picked":["Go for the Eyes","Compile Driver"],"picked":"Cold Snap+1","floor":22}],"player_experience":75710,"relics_obtained":[{"floor":13,"key":"Odd Mushroom"},{"floor":26,"key":"Toxic Egg 2"}],"event_choices":[{"damage_healed":18,"gold_gain":0,"player_choice":"Healed","damage_taken":0,"max_hp_gain":0,"max_hp_loss":0,"event_name":"The Cleric","floor":7,"gold_loss":35},{"damage_healed":0,"gold_gain":0,"player_choice":"Fought Mushrooms","damage_taken":0,"max_hp_gain":0,"max_hp_loss":0,"event_name":"Mushrooms","floor":13,"gold_loss":0},{"damage_healed":0,"gold_gain":0,"player_choice":"0 cards matched","damage_taken":0,"max_hp_gain":0,"max_hp_loss":0,"event_name":"Match and Keep!","floor":21,"gold_loss":0,"cards_obtained":[]}],"is_beta":false,"boss_relics":[{"not_picked":["Velvet Choker","Fusion Hammer"],"picked":"Lizard Tail"}],"items_purged_floors":[8,20],"is_endless":false,"potions_floor_spawned":[2,4,11,12,13,18,19],"killed_by":"Slavers","ascension_level":0}