{"gold_per_floor":[114,114,114,114,39,39,39,39,64,64,102,102,140,159,159,284,284,303,303,328,78,108,108,108,108,133,133,163,163,178,78,78,178,178,193,193,223,445,70,70,70,70,145,160,10,10,40,40,40,40],"floor_reached":51,"playtime":2251,"items_purged":["Strike_R","Strike_R","Pain"],"score":787,"play_id":"1b914ae5-1584-449e-afd6-2754ffc5bca9","local_time":"20190129164702","daily_mods":["Allstar","Flight","DeadlyEvents"],"is_ascension_mode":false,"campfire_choices":[{"floor":6,"key":"REST"},{"data":"Bash","floor":7,"key":"SMITH"},{"data":"Madness","floor":8,"key":"SMITH"},{"data":"Metamorphosis","floor":10,"key":"SMITH"},{"data":"Body Slam","floor":12,"key":"SMITH"},{"floor":15,"key":"REST"},{"floor":23,"key":"REST"},{"data":"Whirlwind","floor":24,"key":"SMITH"},{"data":"Enlightenment","floor":25,"key":"SMITH"},{"data":"Uppercut","floor":27,"key":"SMITH"},{"floor":29,"key":"REST"},{"data":"Master of Strategy","floor":32,"key":"SMITH"},{"data":"Inflame","floor":40,"key":"SMITH"},{"data":"Offering","floor":41,"key":"SMITH"},{"data":"Shrug It Off","floor":42,"key":"SMITH"},{"data":"Finesse","floor":46,"key":"SMITH"},{"data":"Shrug It Off","floor":49,"key":"SMITH"}],"neow_cost":"","seed_source_timestamp":0,"circlet_count":0,"master_deck":["Defend_R","Defend_R","Defend_R","Bash+1","Finesse+1","Madness+1","Master of Strategy+1","Enlightenment+1","Metamorphosis+1","Uppercut+1","Body Slam+1","Whirlwind+1","Iron Wave","Brutality","Shrug It Off+1","Inflame+1","Shrug It Off+1","Pommel Strike+1","Offering+1","Inflame+1","Pommel Strike+1"],"special_seed":17925,"relics":["Burning Blood","Bloody Idol","Oddly Smooth Stone","Boot","Turnip","Mark of Pain","Red Mask","Bottled Lightning","Letter Opener","Pen Nib","Unceasing Top","Empty Cage","WarpedTongs","Centennial Puzzle","Self Forming Clay","Mummified Hand","Orichalcum","Vajra","Pantograph"],"potions_floor_usage":[13,20,20,22,33,50,50],"damage_taken":[{"damage":11,"enemies":"Jaw Worm","floor":1,"turns":3},{"damage":0,"enemies":"Lagavulin","floor":11,"turns":3},{"damage":40,"enemies":"Gremlin Nob","floor":13,"turns":5},{"damage":12,"enemies":"Small Slimes","floor":14,"turns":2},{"damage":37,"enemies":"Hexaghost","floor":16,"turns":5},{"damage":14,"enemies":"Shell Parasite","floor":18,"turns":4},{"damage":35,"enemies":"Masked Bandits","floor":20,"turns":4},{"damage":27,"enemies":"Book of Stabbing","floor":22,"turns":4},{"damage":25,"enemies":"Gremlin Leader","floor":28,"turns":3},{"damage":0,"enemies":"Spheric Guardian","floor":30,"turns":3},{"damage":10,"enemies":"Collector","floor":33,"turns":5},{"damage":6,"enemies":"3 Shapes","floor":35,"turns":2},{"damage":20,"enemies":"Nemesis","floor":37,"turns":4},{"damage":4,"enemies":"3 Darklings","floor":44,"turns":2},{"damage":10,"enemies":"Giant Head","floor":47,"turns":3},{"damage":47,"enemies":"Awakened One","floor":50,"turns":7}],"seed_played":"-7783971571703722258","potions_obtained":[{"floor":1,"key":"SpeedPotion"},{"floor":11,"key":"Ancient Potion"},{"floor":14,"key":"GamblersBrew"},{"floor":18,"key":"Ancient Potion"},{"floor":20,"key":"Fire Potion"},{"floor":37,"key":"Regen Potion"},{"floor":47,"key":"FearPotion"}],"is_trial":false,"path_per_floor":["M","?","?","?","$","R","R","R","T","R","E","R","E","M","R","B",null,"M","?","?","$","E","R","R","R","T","R","E","R","M","$","R","B",null,"M","?","E","?","$","R","R","R","T","M","$","R","E","T","R","B",null],"character_chosen":"IRONCLAD","items_purchased":["Bottled Lightning","Self Forming Clay","Orichalcum"],"campfire_rested":4,"item_purchase_floors":[21,39,45],"current_hp_per_floor":[75,55,48,48,48,72,72,72,72,72,78,78,44,38,62,31,80,72,72,48,48,32,56,56,56,61,61,47,71,80,80,80,80,80,80,80,71,76,76,76,76,76,80,80,80,80,80,80,80,53],"gold":40,"neow_bonus":"","is_prod":false,"is_daily":true,"chose_seed":false,"campfire_upgraded":13,"win_rate":0,"timestamp":1548751622,"path_taken":["M","?","?","?","$","R","R","R","T","R","?","R","?","?","R","BOSS","M","?","?","?","?","R","R","R","T","R","?","R","?","$","R","BOSS","M","?","?","?","$","R","R","R","T","?","$","R","E","?","R","BOSS"],"build_version":"2019-01-23","purchased_purges":3,"victory":true,"max_hp_per_floor":[80,80,80,80,80,80,80,80,80,80,80,80,80,80,80,80,80,80,80,80,80,80,80,80,80,80,80,80,80,80,80,80,80,80,80,80,80,80,80,80,80,80,80,80,80,80,80,80,80,80],"card_choices":[{"not_picked":["Corruption","Sentinel"],"picked":"Uppercut","floor":1},{"not_picked":["Headbutt","Perfected Strike"],"picked":"Body Slam","floor":11},{"not_picked":["Carnage","Disarm"],"picked":"Whirlwind","floor":13},{"not_picked":["Clash","Rampage"],"picked":"Iron Wave","floor":14},{"not_picked":["Immolate","Juggernaut"],"picked":"Brutality","floor":16},{"not_picked":["Flame Barrier","Body Slam"],"picked":"Shrug It Off","floor":18},{"not_picked":["Iron Wave","Flex+1"],"picked":"Inflame+1","floor":22},{"not_picked":["Thunderclap","Berserk"],"picked":"Shrug It Off","floor":28},{"not_picked":["Wild Strike","Perfected Strike+1"],"picked":"Pommel Strike+1","floor":30},{"not_picked":["Impervious","Feed"],"picked":"Offering","floor":33},{"not_picked":["Second Wind","Havoc+1","Sword Boomerang+1"],"picked":"SKIP","floor":35},{"not_picked":["Sever Soul","Bludgeon"],"picked":"Inflame","floor":37},{"not_picked":["Perfected Strike+1","Corruption+1","Sword Boomerang+1"],"picked":"SKIP","floor":44},{"not_picked":["Iron Wave","Clash+1"],"picked":"Pommel Strike+1","floor":47}],"player_experience":294539,"relics_obtained":[{"floor":9,"key":"Oddly Smooth Stone"},{"floor":11,"key":"Boot"},{"floor":13,"key":"Turnip"},{"floor":20,"key":"Red Mask"},{"floor":22,"key":"Letter Opener"},{"floor":26,"key":"Pen Nib"},{"floor":28,"key":"Unceasing Top"},{"floor":37,"key":"Centennial Puzzle"},{"floor":43,"key":"Mummified Hand"},{"floor":47,"key":"Vajra"},{"floor":48,"key":"Pantograph"}],"event_choices":[{"damage_healed":0,"gold_gain":0,"player_choice":"Take Damage","damage_taken":20,"relics_obtained":["Golden Idol"],"max_hp_gain":0,"max_hp_loss":0,"event_name":"Golden Idol","floor":2,"gold_loss":0},{"cards_removed":["Strike_R"],"damage_healed":0,"gold_gain":0,"player_choice":"Card Removal","damage_taken":7,"max_hp_gain":0,"max_hp_loss":0,"event_name":"Golden Wing","floor":3,"gold_loss":0},{"cards_removed":["Strike_R"],"damage_healed":0,"gold_gain":0,"player_choice":"Offered Basic","damage_taken":0,"max_hp_gain":0,"max_hp_loss":0,"event_name":"Bonfire Elementals","floor":4,"gold_loss":0},{"damage_healed":0,"gold_gain":0,"player_choice":"Gave Idol","damage_taken":0,"relics_obtained":["Bloody Idol"],"max_hp_gain":0,"max_hp_loss":0,"event_name":"Forgotten Altar","floor":19,"relics_lost":["Golden Idol"],"gold_loss":0},{"damage_healed":0,"gold_gain":0,"player_choice":"Fought Bandits","damage_taken":0,"max_hp_gain":0,"max_hp_loss":0,"event_name":"Masked Bandits","floor":20,"gold_loss":0},{"damage_healed":0,"gold_gain":0,"player_choice":"Rummage","damage_taken":0,"relics_obtained":["WarpedTongs"],"max_hp_gain":0,"max_hp_loss":0,"event_name":"Accursed Blacksmith","floor":36,"gold_loss":0,"cards_obtained":["Pain"]},{"damage_healed":0,"gold_gain":222,"player_choice":"Wore Mask","damage_taken":0,"max_hp_gain":0,"max_hp_loss":0,"event_name":"Tomb of Lord Red Mask","floor":38,"gold_loss":0}],"is_beta":false,"boss_relics":[{"not_picked":["Orrery","Busted Crown"],"picked":"Mark of Pain"},{"not_picked":["Lizard Tail","Tiny House"],"picked":"Empty Cage"}],"items_purged_floors":[5,31,39],"is_endless":false,"potions_floor_spawned":[1,11,14,18,20,37,47],"ascension_level":0}