{"gold_per_floor":[121,13,33,33,45,74,49,74,74,74,74,74,74,88,88,191,191,207,207,224,27,42,42],"floor_reached":23,"playtime":1054,"items_purged":["Strike_B"],"score":219,"play_id":"74d0c5b3-766f-4914-b026-ad66dbc782c0","local_time":"20190127212722","is_ascension_mode":true,"campfire_choices":[{"floor":10,"key":"REST"},{"floor":12,"key":"REST"},{"floor":15,"key":"REST"}],"neow_cost":"NONE","seed_source_timestamp":18326360518600,"circlet_count":0,"master_deck":["Strike_B","Strike_B+1","Defend_B","Defend_B","Defend_B","Defend_B","Zap","Dualcast","Storm","Defragment","Turbo","Self Repair","Heatsinks+1","Heatsinks","Turbo","White Noise","Cold Snap","BootSequence","Hologram","Loop","Electrodynamics","Ball Lightning+1","FTL","Chill","Coolheaded","Hologram"],"relics":["Cracked Core","MawBank","Dream Catcher","Incense Burner","Symbiotic Virus","Pantograph","Inserter"],"potions_floor_usage":[6,6,8,16],"damage_taken":[{"damage":5,"enemies":"Small Slimes","floor":1,"turns":3},{"damage":7,"enemies":"Jaw Worm","floor":3,"turns":3},{"damage":15,"enemies":"2 Louse","floor":5,"turns":3},{"damage":40,"enemies":"3 Sentries","floor":6,"turns":5},{"damage":34,"enemies":"Lagavulin","floor":8,"turns":7},{"damage":19,"enemies":"Exordium Thugs","floor":14,"turns":4},{"damage":23,"enemies":"Hexaghost","floor":16,"turns":12},{"damage":16,"enemies":"Chosen","floor":18,"turns":5},{"damage":10,"enemies":"Shell Parasite","floor":20,"turns":4},{"damage":22,"enemies":"Snake Plant","floor":22,"turns":5},{"damage":57,"enemies":"Gremlin Leader","floor":23,"turns":5}],"seed_played":"-1027954859405388942","potions_obtained":[{"floor":1,"key":"AttackPotion"},{"floor":3,"key":"Regen Potion"},{"floor":5,"key":"SpeedPotion"},{"floor":14,"key":"GamblersBrew"}],"is_trial":false,"path_per_floor":["M","$","M","?","M","E","$","E","T","R","T","R","?","M","R","B",null,"M","?","M","$","M","E"],"character_chosen":"DEFECT","items_purchased":["Defragment","Turbo","Turbo","Chill","Coolheaded"],"campfire_rested":3,"item_purchase_floors":[2,2,7,21,21],"current_hp_per_floor":[70,70,63,63,55,36,36,9,9,31,31,53,38,26,48,57,75,66,66,63,63,48,0],"gold":42,"neow_bonus":"RANDOM_COMMON_RELIC","is_prod":false,"is_daily":false,"chose_seed":false,"campfire_upgraded":0,"win_rate":0,"timestamp":1548595642,"path_taken":["M","$","M","?","M","E","$","E","T","R","?","R","?","M","R","BOSS","M","?","M","?","M","E"],"build_version":"2019-01-23","purchased_purges":1,"victory":false,"max_hp_per_floor":[75,75,75,75,75,75,75,75,75,75,75,75,75,75,75,75,75,75,75,75,75,75,75],"card_choices":[{"not_picked":["Heatsinks","Blizzard"],"picked":"Storm","floor":1},{"not_picked":["Coolheaded","Sunder"],"picked":"Self Repair","floor":3},{"not_picked":["Leap","Ball Lightning"],"picked":"Heatsinks","floor":5},{"not_picked":["Sweeping Beam","Reinforced Body"],"picked":"Heatsinks","floor":6},{"not_picked":["Meteor Strike","Go for the Eyes"],"picked":"White Noise","floor":8},{"not_picked":["Sweeping Beam","Auto Shields"],"picked":"Cold Snap","floor":10},{"not_picked":["Barrage","Leap"],"picked":"BootSequence","floor":12},{"not_picked":["Sweeping Beam","Thunder Strike"],"picked":"Hologram","floor":14},{"not_picked":["Sweeping Beam","Ball Lightning"],"picked":"Loop","floor":15},{"not_picked":["Biased Cognition","All For One"],"picked":"Electrodynamics","floor":16},{"not_picked":["Stack","Beam Cell"],"picked":"Ball Lightning+1","floor":18},{"not_picked":["Conserve Battery","Hologram"],"picked":"FTL","floor":20},{"not_picked":["Rebound","Sweeping Beam"],"picked":"Hologram","floor":22}],"player_experience":284071,"relics_obtained":[{"floor":6,"key":"Dream Catcher"},{"floor":8,"key":"Incense Burner"},{"floor":9,"key":"Symbiotic Virus"},{"floor":11,"key":"Pantograph"}],"event_choices":[{"damage_healed":0,"gold_gain":0,"player_choice":"Leave","damage_taken":0,"max_hp_gain":0,"max_hp_loss":0,"event_name":"The Cleric","floor":4,"gold_loss":0},{"damage_healed":0,"gold_gain":0,"player_choice":"Entered Light","damage_taken":15,"max_hp_gain":0,"max_hp_loss":0,"event_name":"Shining Light","floor":13,"gold_loss":0,"cards_upgraded":["Strike_B","Heatsinks"]},{"cards_removed":["Strike_B"],"damage_healed":0,"gold_gain":0,"player_choice":"Offered Basic","damage_taken":0,"max_hp_gain":0,"max_hp_loss":0,"event_name":"Bonfire Elementals","floor":19,"gold_loss":0}],"is_beta":false,"boss_relics":[{"not_picked":["Lizard Tail","Eternal Feather"],"picked":"Inserter"}],"items_purged_floors":[21],"is_endless":false,"potions_floor_spawned":[1,3,5,14],"killed_by":"Gremlin Leader","ascension_level":2}