{"gold_per_floor":[111,122,72,83,103,132,132,151,151,151,163,192,207,219,219,324,324,340,24,40,40,53,53,53],"floor_reached":24,"playtime":1509,"items_purged":[],"score":212,"play_id":"396177b5-fafe-480d-93c6-c784872c24cd","local_time":"20190204200427","is_ascension_mode":false,"campfire_choices":[{"floor":7,"key":"REST"},{"data":"Pommel Strike","floor":10,"key":"SMITH"},{"data":"Evolve","floor":15,"key":"SMITH"},{"floor":23,"key":"REST"}],"neow_cost":"NONE","seed_source_timestamp":30083088477700,"circlet_count":0,"master_deck":["Bash+1","Shrug It Off","Cleave","Pommel Strike+1","Evolve+1","Uppercut+1","Heavy Blade+1","Flex","Reaper+1","Body Slam+1","Pommel Strike+1","Fiend Fire+1","Fire Breathing","Fire Breathing","Bludgeon+1","Intimidate+1","Pommel Strike+1","Metallicize","Evolve","Perfected Strike+1","Chrysalis+1","Whirlwind+1","Corruption","Disarm+1"],"relics":["Burning Blood","Molten Egg 2","Toxic Egg 2","Pandora\u0027s Box"],"potions_floor_usage":[6,12,16,20,24],"damage_taken":[{"damage":0,"enemies":"2 Louse","floor":1,"turns":3},{"damage":6,"enemies":"Jaw Worm","floor":2,"turns":3},{"damage":0,"enemies":"Cultist","floor":4,"turns":3},{"damage":21,"enemies":"Exordium Wildlife","floor":5,"turns":5},{"damage":23,"enemies":"Gremlin Nob","floor":6,"turns":5},{"damage":8,"enemies":"3 Louse","floor":8,"turns":3},{"damage":2,"enemies":"Exordium Thugs","floor":11,"turns":5},{"damage":25,"enemies":"Lagavulin","floor":12,"turns":4},{"damage":8,"enemies":"Red Slaver","floor":13,"turns":3},{"damage":2,"enemies":"3 Louse","floor":14,"turns":2},{"damage":44,"enemies":"Slime Boss","floor":16,"turns":11},{"damage":30,"enemies":"2 Thieves","floor":18,"turns":3},{"damage":29,"enemies":"3 Byrds","floor":20,"turns":4},{"damage":21,"enemies":"Snake Plant","floor":22,"turns":5},{"damage":74,"enemies":"Gremlin Leader","floor":24,"turns":8}],"seed_played":"6417927066372349315","potions_obtained":[{"floor":1,"key":"SpeedPotion"},{"floor":11,"key":"PowerPotion"},{"floor":12,"key":"Block Potion"},{"floor":13,"key":"LiquidBronze"},{"floor":22,"key":"Regen Potion"}],"is_trial":false,"path_per_floor":["M","M","?","M","M","E","R","M","T","R","M","E","M","M","R","B",null,"M","$","M","?","M","R","E"],"character_chosen":"IRONCLAD","items_purchased":["Chrysalis+1","Whirlwind+1","Corruption"],"campfire_rested":2,"item_purchase_floors":[19,19,19],"current_hp_per_floor":[80,80,80,80,65,48,72,70,70,70,74,55,60,64,64,33,80,56,56,37,37,25,49,0],"gold":53,"neow_bonus":"UPGRADE_CARD","is_prod":false,"is_daily":false,"chose_seed":false,"campfire_upgraded":2,"win_rate":0,"timestamp":1549281867,"path_taken":["M","M","?","M","M","E","R","M","T","R","M","E","M","M","R","BOSS","M","$","M","?","M","R","E"],"build_version":"2019-01-23","purchased_purges":0,"victory":false,"max_hp_per_floor":[80,80,80,80,80,80,80,80,80,80,80,80,80,80,80,80,80,80,80,80,80,80,80,80],"card_choices":[{"not_picked":["Uppercut","Thunderclap"],"picked":"Shrug It Off","floor":1},{"not_picked":["Sever Soul","Heavy Blade"],"picked":"Cleave","floor":2},{"not_picked":["True Grit","Searing Blow"],"picked":"Pommel Strike","floor":4},{"not_picked":["Armaments","Twin Strike"],"picked":"Evolve","floor":5},{"not_picked":["Fire Breathing","Double Tap"],"picked":"Uppercut","floor":6},{"not_picked":["Burning Pact","Twin Strike+1"],"picked":"Heavy Blade+1","floor":8},{"not_picked":["Power Through","Bloodletting"],"picked":"Flex","floor":11},{"not_picked":["Cleave+1","Iron Wave+1"],"picked":"Reaper+1","floor":12},{"not_picked":["Shockwave+1","Pommel Strike+1"],"picked":"Body Slam+1","floor":13},{"not_picked":["Twin Strike+1","Rage+1"],"picked":"Pommel Strike+1","floor":14},{"not_picked":["Immolate+1","Bludgeon+1"],"picked":"Fiend Fire+1","floor":16},{"not_picked":["Thunderclap+1","Evolve+1","Perfected Strike+1"],"picked":"SKIP","floor":18},{"not_picked":["Sentinel+1","Pommel Strike+1","Clash+1"],"picked":"SKIP","floor":20},{"not_picked":["Pommel Strike+1","Hemokinesis+1"],"picked":"Disarm+1","floor":22}],"player_experience":341276,"relics_obtained":[{"floor":6,"key":"Molten Egg 2"},{"floor":12,"key":"Toxic Egg 2"}],"event_choices":[{"cards_removed":["Strike_R"],"damage_healed":0,"gold_gain":0,"player_choice":"Card Removal","damage_taken":0,"max_hp_gain":0,"max_hp_loss":0,"event_name":"The Cleric","floor":3,"gold_loss":50},{"damage_healed":0,"gold_gain":0,"player_choice":"Ignored","damage_taken":0,"max_hp_gain":0,"max_hp_loss":0,"event_name":"Beggar","floor":21,"gold_loss":0}],"is_beta":false,"boss_relics":[{"not_picked":["White Beast Statue","Coffee Dripper"],"picked":"Pandora\u0027s Box"}],"items_purged_floors":[],"is_endless":false,"potions_floor_spawned":[1,11,12,13,22],"killed_by":"Gremlin Leader","ascension_level":0}