{"gold_per_floor":[110,110,90,104,104,104,116,116,170,170,189,202,229,190,190,190],"floor_reached":16,"playtime":1118,"items_purged":[],"score":100,"play_id":"c86dec0d-02ce-42f8-ad0f-b30a0c4ab620","local_time":"20181223012120","is_ascension_mode":false,"campfire_choices":[{"data":"Finisher","floor":6,"key":"SMITH"},{"floor":8,"key":"REST"},{"floor":10,"key":"REST"},{"floor":15,"key":"REST"}],"neow_cost":"NONE","seed_source_timestamp":141408546076131,"circlet_count":0,"master_deck":["Defend_G+1","Defend_G","Defend_G","Defend_G","Defend_G","Strike_G","Strike_G+1","Strike_G","Strike_G","Strike_G","Survivor","Neutralize","Finisher+1","Leg Sweep","Poisoned Stab","Masterful Stab","Crippling Poison","Blur"],"relics":["Ring of the Snake","Oddly Smooth Stone","Molten Egg 2"],"potions_floor_usage":[13,16,16],"damage_taken":[{"damage":2,"enemies":"Jaw Worm","floor":1,"turns":4},{"damage":9,"enemies":"Cultist","floor":4,"turns":5},{"damage":17,"enemies":"Small Slimes","floor":7,"turns":3},{"damage":8,"enemies":"3 Louse","floor":11,"turns":3},{"damage":0,"enemies":"2 Fungi Beasts","floor":12,"turns":3},{"damage":30,"enemies":"3 Sentries","floor":13,"turns":12},{"damage":64,"enemies":"Hexaghost","floor":16,"turns":16}],"seed_played":"939432915955037490","potions_obtained":[{"floor":3,"key":"SpeedPotion"},{"floor":11,"key":"SteroidPotion"},{"floor":12,"key":"Strength Potion"}],"is_trial":false,"path_per_floor":["M","?","?","M","?","R","M","R","T","R","M","M","E","?","R","B"],"character_chosen":"THE_SILENT","items_purchased":[],"campfire_rested":3,"item_purchase_floors":[],"current_hp_per_floor":[75,75,75,66,51,51,34,57,57,77,69,69,39,39,62,0],"gold":190,"neow_bonus":"TEN_PERCENT_HP_BONUS","is_prod":false,"is_daily":false,"chose_seed":false,"campfire_upgraded":1,"win_rate":0.0,"timestamp":1545495680,"path_taken":["M","?","?","?","?","R","M","R","T","R","M","M","E","?","R","BOSS"],"build_version":"2018-12-20","purchased_purges":0,"victory":false,"max_hp_per_floor":[77,77,77,77,77,77,77,77,77,77,77,77,77,77,77,77],"card_choices":[{"not_picked":["Deadly Poison","Flying Knee"],"picked":"Finisher","floor":1},{"not_picked":["Calculated Gamble","Dagger Spray"],"picked":"Leg Sweep","floor":4},{"not_picked":["Underhanded Strike","Predator"],"picked":"Poisoned Stab","floor":7},{"not_picked":["Dagger Spray","Acrobatics"],"picked":"Masterful Stab","floor":11},{"not_picked":["Choke","Dash"],"picked":"Crippling Poison","floor":12},{"not_picked":["Leg Sweep","PiercingWail"],"picked":"Blur","floor":13}],"player_experience":1115,"relics_obtained":[{"floor":9,"key":"Oddly Smooth Stone"},{"floor":13,"key":"Molten Egg 2"}],"event_choices":[{"damage_healed":0,"gold_gain":0,"player_choice":"Leave","damage_taken":0,"max_hp_gain":0,"max_hp_loss":0,"event_name":"The Cleric","floor":2,"gold_loss":0},{"damage_healed":0,"gold_gain":0,"player_choice":"Bought 1 Potion","damage_taken":0,"max_hp_gain":0,"max_hp_loss":0,"event_name":"The Woman in Blue","floor":3,"gold_loss":0},{"damage_healed":0,"gold_gain":0,"player_choice":"Entered Light","damage_taken":15,"max_hp_gain":0,"max_hp_loss":0,"event_name":"Shining Light","floor":5,"gold_loss":0,"cards_upgraded":["Defend_G","Strike_G"]},{"damage_healed":0,"gold_gain":0,"player_choice":"Left Gold","damage_taken":0,"max_hp_gain":0,"max_hp_loss":0,"event_name":"World of Goop","floor":14,"gold_loss":39}],"is_beta":false,"boss_relics":[],"items_purged_floors":[],"is_endless":false,"potions_floor_spawned":[11,12],"killed_by":"Hexaghost","ascension_level":0}