{"gold_per_floor":[119,119,1,21,33,33,108,134,157,40,73,73,73,83,83,186,186,200,200,217,236,236,251,262,262,262,279,378,378,34,124,124,224,224,244,262,262,362,412,444,444,462,532,532,548,548,563,43,43,43],"floor_reached":51,"playtime":6047,"items_purged":["Strike_B"],"score":724,"play_id":"1d8859fe-f9c9-4881-bf37-4849b78c58cd","local_time":"20181028155330","is_ascension_mode":true,"campfire_choices":[{"data":"Zap","floor":6,"key":"SMITH"},{"data":"Zap","floor":13,"key":"SMITH"},{"data":"Defragment","floor":15,"key":"SMITH"},{"data":"Loop","floor":25,"key":"SMITH"},{"data":"Defragment","floor":29,"key":"SMITH"},{"data":"Rainbow","floor":32,"key":"SMITH"},{"data":"Self Repair","floor":41,"key":"SMITH"},{"data":"Thinking Ahead","floor":44,"key":"SMITH"},{"data":"Force Field","floor":46,"key":"SMITH"},{"floor":49,"key":"REST"}],"neow_cost":"NONE","seed_source_timestamp":1247687242923407,"circlet_count":0,"master_deck":["Strike_B","Defend_B","Defend_B","Defend_B","Zap+1","Dualcast","Auto Shields","Zap+1","Self Repair+1","Chill","Go for the Eyes","Genetic Algorithm","Ball Lightning","Conserve Battery","Sunder","Hologram","Defragment+1","Rainbow+1","Defragment+1","BootSequence+1","Loop+1","Sweeping Beam+1","Force Field+1","Leap+1","Creative AI","Capacitor+1","Heatsinks+1","Biased Cognition+1","Compile Driver+1","Thinking Ahead+1","Go for the Eyes+1","Chaos+1","Loop+1","Skim+1"],"relics":["Cracked Core","Bag of Marbles","Orichalcum","Boot","Molten Egg 2","Bronze Scales","Nuclear Battery","MutagenicStrength","Happy Flower","Runic Capacitor","Strawberry","Astrolabe","Prayer Wheel","Du-Vu Doll","Frozen Egg 2","Mercury Hourglass","Sundial","Medical Kit"],"potions_floor_usage":[8,14,33,45,50,50],"damage_taken":[{"damage":2,"enemies":"Jaw Worm","floor":1,"turns":3},{"damage":6,"enemies":"Cultist","floor":4,"turns":3},{"damage":5,"enemies":"2 Louse","floor":5,"turns":3},{"damage":11,"enemies":"Gremlin Nob","floor":8,"turns":4},{"damage":2,"enemies":"3 Sentries","floor":11,"turns":7},{"damage":1,"enemies":"Red Slaver","floor":14,"turns":3},{"damage":21,"enemies":"Hexaghost","floor":16,"turns":9},{"damage":8,"enemies":"Spheric Guardian","floor":18,"turns":4},{"damage":0,"enemies":"Chosen","floor":20,"turns":3},{"damage":9,"enemies":"Snake Plant","floor":21,"turns":3},{"damage":9,"enemies":"Chosen and Byrds","floor":23,"turns":5},{"damage":0,"enemies":"Centurion and Healer","floor":24,"turns":7},{"damage":13,"enemies":"Snecko","floor":27,"turns":5},{"damage":47,"enemies":"Collector","floor":33,"turns":9},{"damage":9,"enemies":"Orb Walker","floor":35,"turns":5},{"damage":38,"enemies":"3 Shapes","floor":36,"turns":5},{"damage":0,"enemies":"Mind Bloom Boss Battle","floor":38,"turns":6},{"damage":13,"enemies":"2 Orb Walkers","floor":39,"turns":6},{"damage":10,"enemies":"Nemesis","floor":40,"turns":7},{"damage":4,"enemies":"Spire Growth","floor":42,"turns":5},{"damage":5,"enemies":"Maw","floor":45,"turns":6},{"damage":33,"enemies":"Jaw Worm Horde","floor":47,"turns":4},{"damage":19,"enemies":"Donu and Deca","floor":50,"turns":8}],"seed_played":"-139846464717902210","potions_obtained":[{"floor":4,"key":"AttackPotion"},{"floor":5,"key":"Fire Potion"},{"floor":20,"key":"Regen Potion"},{"floor":33,"key":"LiquidBronze"},{"floor":36,"key":"Ancient Potion"},{"floor":39,"key":"Ancient Potion"},{"floor":40,"key":"Energy Potion"}],"is_trial":false,"path_per_floor":["M","?","$","M","M","R","?","E","T","$","E","?","R","M","R","B",null,"M","?","M","M","?","M","M","R","T","M","?","R","$","?","R","B",null,"M","M","?","?","?","E","R","M","T","R","M","R","M","$","R","B"],"character_chosen":"DEFECT","items_purchased":["Self Repair","Chill","Conserve Battery","Sunder","Runic Capacitor","Strawberry","Sundial","Medical Kit"],"campfire_rested":1,"item_purchase_floors":[3,3,10,10,30,30,48,48],"current_hp_per_floor":[73,73,73,74,75,75,64,60,60,60,65,65,65,71,71,57,75,74,74,75,66,66,64,71,71,71,65,65,65,72,56,56,31,82,80,49,49,63,57,54,54,60,60,60,65,65,32,32,56,47],"gold":43,"neow_bonus":"RANDOM_COMMON_RELIC","is_prod":false,"is_daily":false,"chose_seed":false,"campfire_upgraded":9,"win_rate":0,"timestamp":1540756410,"path_taken":["M","?","$","M","?","R","?","E","T","$","E","?","R","M","R","BOSS","M","?","?","M","?","M","M","R","T","?","?","R","?","?","R","BOSS","M","M","?","?","?","E","R","M","T","R","M","R","M","$","R","BOSS"],"build_version":"2018-10-25v2","purchased_purges":1,"victory":true,"max_hp_per_floor":[75,75,75,75,75,75,75,75,75,75,75,75,75,75,75,75,75,75,75,75,75,75,75,75,75,75,75,75,75,82,82,82,82,82,82,82,82,82,82,82,82,82,82,82,82,82,82,82,82,82],"card_choices":[{"not_picked":["Turbo","Beam Cell"],"picked":"Auto Shields","floor":1},{"not_picked":["Darkness","Gash"],"picked":"Go for the Eyes","floor":4},{"not_picked":["Conserve Battery","White Noise"],"picked":"Genetic Algorithm","floor":5},{"not_picked":["Streamline","Steam"],"picked":"Ball Lightning","floor":8},{"not_picked":["Streamline","Go for the Eyes"],"picked":"Hologram","floor":11},{"not_picked":["Turbo","Chaos"],"picked":"Defragment","floor":14},{"not_picked":["Reboot","Hyperbeam+1"],"picked":"Rainbow","floor":16},{"not_picked":["Turbo","Stack","Leap"],"picked":"SKIP","floor":18},{"not_picked":["Barrage+1","Double Energy+1"],"picked":"Defragment","floor":20},{"not_picked":["Turbo","Multi-Cast"],"picked":"BootSequence+1","floor":21},{"not_picked":["Coolheaded","BootSequence"],"picked":"Sweeping Beam+1","floor":23},{"not_picked":["Tempest","Defragment"],"picked":"Force Field","floor":24},{"not_picked":["Beam Cell+1","Scrape+1"],"picked":"Leap+1","floor":27},{"not_picked":["Multi-Cast","Echo Form"],"picked":"Creative AI","floor":33},{"not_picked":["Streamline+1","Reprogram","Scrape+1"],"picked":"SKIP","floor":35},{"not_picked":["Stack+1","Reprogram"],"picked":"Compile Driver+1","floor":36},{"not_picked":["Dark Shackles","Enlightenment"],"picked":"Thinking Ahead","floor":37},{"not_picked":["Scrape+1","Genetic Algorithm+1"],"picked":"Go for the Eyes+1","floor":38},{"not_picked":["Steam","Lockon+1"],"picked":"Chaos+1","floor":40},{"not_picked":["Fission","Steam+1","Sweeping Beam+1"],"picked":"SKIP","floor":42},{"not_picked":["Rebound+1","Beam Cell+1","Conserve Battery"],"picked":"SKIP","floor":42},{"not_picked":["Hello World+1","Redo+1"],"picked":"Loop+1","floor":45},{"not_picked":["Hologram","Gash+1","Hyperbeam+1"],"picked":"SKIP","floor":45},{"not_picked":["Ball Lightning+1","Compile Driver+1"],"picked":"Skim+1","floor":47},{"not_picked":["FTL+1","Redo","Recycle"],"picked":"SKIP","floor":47}],"player_experience":216135,"relics_obtained":[{"floor":8,"key":"Orichalcum"},{"floor":9,"key":"Boot"},{"floor":11,"key":"Molten Egg 2"},{"floor":12,"key":"Bronze Scales"},{"floor":26,"key":"Happy Flower"},{"floor":38,"key":"Prayer Wheel"},{"floor":39,"key":"Du-Vu Doll"},{"floor":40,"key":"Frozen Egg 2"},{"floor":43,"key":"Mercury Hourglass"}],"event_choices":[{"damage_healed":0,"gold_gain":0,"player_choice":"1 cards matched","damage_taken":0,"max_hp_gain":0,"max_hp_loss":0,"event_name":"Match and Keep!","floor":2,"gold_loss":0,"cards_obtained":["Zap"]},{"damage_healed":0,"gold_gain":75,"player_choice":"Gather Gold","damage_taken":11,"max_hp_gain":0,"max_hp_loss":0,"event_name":"World of Goop","floor":7,"gold_loss":0},{"damage_healed":0,"gold_gain":0,"player_choice":"Relic","damage_taken":0,"max_hp_gain":0,"max_hp_loss":0,"event_name":"Wheel of Change","floor":12,"gold_loss":0},{"damage_healed":0,"gold_gain":0,"player_choice":"Inject Mutagens","damage_taken":0,"relics_obtained":["MutagenicStrength"],"max_hp_gain":0,"max_hp_loss":0,"event_name":"Drug Dealer","floor":19,"gold_loss":0},{"damage_healed":0,"gold_gain":0,"player_choice":"Read","damage_taken":0,"max_hp_gain":0,"max_hp_loss":0,"event_name":"The Library","floor":22,"gold_loss":0,"cards_obtained":["Loop"]},{"damage_healed":0,"gold_gain":99,"player_choice":"Stole From Cult","damage_taken":0,"max_hp_gain":0,"max_hp_loss":0,"event_name":"Nest","floor":28,"gold_loss":0},{"damage_healed":0,"gold_gain":90,"player_choice":"GOLD ","damage_taken":16,"max_hp_gain":0,"max_hp_loss":0,"event_name":"Knowing Skull","floor":31,"potions_obtained":[],"gold_loss":0,"cards_obtained":[]},{"damage_healed":0,"gold_gain":0,"player_choice":"Memory 1","damage_taken":0,"max_hp_gain":0,"max_hp_loss":0,"event_name":"SensoryStone","floor":37,"gold_loss":0},{"damage_healed":0,"gold_gain":0,"player_choice":"Fight","damage_taken":0,"max_hp_gain":0,"max_hp_loss":0,"event_name":"MindBloom","floor":38,"gold_loss":0},{"damage_healed":0,"gold_gain":0,"player_choice":"Fight","damage_taken":0,"max_hp_gain":0,"max_hp_loss":0,"event_name":"Mysterious Sphere","floor":39,"gold_loss":0}],"is_beta":false,"boss_relics":[{"not_picked":["Snecko Eye","Lizard Tail"],"picked":"Nuclear Battery"},{"not_picked":["Pandora\u0027s Box","Calling Bell"],"picked":"Astrolabe"}],"items_purged_floors":[48],"is_endless":false,"potions_floor_spawned":[4,5,20,33,36,39,40],"ascension_level":2}