{"gold_per_floor":[418,418,418,238,252,279,289,307,307,267,277,294,304,316,316,413,413,433,257,277,376,376],"floor_reached":22,"playtime":1781,"items_purged":["Doubt","Shame"],"score":190,"play_id":"7de5b722-706d-4ec2-b4ba-ab7c53d67f0a","local_time":"20190204053845","is_ascension_mode":false,"campfire_choices":[{"floor":15,"key":"REST"}],"neow_cost":"CURSE","seed_source_timestamp":1156591458262852,"circlet_count":0,"master_deck":["Defend_G","Defend_G","Defend_G","Defend_G","Defend_G","Strike_G","Strike_G","Strike_G","Strike_G","Survivor","Neutralize","Quick Slash+1","Poisoned Stab","Deadly Poison","Die Die Die","Dagger Spray","Outmaneuver","All Out Attack","Catalyst","Noxious Fumes","Deadly Poison","Blur","Die Die Die","Clumsy","Injury","Sucker Punch+1","Infinite Blades","Crippling Poison+1"],"relics":["Ring of the Snake","Old Coin","Dodecahedron","Matryoshka","Calling Bell","Ancient Tea Set","Question Card","FossilizedHelix"],"potions_floor_usage":[16,18,22],"damage_taken":[{"damage":0,"enemies":"2 Louse","floor":1,"turns":4},{"damage":0,"enemies":"Cultist","floor":5,"turns":3},{"damage":18,"enemies":"Lagavulin","floor":6,"turns":5},{"damage":0,"enemies":"Small Slimes","floor":7,"turns":2},{"damage":9,"enemies":"Blue Slaver","floor":8,"turns":3},{"damage":7,"enemies":"Looter","floor":11,"turns":3},{"damage":0,"enemies":"Exordium Wildlife","floor":12,"turns":3},{"damage":5,"enemies":"Red Slaver","floor":13,"turns":4},{"damage":7,"enemies":"Blue Slaver","floor":14,"turns":3},{"damage":13,"enemies":"Hexaghost","floor":16,"turns":8},{"damage":30,"enemies":"Spheric Guardian","floor":18,"turns":6},{"damage":27,"enemies":"3 Byrds","floor":20,"turns":5},{"damage":17,"enemies":"Snake Plant","floor":22,"turns":3}],"seed_played":"5104526376975818407","potions_obtained":[{"floor":6,"key":"SpeedPotion"},{"floor":7,"key":"EssenceOfSteel"},{"floor":13,"key":"SteroidPotion"},{"floor":16,"key":"Strength Potion"},{"floor":18,"key":"Swift Potion"}],"is_trial":false,"path_per_floor":["?","?","M","?","?"],"character_chosen":"THE_SILENT","items_purchased":["Poisoned Stab","Deadly Poison","Infinite Blades"],"campfire_rested":1,"item_purchase_floors":[4,4,19],"current_hp_per_floor":[70,63,63,63,63,45,45,36,36,36,29,29,24,17,38,25,70,40,40,13,13,0],"gold":376,"neow_bonus":"ONE_RARE_RELIC","is_prod":false,"is_daily":false,"chose_seed":false,"campfire_upgraded":0,"win_rate":0.0,"timestamp":1549255125,"path_taken":["M","?","?","$","M","E","?","M","T","?","M","M","M","M","R","BOSS","M","$","M","?","M"],"build_version":"2019-01-23","purchased_purges":2,"victory":false,"max_hp_per_floor":[70,70,70,70,70,70,70,70,70,70,70,70,70,70,70,70,70,70,70,70,70,70],"card_choices":[{"not_picked":["Flechettes","Acrobatics"],"picked":"Quick Slash","floor":1},{"not_picked":["Acrobatics","Eviscerate"],"picked":"Die Die Die","floor":5},{"not_picked":["Deflect","Underhanded Strike"],"picked":"Dagger Spray","floor":6},{"not_picked":["Quick Slash","Masterful Stab"],"picked":"Outmaneuver","floor":7},{"not_picked":["Slice","Eviscerate"],"picked":"All Out Attack","floor":8},{"not_picked":["Backflip","Predator"],"picked":"Catalyst","floor":11},{"not_picked":["A Thousand Cuts","All Out Attack"],"picked":"Noxious Fumes","floor":12},{"not_picked":["Finisher","Blade Dance"],"picked":"Deadly Poison","floor":13},{"not_picked":["Dodge and Roll","All Out Attack"],"picked":"Blur","floor":14},{"not_picked":["A Thousand Cuts","Doppelganger"],"picked":"Die Die Die","floor":16},{"not_picked":["Tactician+1","Reflex","Acrobatics"],"picked":"Sucker Punch+1","floor":18},{"not_picked":["Acrobatics","Envenom","Backflip"],"picked":"Crippling Poison+1","floor":20}],"player_experience":23269,"relics_obtained":[{"floor":6,"key":"Dodecahedron"},{"floor":9,"key":"Matryoshka"},{"floor":17,"key":"Ancient Tea Set"},{"floor":17,"key":"Question Card"},{"floor":17,"key":"FossilizedHelix"}],"event_choices":[{"cards_removed":["Strike_G"],"damage_healed":0,"gold_gain":0,"player_choice":"Card Removal","damage_taken":7,"max_hp_gain":0,"max_hp_loss":0,"event_name":"Golden Wing","floor":2,"gold_loss":0},{"damage_healed":0,"gold_gain":0,"player_choice":"Upgraded","damage_taken":0,"max_hp_gain":0,"max_hp_loss":0,"event_name":"Upgrade Shrine","floor":3,"gold_loss":0,"cards_upgraded":["Quick Slash"]},{"damage_healed":0,"gold_gain":0,"player_choice":"Left Gold","damage_taken":0,"max_hp_gain":0,"max_hp_loss":0,"event_name":"World of Goop","floor":10,"gold_loss":40},{"damage_healed":0,"gold_gain":99,"player_choice":"Stole From Cult","damage_taken":0,"max_hp_gain":0,"max_hp_loss":0,"event_name":"Nest","floor":21,"gold_loss":0}],"is_beta":false,"boss_relics":[{"not_picked":["Empty Cage","Tiny House"],"picked":"Calling Bell"}],"items_purged_floors":[4,19],"is_endless":false,"potions_floor_spawned":[6,7,13,16,18],"killed_by":"Snake Plant","ascension_level":0}