{"gold_per_floor":[114,126,47,67,80,80,113,113,113,113,130,158,158,175,175,276,276,294,311,311,311,321,62,62,72,97,196,196],"floor_reached":28,"playtime":3454,"items_purged":["Strike_B"],"score":393,"play_id":"762734f8-ed29-4772-9d91-8243d9d40384","local_time":"20181207152646","is_ascension_mode":true,"campfire_choices":[{"floor":6.0,"key":"REST"},{"data":"Fusion","floor":8.0,"key":"SMITH"},{"data":"Loop","floor":10.0,"key":"SMITH"},{"data":"Zap","floor":13,"key":"SMITH"},{"floor":15,"key":"REST"},{"data":"White Noise","floor":24,"key":"SMITH"}],"neow_cost":"NONE","seed_source_timestamp":0,"circlet_count":0,"master_deck":["AscendersBane","Strike_B","Strike_B","Strike_B","Defend_B","Defend_B","Defend_B","Defend_B","Zap+1","Dualcast","Leap","Tempest","Loop+1","Cold Snap","Ball Lightning","Fusion+1","Chill","Echo Form+1","Leap","Seek","White Noise+1","Ghostly","Ghostly","Ghostly","Ghostly","Ghostly","Barrage","Loop+1","Conserve Battery"],"special_seed":0,"relics":["Cracked Core","Vajra","DataDisk","Juzu Bracelet","Frozen Egg 2","Inserter","Orichalcum","Anchor"],"potions_floor_usage":[14,25,28],"damage_taken":[{"damage":7.0,"enemies":"2 Louse","floor":1.0,"turns":3.0},{"damage":0.0,"enemies":"Small Slimes","floor":2.0,"turns":3.0},{"damage":6.0,"enemies":"Cultist","floor":4.0,"turns":3.0},{"damage":17.0,"enemies":"Exordium Wildlife","floor":5.0,"turns":6.0},{"damage":11.0,"enemies":"Gremlin Nob","floor":7.0,"turns":4.0},{"damage":12.0,"enemies":"2 Fungi Beasts","floor":11.0,"turns":2.0},{"damage":11,"enemies":"Lagavulin","floor":12,"turns":5},{"damage":8,"enemies":"Looter","floor":14,"turns":3},{"damage":27,"enemies":"Slime Boss","floor":16,"turns":10},{"damage":16,"enemies":"Spheric Guardian","floor":18,"turns":4},{"damage":4,"enemies":"3 Byrds","floor":19,"turns":4},{"damage":9,"enemies":"Centurion and Healer","floor":22,"turns":9},{"damage":3,"enemies":"3 Cultists","floor":25,"turns":5},{"damage":36,"enemies":"Gremlin Leader","floor":28,"turns":8}],"seed_played":"-5118029061308414378","potions_obtained":[{"floor":4.0,"key":"Regen Potion"},{"floor":5.0,"key":"Block Potion"},{"floor":11.0,"key":"FearPotion"},{"floor":16,"key":"PowerPotion"},{"floor":19,"key":"Block Potion"},{"floor":25,"key":"FearPotion"}],"is_trial":false,"path_per_floor":["M","M","$","M","M","R","E","R","T","R","M","E","R","M","R","B",null,"M","M","?","?","M","$","R","M","T","?","E"],"character_chosen":"DEFECT","items_purchased":["Loop","Orichalcum","Loop+1"],"campfire_rested":2,"item_purchase_floors":[3,23,23],"current_hp_per_floor":[61,61,61,55,38,60,49,49,49,49,37,26,26,27,49,22,62,46,42,37,37,28,28,28,25,25,25,0],"gold":196,"neow_bonus":"RANDOM_COMMON_RELIC","is_prod":false,"is_daily":false,"chose_seed":false,"campfire_upgraded":4,"win_rate":0,"timestamp":1544214406,"path_taken":["M","M","$","M","M","R","E","R","T","R","M","E","R","M","R","BOSS","M","M","?","?","M","$","R","M","T","?","E"],"build_version":"2018-12-06","purchased_purges":1,"victory":false,"max_hp_per_floor":[75,75,75,75,75,75,75,75,75,75,75,75,75,75,75,75,75,75,75,37,37,37,37,37,37,37,37,37],"card_choices":[{"not_picked":["Barrage","Streamline"],"picked":"Leap","floor":1.0},{"not_picked":["Undo","Streamline"],"picked":"Tempest","floor":2.0},{"not_picked":["Rebound","Barrage"],"picked":"Cold Snap","floor":4.0},{"not_picked":["Doom and Gloom","Stack"],"picked":"Ball Lightning","floor":5.0},{"not_picked":["Machine Learning","Rip and Tear"],"picked":"Fusion","floor":7.0},{"not_picked":["Stack","Genetic Algorithm"],"picked":"Chill","floor":11.0},{"not_picked":["Streamline","Capacitor"],"picked":"Echo Form","floor":12},{"not_picked":["Aggregate","Cold Snap"],"picked":"Leap","floor":14},{"not_picked":["Hyperbeam","Reboot"],"picked":"Seek","floor":16},{"not_picked":["Force Field","Streamline","Rebound"],"picked":"SKIP","floor":18},{"not_picked":["Stack","Hologram"],"picked":"White Noise","floor":19},{"not_picked":["Turbo","Sunder+1"],"picked":"Barrage","floor":22},{"not_picked":["Redo+1","Steam Power"],"picked":"Conserve Battery","floor":25}],"player_experience":703344,"relics_obtained":[{"floor":7.0,"key":"DataDisk"},{"floor":9.0,"key":"Juzu Bracelet"},{"floor":12,"key":"Frozen Egg 2"},{"floor":26,"key":"Anchor"}],"event_choices":[{"damage_healed":0,"gold_gain":0,"player_choice":"Became a Ghost","damage_taken":0,"max_hp_gain":0,"max_hp_loss":38,"event_name":"Ghosts","floor":20,"gold_loss":0,"cards_obtained":["Ghostly","Ghostly","Ghostly","Ghostly","Ghostly"]},{"damage_healed":0,"gold_gain":0,"player_choice":"Ignored","damage_taken":0,"max_hp_gain":0,"max_hp_loss":0,"event_name":"Vampires","floor":21,"gold_loss":0},{"damage_healed":0,"gold_gain":99,"player_choice":"Stole From Cult","damage_taken":0,"max_hp_gain":0,"max_hp_loss":0,"event_name":"Nest","floor":27,"gold_loss":0}],"is_beta":false,"boss_relics":[{"not_picked":["Snecko Eye","Empty Cage"],"picked":"Inserter"}],"items_purged_floors":[23],"is_endless":false,"potions_floor_spawned":[4,5,11,16,19,25],"killed_by":"Gremlin Leader","ascension_level":12}